3694 4871
451 321 659 391 DisP.
708 322 820 389 IX.
869 321 974 387 Da
1023 320 1273 388 S‘rA'ru
1319 321 1790 386 Ennomonun
1837 343 2031 386 ΛΝτΕ
2080 321 2715 391 ΟοΝνΕΒειοΝεΜ.
2908 323 3037 388 253

111 515 346 596 cogunt
393 533 504 574 nos
553 509 632 574 ad
657 509 1082 594 recipiendam
1107 508 1580 574 distinctionem
1601 509 1851 593 gratiae
1876 509 1940 574 in
1966 510 2239 592 primam
2264 533 2371 574 seu
2399 511 2897 596 regenerationis
2920 512 3036 576 ba-

109 599 422 684 ptismalis
447 598 742 663 omnibus
773 597 1116 682 baptizatis
1148 620 1576 674 communem:
1605 601 1650 663 &
1676 599 1742 661 in
1767 598 2107 662 secundam
2134 599 2348 664 electis
2374 599 2725 684 propriam:
2752 599 2938 665 facile
2964 623 3035 665 ac

107 694 246 752 tuto
293 710 406 771 per
452 687 922 752 distinctionem
973 687 1476 771 regenerationis
1525 685 1742 750 stricte
1775 686 2002 765 dictae,
2038 689 2081 753 &
2107 687 2531 752 conversionis
2558 689 2825 752 actualis
2850 696 3036 772 (quae

105 780 374 860 utraque
397 777 548 840 solis
581 776 797 840 electis
823 776 1080 860 propria
1105 776 1228 858 est)
1254 775 1557 859 explicari
1581 779 1865 858 possunt.
1913 775 2011 840 De
2042 797 2165 858 quo
2190 777 2333 840 vide
2362 775 2529 841 infra
2552 775 2716 860 disp.
2742 777 2817 841 de
2850 779 3034 862 Βερο-

101 868 438 931 ueraliotoe.
493 865 825 929 Addantur
878 865 1073 928 etiam
1120 866 1166 930 81
1211 864 1540 948 analogice
1596 863 1720 928 huc
1751 864 2154 947 applicentur
2180 865 2457 930 absurda
2490 865 2622 944 illa,
2652 865 2831 950 [pag.
2860 866 3028 951 410]

103 955 334 1036 quibus
383 954 740 1018 defensores
765 953 1012 1038 gratiae
1039 953 1416 1016 universalis
1442 952 1522 1016 ab
1555 953 1981 1036 antagonistis
2014 952 2145 1016 suis
2168 954 2234 1017 in
2260 955 2423 1037 disp.
2450 955 2525 1018 de
2551 955 2769 1019 merito
2803 953 3037 1020 Christi

100 1043 309 1108 citatis
368 1046 694 1128 urgentur.
743 1042 923 1118 Quod
977 1042 1056 1105 ad
1081 1039 1446 1124 opinionem
1473 1040 1800 1125 Weigelii,
1834 1063 1997 1125 quae
2025 1042 2256 1106 statuit
2282 1065 2501 1107 omnes
2528 1040 2805 1106 infantes
2834 1042 3031 1107 etiam

101 1131 454 1196 infidelium
497 1131 630 1195 sive
685 1131 1114 1209 adolescant&
1143 1129 1310 1194 viam
1335 1129 1732 1193 infidelitatis
1756 1130 2079 1209 insistant,
2106 1131 2238 1194 sive
2264 1131 2329 1194 in
2356 1129 2629 1194 infantia
2654 1131 3031 1208 moriantur,

99 1242 208 1304 per
256 1219 426 1304 Spir.
481 1218 544 1285 S.
593 1219 992 1304 regenerari;
1049 1219 1182 1302 ejus
1229 1218 1506 1282 rationes
1553 1217 1866 1282 refutatas
1898 1218 2039 1282 vide
2072 1219 2241 1302 apud
2269 1219 2411 1284 Joh.
2446 1219 2730 1284 Crocium
2760 1220 2828 1283 in
2853 1221 3027 1286 Anci-

117 1311 403 1394 Weiqelio
421 1319 586 1393 part.
612 1309 668 1372 1.
687 1331 736 1373 e.
768 1309 868 1371 17.
895 1329 1002 1393 qu.
1031 1307 1090 1371 6.
1118 1306 1275 1371 Cum
1304 1328 1426 1390 quo
1451 1305 1724 1372 conferri
1747 1312 2012 1390 possunt
2040 1307 2249 1372 Ριιοοὶἰ
2268 1307 2311 1370 81
2331 1308 2569 1372 Iluberi
2585 1307 3033 1394 Amayoniscae

99 1399 165 1462 in
216 1400 384 1483 disp.
431 1398 506 1462 de
529 1398 747 1462 merito
776 1396 1026 1476 Christi,
1053 1395 1333 1460 indicati.
1383 1393 1548 1458 Sunt
1572 1416 1724 1479 ergo
1751 1395 1963 1458 variae
1988 1395 2343 1460 sententiae
2368 1397 2531 1460 circa
2558 1396 2835 1481 gratiam
2862 1399 2908 1462 ἃ
2933 1419 3032 1461 re-

94 1487 572 1570 generationem
596 1485 958 1550 infantium.
986 1484 1236 1562 Prima,
1275 1481 1598 1568 Weigelii‚
1625 1505 1769 1548 cum
1801 1505 1929 1567 qua
1956 1482 2167 1548 Puccii
2193 1486 2237 1550 81
2263 1483 2509 1548 Huberi
2544 1483 2677 1549 fere
2703 1485 3023 1562 convenit,

95 1595 252 1658 quae
277 1575 575 1640 omnibus
599 1574 972 1652 infantibus,
999 1573 1109 1655 qui
1127 1577 1492 1648 nascuntur,
1514 1571 2059 1656 regenerationem
2082 1573 2127 1637 δι
2146 1573 2420 1657 gratiam
2442 1573 2759 1637 internam
2780 1573 3027 1638 tribuit.

95 1664 386 1730 Secunda
441 1663 929 1728 Socinianorum
975 1663 1021 1728 8⁶
1075 1660 1668 1745 Anabaptistarum,
1730 1681 1893 1744 quae
1946 1660 2141 1725 nullis
2172 1662 2419 1726 tribuit.
2480 1663 2703 1740 Tertia,
2732 1663 2811 1725 ad
2834 1685 3029 1746 quam

93 1752 399 1818 inclinare
451 1752 714 1816 videtur.
765 1754 991 1817 Franc.
1039 1749 1274 1815 lunius
1321 1749 1390 1813 in
1435 1751 1631 1816 collat.
1672 1750 1747 1814 de
1770 1760 2006 1814 natura
2045 1748 2107 1814 ec
2135 1751 2343 1834 qratia
2376 1751 2445 1815 in
2476 1771 2638 1835 resp.
2662 1751 2747 1816 ad
2770 1762 2889 1815 rat.
2921 1753 3028 1815 28.

93 1865 251 1926 quae
297 1842 530 1907 tribuit
578 1841 870 1906 omnibus
909 1838 1264 1903 infantibus
1290 1837 1484 1901 etiam
1511 1840 1690 1902 extra
1723 1838 1851 1902 eccl
1863 1837 2062 1902 esiam
2087 1840 2275 1919 natiS,
2302 1839 2366 1902 in
2400 1839 2673 1903 infantia
2698 1838 3027 1904 morienti-

93 1930 226 1996 bus,
257 1933 524 2013 Quarta,
551 1928 852 2014 anonymi
875 1927 1161 2011 theologi
1188 1926 1408 2010 Angli,
1435 1929 1480 1992 82
1506 1925 1893 1990 Davenantii
1918 1949 1991 1990 ac
2014 1925 2260 2002 Wardi,
2290 1951 2453 2011 quae
2478 1928 2595 1992 sub
2621 1927 3027 1992 distinctione

93 2021 270 2083 modo
329 2019 628 2096 indicata,
681 2017 910 2082 tribuit
963 2015 1258 2080 omnibus
1315 2013 1672 2079 infantibus
1703 2014 2043 2098 baptizatis
2069 2015 2114 2080 &
2148 2016 2211 2079 in
2238 2016 2501 2080 ecclesia
2524 2016 2711 2079 natiS.
2766 2017 3024 2099 Quinta,

91 2105 586 2186 Pontificiorum,
611 2129 773 2191 quae
795 2105 1022 2170 tribuit
1043 2103 1196 2168 solis
1223 2109 1262 2165 81
1287 2103 1581 2168 omnibus
1606 2103 1947 2186 baptizatis
1979 2102 2109 2168 sive
2136 2103 2305 2168 intra
2328 2103 2461 2169 sive
2487 2108 2667 2168 extra
2692 2105 3022 2168 ecclesiam

93 2197 273 2262 natis.
325 2197 529 2274 Sexta,
573 2195 847 2260 Cornelii
893 2193 1142 2277 Burges
1177 2193 1279 2276 (de
1305 2214 1430 2274 quo
1466 2192 1641 2278 infra
1669 2191 1885 2258 Probc.
1922 2191 2011 2274 3.)
2037 2215 2199 2276 quae
2226 2193 2343 2256 sub
2372 2193 2772 2257 distinctione
2797 2193 3025 2258 tribuit

95 2286 387 2350 omnibus
411 2287 456 2352 &
481 2284 632 2348 solis
656 2281 994 2366 baptizatis
1020 2285 1094 2345 ut
1125 2281 1258 2346 scil.
1284 2281 1643 2365 baptismus
1669 2280 1754 2344 sit
1775 2280 2055 2344 medium
2079 2280 2469 2345 ordinarium
2494 2281 3021 2366 regenerationis)

97 2373 468 2453 infantibuS,
517 2373 629 2439 sed
651 2371 887 2437 electis.
935 2370 1232 2455 Septima,
1258 2369 1748 2434 reformatorum
1773 2369 2099 2433 doctorum
2126 2369 2565 2445 communiter,
2602 2391 2765 2453 quae
2791 2369 3022 2434 ttibuit-

97 2465 387 2529 omnibus
411 2465 456 2530 &
480 2462 752 2547 singulis
773 2460 1129 2524 infantibus
1153 2459 1514 2538 foederatiS,
1542 2459 1651 2523 sed
1674 2458 1913 2533 electis:
1939 2457 2071 2523 sive
2096 2458 2192 2522 illi
2219 2458 2284 2522 in
2304 2458 2577 2523 infantia
2599 2459 3021 2543 baptizentur,

97 2558 200 2616 aut
226 2576 352 2617 non
380 2552 823 2636 Baptizentur3
850 2549 982 2613 sive
1012 2548 1080 2611 in
1107 2547 1380 2611 infantia
1411 2548 1804 2621 moriantur:
1831 2546 1964 2611 sive
1989 2547 2070 2610 ab
2102 2546 2361 2611 ineunte
2387 2551 2595 2613 aetate
2618 2547 2685 2611 in
2710 2547 2833 2611 fide
2859 2548 3017 2612 edu-

97 2646 312 2706 centur
361 2643 405 2707 &
431 2641 628 2705 vitam
651 2638 794 2703 fidei
823 2637 1120 2703 continuo
1146 2637 1382 2715 vivant,
1410 2636 1539 2701 sive
1569 2640 1716 2700 ante
1749 2636 1999 2699 obitum
2030 2636 2267 2701 actuali
2290 2636 2697 2701 conversione
2728 2637 2808 2700 ad
2831 2636 3019 2701 fidem

97 2731 138 2795 &
188 2729 690 2814 resipiscentiam
745 2728 949 2791 denuo
995 2726 1405 2790 adducantur.
1457 2724 1542 2788 Et
1587 2726 1652 2788 in
1705 2724 1827 2788 hac
1875 2724 2195 2789 sententia
2226 2724 2531 2789 hactenus
2557 2724 2904 2809 acquiesco,
2934 2724 3019 2796 ΙΙ.

99 2818 280 2884 Prob.
343 2820 446 2882 An
499 2818 686 2881 electi
735 2820 992 2881 externe
1047 2813 1353 2877 foederati
1379 2836 1489 2878 seu
1515 2812 1579 2876 in
1607 2812 1859 2877 foedere
1883 2812 2041 2891 nati,
2066 2834 2283 2877 omnes
2318 2816 2362 2879 81
2386 2814 2624 2898 singuli
2649 2813 2713 2877 in
2742 2812 3021 2877 infantia

95 2929 200 2971 seu
245 2908 326 2973 ab
383 2911 560 2970 utero
605 2905 829 2969 matris
877 2904 1007 2967 sint
1059 2902 1306 2967 interne
1354 2902 1683 2979 foederati,
1733 2902 1959 2981 sancti,
1994 2904 2039 2967 81
2074 2901 2350 2987 regeniti
2371 2906 2400 2965 Ρ
2448 2904 2629 2986 Hesp.
2676 2900 2751 2965 In
2778 2923 3015 2986 genere

97 2996 342 3077 quidem
367 2995 530 3060 haut
553 2996 818 3079 gravate
846 2992 968 3057 hoc
992 2991 1327 3055 concedere
1353 2990 1646 3054 videntur
1672 2988 2019 3075 Theologi3
2054 2990 2162 3055 sed
2188 2990 2624 3055 duriusculum
2649 2989 2814 3055 forte
2839 2990 3019 3055 vide-

96 3089 250 3163 atur,
296 3085 356 3149 si
401 3084 814 3149 extendamus
861 3080 1054 3145 etiam
1099 3080 1178 3143 ad
1232 3079 1396 3158 illos,
1453 3078 1564 3162 qui
1611 3079 1746 3143 sine
1794 3078 2029 3142 actuali
2080 3078 2202 3143 fide
2250 3079 2299 3143 a
2330 3079 2767 3163 resipiscentia
2794 3078 2925 3143 sive
2951 3078 3019 3142 in

96 3178 352 3238 externa
377 3172 674 3237 ecclesiae
700 3169 1136 3235 communione
1163 3167 1294 3231 sive
1319 3170 1499 3233 extra
1524 3189 1664 3231 eam
1688 3166 2040 3251 persistunt
2064 3190 2263 3251 usque
2290 3168 2369 3231 ad
2395 3170 2498 3231 30.
2528 3172 2639 3232 aut
2666 3169 2768 3232 70.
2791 3168 3019 3232 aetatis

95 3283 346 3341 annum,
401 3262 596 3325 immo
647 3281 844 3342 usque
882 3258 999 3321 sub
1033 3256 1224 3320 finem
1247 3256 1435 3321 vitae.
1484 3254 1726 3320 Tamen
1753 3255 2204 3321 affirmandum
2230 3262 2345 3335 est,
2373 3257 2593 3321 tandiu
2618 3278 2833 3321 semen
2860 3256 3019 3319 illud

95 3349 590 3435 regenerationis
615 3348 749 3413 sine
773 3348 907 3411 ulla
931 3345 1392 3431 germinatione
1419 3345 1536 3409 sub
1563 3344 1768 3429 glebis
1795 3366 1981 3427 posse
2008 3344 2394 3410 delitescere:
2415 3345 2725 3428 siquidem
2746 3366 3018 3408 consona

95 3440 318 3503 nostris
349 3436 812 3523 hypothesibus
837 3436 1040 3499 dicere
1066 3434 1355 3511 velimus,
1389 3432 1693 3497 Rationes
1719 3436 1887 3497 sunt.
1920 3434 1977 3496 1.
2033 3434 2198 3515 Quia
2223 3433 2359 3497 loca
2392 3435 2596 3498 Actor.
2626 3434 2687 3497 2.
2714 3432 3010 3497 Ezechiel.

101 3526 196 3591 16.
246 3529 468 3593 Marci.
511 3527 613 3590 10.
665 3526 723 3589 1.
778 3523 1057 3589 Corinth.
1111 3522 1168 3586 7.
1217 3525 1508 3587 statuunt
1547 3522 1780 3586 liberos
1805 3520 2273 3585 foederatorum
2306 3522 2660 3606 subjectum
2684 3520 3013 3605 proprium

97 3618 388 3693 (secundo
435 3616 622 3679 modo
674 3613 942 3698 proprii)
983 3610 1292 3695 justitiae,
1346 3610 1727 3690 sanctitatiS,
1777 3610 2135 3694 adoptionis
2191 3612 2237 3677 &
2266 3610 2493 3675 salutis
2524 3610 2588 3673 in
2623 3609 2875 3673 Christo
2900 3632 3015 3692 per

97 3700 398 3787 Spiritum
455 3702 543 3781 S.;
591 3724 744 3789 ergo
797 3701 1128 3766 dicendum
1165 3699 1520 3765 esthabere
1547 3699 1708 3763 tales
1735 3696 1871 3763 S.S.
1899 3702 2403 3783 regenerantem,
2430 3700 2691 3783 ejusque
2718 3698 3015 3761 effectum

99 3790 445 3867 formalem,
492 3793 791 3857 unionem
833 3812 976 3855 cum
1003 3788 1256 3853 Christo
1281 3789 1326 3854 &
1349 3788 1440 3853 sic
1473 3788 1556 3851 im
1563 3791 1824 3871 putatae
1842 3787 2134 3871 justitiae
2167 3790 2211 3853 &
2236 3786 2630 3852 inhaerentis
2656 3786 3015 3851 sanctitatis

100 3883 388 3963 gratiam.
437 3882 573 3947 Aut
617 3880 788 3945 enim
845 3880 920 3943 de
967 3877 1260 3942 omnibus
1315 3878 1362 3943 &
1415 3876 1684 3961 singulis
1729 3876 1851 3939 hoc
1898 3898 2116 3940 verum
2164 3879 2281 3955 est,
2308 3880 2420 3940 aut
2452 3876 2527 3939 de
2552 3876 2767 3955 nullia,
2792 3878 2906 3939 aut
2938 3875 3016 3939 de

101 3969 431 4054 aliquibus.
481 3970 628 4035 Non
671 3970 996 4054 primum:
1044 3965 1196 4049 quia
1237 3969 1274 4029 a
1302 3965 1636 4049 posteriori
1663 3987 1738 4028 ex
1763 3964 1944 4028 finali
1967 3964 2451 4048 impoenitentia
2475 3965 2843 4042 multorum,
2870 3986 3015 4027 cum

99 4058 480 4125 adoleverint
501 4060 680 4146 [pag.
708 4057 786 4120 41
801 4056 870 4141 1]
904 4058 950 4121 8z
975 4077 1050 4119 ex
1075 4054 1366 4137 sequenti
1390 4053 1910 4118 condemnatione
1935 4053 2319 4139 colligimuS,
2345 4074 2451 4117 eos
2470 4074 2797 4137 nunquam
2814 4052 3016 4117 fuisse

101 4144 344 4213 Christo
392 4150 618 4212 insitos
667 4169 776 4211 seu
823 4143 1054 4221 unitOS,
1105 4164 1262 4227 quos
1311 4146 1648 4227 propterea
1677 4163 2005 4225 nunquam
2037 4163 2151 4224 pro
2182 4141 2315 4205 suis
2346 4142 2524 4206 novit
2554 4142 2747 4207 Mam.
2778 4141 2835 4205 7.
2862 4138 3015 4205 Non

101 4238 432 4304 Secundum
471 4236 622 4319 quia
643 4240 785 4299 tum
809 4232 1120 4297 attributa
1145 4231 1358 4295 omnia
1383 4229 1839 4315 (infallibiliter
1865 4252 1953 4294 Sc·
1983 4227 2239 4309 ἐχόμενα
2262 4238 2369 4299 τῆς
2394 4232 2713 4315 σωτηρίας)
2741 4252 2903 4315 quae
2938 4230 3013 4293 de

102 4320 430 4391 foederatis
473 4326 539 4389 in
586 4322 860 4388 infantia
905 4321 1198 4385 dicuntur
1242 4319 1490 4383 ratione
1537 4319 1841 4403 temporis
1874 4317 2247 4401 praesentis,
2271 4316 2437 4383 falsa
2463 4323 2705 4383 essent:
2736 4320 2811 4382 de
2835 4318 3014 4381 nullo

106 4414 260 4479 enim
311 4415 780 4482 verificarentur
817 4411 974 4475 haec
998 4408 1222 4473 effata:
1276 4409 1446 4473 Deus
1469 4430 1612 4474 eum
1636 4408 1840 4492 dili9it
1872 4418 2178 4492 tanquam
2200 4428 2392 4473 suum
2414 4440 2431 4471 .·
2466 4408 2633 4475 Deus
2659 4429 2806 4473 eum
2817 4405 3013 4490 justi-

2808 4493 3013 4586 Ῑὶεαυίε
