3694 4871
640 335 813 399 13180.
861 333 947 399 II.
996 334 1310 411 Quousoun
1357 359 1424 400 ss
1471 359 1773 401 1111011011·
1822 336 2169 400 Aurom'rAs
2216 333 2609 400 sommam.
3011 336 3087 400 11

151 523 351 605 hujus
375 521 796 586 distinctionis
809 517 880 580 τέ
909 522 1231 588 authentia
1251 525 1574 609 praecepti,
1601 525 1839 603 stricte,
1867 545 1991 588 non
2008 523 2173 586 laxe.
2198 520 2640 585 Distinctionis
2663 522 2854 605 hujus
2880 544 3094 586 neces-

153 612 318 675 sitas
343 613 389 676 81
413 610 730 675 evidentia
751 633 828 676 ex
854 611 1150 696 analogia
1172 613 1336 696 legis
1359 613 1404 678 &
1427 614 1734 678 historiae
1759 613 1889 696 opti
1899 614 1999 675 me
2040 614 2337 694 patescet.
2363 608 2437 674 In
2463 609 2605 694 lege
2629 610 2752 674 duo
2776 610 2935 674 haec
2957 632 3094 674 mo-

155 703 377 764 menta
402 699 726 783 distingue.
753 723 912 780 mus,
947 701 1298 783 potentiam
1322 704 1367 768 &
1392 707 1602 768 actum
1619 700 2008 778 notificandi,
2040 699 2087 763 81
2111 702 2323 764 actum
2346 721 2459 762 seu
2484 702 2867 781 potestatem
2891 699 3097 782 impe-

151 789 363 868 randi,
381 787 758 872 obligandi&
772 790 1262 871 constringendi.
1288 790 1417 855 Lex
1435 792 1650 875 aliqua
1666 788 2071 872 municipalis
2088 812 2144 853 e.
2168 810 2230 872 g.
2259 785 2323 851 in
2349 787 2469 851 hoc
2485 791 2597 851 aut
2614 787 2725 851 illo
2739 809 2937 872 regno
2962 787 3095 851 sive

153 878 328 940 bona
352 876 485 940 sive
513 878 681 941 mala
689 878 851 942 mihi
869 878 1236 943 authentica
1252 883 1366 956 est,
1387 880 1539 964 quia
1549 884 1720 945 certo
1737 877 2115 943 certitudine
2129 876 2365 940 human
2374 897 2448 939 ae
2463 875 2771 940 historiae
2788 875 3025 940 indicat
3051 876 3098 939 81

152 965 452 1030 notificat
465 965 770 1046 mihi,hoc
792 966 893 1030 vel
909 966 1071 1030 illud
1095 969 1132 1030 a
1156 966 1333 1052 Rege
1346 968 1413 1032 in
1429 969 1544 1033 illo
1567 990 1765 1053 regno
1781 966 2239 1043 statutum3sed
2268 986 2394 1028 non
2421 967 2518 1028 est
2542 964 2701 1028 mihi
2725 964 3099 1029 authentica

159 1053 504 1118 authentia¹
546 1077 807 1119 normae
855 1058 966 1119 aut
1005 1058 1334 1142 praecepti,
1385 1057 1534 1140 quia
1571 1080 1697 1121 non
1719 1057 1920 1120 habet
1944 1057 2327 1140 potestatem
2350 1053 2825 1138 constringendi
2852 1054 2899 1118 81
2921 1052 3095 1116 obli-

155 1143 362 1228 gandi
407 1165 510 1206 me
556 1144 636 1207 ad
666 1144 780 1208 illa
802 1145 1183 1228 praestanda
1214 1169 1376 1229 quae
1401 1146 1544 1230 lege
1569 1146 1682 1210 illa
1708 1145 2130 1229 postulantur,
2164 1165 2277 1207 seu
2312 1141 2735 1206 continentur.
2784 1139 3097 1206 Similiter

155 1233 226 1295 in
277 1231 538 1296 historia
584 1254 682 1296 ex.
725 1254 820 1318 gr.
869 1233 1149 1313 Salustii,
1205 1235 1528 1318 distinguo
1554 1235 1889 1299 veritatem
1911 1232 2195 1297 historici
2231 1230 2505 1294 fideliter
2528 1229 2861 1294 referentis
2890 1251 3097 1314 quae-

155 1342 414 1403 cunque
461 1321 744 1399 consilia,
791 1319 980 1401 facta,
1009 1322 1194 1398 dicta,
1236 1324 1494 1407 scripta,
1535 1326 1573 1387 a
1590 1323 1857 1388 veritate
1882 1325 1992 1385 aut
2014 1320 2301 1385 bonitate
2328 1319 2659 1398 dictorum,
2686 1318 3093 1383 consiliorum

156 1412 264 1476 810.
297 1412 370 1472 ut
409 1407 601 1473 etiam
641 1413 680 1473 a
727 1411 1068 1475 veracitate
1118 1412 1532 1494 loquentium,
1559 1411 2046 1488 consulentium,
2070 1408 2482 1474 scribentium
2521 1431 2616 1472 ex.
2643 1429 2739 1492 gr.
2768 1406 3101 1485 Catilinae,

157 1497 445 1571 Lentuli,
479 1496 745 1582 Cethegi
795 1499 975 1585 [pag.
1027 1501 1144 1586 31]
1194 1503 1294 1567 &c.
1338 1501 1688 1585 Probamus
1719 1498 2049 1565 historiam
2079 1501 2206 1582 qua
2229 1498 2445 1573 talem,
2472 1495 2830 1560 formaliter
2856 1495 2947 1559 ita
2972 1494 3103 1558 dic-

155 1591 324 1664 tam,
373 1587 483 1649 sed
503 1608 630 1650 non
655 1587 996 1670 probamus
1019 1588 1354 1653 historiam
1387 1590 1803 1654 materialiter
1829 1611 1940 1652 seu
1974 1609 2219 1652 omnem
2249 1585 2585 1649 materiam
2610 1591 2684 1649 ea
2713 1586 3099 1661 contentam,

159 1677 393 1759 utpote
432 1675 929 1757 conjurationem
976 1677 1310 1758 Catilinae,
1359 1679 1826 1762 conjuratorum
1875 1676 2044 1741 dicta
2090 1677 2137 1742 81
2182 1673 2480 1750 consilia3
2515 1696 2630 1737 nec
2662 1676 2961 1756 putamus
2993 1671 3108 1735 illa

155 1770 479 1846 tanquam
505 1765 794 1847 exempla
818 1765 898 1828 ad
920 1766 1344 1831 imitationem
1375 1767 1642 1850 proponi
1666 1771 1778 1831 aut
1807 1789 1923 1830 nos
1950 1764 2402 1848 constringere.
2453 1759 2559 1826 Sic
2618 1765 2755 1826 tota
2796 1761 3110 1844 scriptura

159 1857 478 1934 tanquam
518 1852 730 1916 divina
776 1855 822 1919 81
853 1854 1214 1920 infallibilis
1261 1855 1532 1920 historia
1571 1859 1609 1920 a
1654 1855 1836 1919 nobis
1875 1853 2179 1936 recipitur
2208 1857 2462 1936 propter
2493 1850 2951 1915 authoritatem
3006 1848 3109 1912 hi-

161 1940 424 2019 storice,
467 1963 696 2024 nempe
745 1940 1021 2026 Spiritus
1048 1943 1110 2008 S.
1139 1967 1253 2027 per
1277 1965 1466 2029 quem
1499 1943 1623 2008 acti
1661 1966 1799 2008 eam
1831 1943 2017 2007 nobis
2040 1941 2439 2006 tradiderunt
2471 1959 2889 2002 amanuenses
2923 1938 3106 2001 sacri.

165 2029 306 2096 Sed
346 2028 615 2112 simplex
662 2029 708 2093 &
759 2031 930 2095 nuda
959 2031 1073 2095 illa
1097 2035 1320 2107 ἱστορία
1346 2032 1608 2096 seorsim
1635 2033 1680 2098 81
1703 2032 1768 2095 10
1797 2055 1865 2096 se
1891 2032 2174 2114 spectata
2206 2029 2286 2115 (si
2305 2027 2478 2092 aliud
2502 2027 2655 2110 quid
2678 2049 2801 2090 non
2828 2025 3110 2108 accedat)

163 2141 306 2182 1100
355 2117 601 2202 obligat
645 2117 1010 2184 immediate
1058 2120 1508 2185 conscientiam
1561 2124 1865 2200 nostram,
1891 2123 1963 2184 ut
1994 2119 2349 2202 promiscue
2373 2116 2667 2179 omnibus
2692 2113 2975 2178 omnium
3006 2114 3106 2178 vel

165 2205 706 2292 promissionibus
728 2208 1096 2287 innitamur,
1145 2209 1246 2272 vel
1271 2209 1868 2274 comminationibus
1906 2211 2279 2286 terreamur,
2309 2203 2410 2268 vel
2436 2203 2715 2267 consiliis
2741 2202 3105 2286 acquiesca-

165 2318 345 2375 111118,
393 2295 494 2358 vel
540 2295 724 2360 dictis
771 2296 960 2360 fidem
1007 2297 1442 2376 adllibeamuS‚
1476 2299 1577 2362 vel
1602 2297 1786 2362 factis
1811 2296 1996 2381 quasi
2021 2299 2058 2359 Ξι
2081 2295 2217 2359 Deo
2240 2293 2525 2378 probatis
2552 2291 2868 2377 (quamvis
2890 2290 2961 2353 in
2986 2289 3107 2354 Dei

165 2384 392 2451 codice
432 2385 478 2450 81
529 2405 609 2449 ex
653 2385 788 2470 ejus
833 2407 940 2451 ore
971 2386 1326 2471 recensitis)
1363 2391 1672 2471 tanquam
1718 2385 2023 2469 exemplis
2064 2389 2340 2458 utamur,
2366 2381 2467 2447 vel
2491 2380 2785 2445 omnibus
2809 2378 2940 2444 illis
2966 2384 3109 2445 tan-

165 2496 378 2559 quam
416 2472 578 2557 juris
631 2476 677 2541 81
720 2476 1095 2559 praescripti
1141 2475 1339 2540 divini
1385 2476 1740 2541 trabalibus
1765 2475 1960 2539 clavis
1986 2474 2211 2538 affixos
2234 2495 2348 2535 nos
2372 2474 2687 2554 putemuS,
2720 2472 2913 2553 atque
2955 2469 3111 2533 adeo

165 2562 596 2628 conscientias
643 2568 892 2628 nostras
937 2564 1176 2648 absque
1222 2565 1510 2629 ulteriori
1542 2563 1832 2629 examine
1866 2568 1911 2631 81
1942 2562 2317 2629 discretione
2340 2559 2470 2623 illis
2502 2558 2930 2643 subjiciamus.
2978 2554 3111 2621 Ve-

169 2672 328 2715 rum
373 2650 626 2733 quidem
674 2655 772 2716 est
809 2652 1046 2717 nudam
1092 2652 1426 2717 veritatem
1465 2655 1914 2739 cujuscumque
1947 2653 2159 2717 sacrae
2184 2649 2490 2715 historiae
2522 2647 2816 2725 mediate,
2850 2645 3113 2711 alterius

167 2741 566 2816 interventu,
598 2762 712 2824 per
743 2742 1256 2825 consequentiam
1289 2743 1572 2825 aliquam
1594 2741 1801 2806 facere
1826 2742 1907 2805 ad
1929 2740 2407 2805 instructionem
2434 2736 2581 2800 fidei
2605 2736 2651 2801 81
2675 2758 2944 2813 morum,
2970 2756 3113 2799 cum

167 2828 320 2893 scil.
347 2827 599 2912 singula
629 2828 816 2908 dicta,
864 2830 997 2894 sive
1042 2853 1212 2909 vera,
1257 2832 1390 2895 sive
1437 2830 1622 2909 falsa,
1663 2832 1708 2896 81
1730 2828 1902 2894 facta
1926 2830 2057 2895 sive
2081 2829 2267 2905 bona,
2294 2827 2425 2891 sive
2450 2824 2641 2904 mala,
2674 2824 2754 2889 ad
2768 2828 2876 2903 jus
2900 2846 3011 2888 seu
3034 2821 3115 2887 ad

169 2916 444 3001 regulas
481 2917 643 2999 juris
676 2916 874 2981 divini
898 2919 1054 2983 alibi
1084 2920 1150 2983 in
1176 2918 1490 3003 scriptura
1521 2919 1877 3003 propositas
1904 2917 2248 3003 exiguntur
2271 2917 2316 2981 81
2349 2937 2491 2979 cum
2523 2913 2602 2977 iis
2628 2915 3036 2977 conferuntur
3058 2933 3115 2975 e.

167 3028 281 3092 gr.
333 3004 436 3070 Iob
485 3006 543 3067 2.
595 3006 656 3070 4.
697 3008 744 3072 81
775 3006 881 3072 lob
904 3008 963 3071 4.
991 3030 1065 3072 ac
1096 3006 1387 3091 deinceps
1419 3008 1530 3072 ubi
1556 3008 1742 3071 amici
1765 3006 1919 3071 Jobi
1944 3008 2307 3090 loquuntur.
2356 3002 2583 3084 Neque
2608 3001 2777 3065 enim
2808 3000 2923 3065 illa
2948 3000 3118 3064 dicta

171 3116 300 3180 per
325 3116 413 3172 se,
445 3094 671 3177 primo,
704 3094 750 3160 81
773 3096 1138 3160 immediate
1169 3101 1318 3160 81101
1365 3096 1732 3161 authentica
1763 3100 1836 3159 ut
1858 3096 2047 3159 fidem
2087 3094 2166 3159 iis
2192 3092 2632 3166 adhibeamuS,
2656 3093 2769 3154 aut
2791 3089 2994 3153 vitam
3018 3111 3117 3153 se-

170 3180 463 3249 cundum
508 3204 582 3246 ea
624 3184 1058 3264 instituamuS,
1105 3187 1214 3250 sed
1261 3184 1549 3269 indigent
1580 3184 1708 3249 alia
1730 3184 1887 3268 juris
1920 3183 2115 3248 divini
2148 3184 2371 3246 norma¹
2394 3178 2591 3265 priori
2615 3177 2662 3243 81
2693 3176 3025 3261 superiori,
3053 3176 3118 3239 in

173 3292 381 3356 quam
407 3271 634 3336 ultima
657 3273 772 3337 fiat
794 3273 943 3336 fidei
966 3275 1012 3339 &
1035 3274 1453 3339 conscientiae
1475 3277 1728 3338 nostrae
1762 3272 2061 3357 analysiS.

277 3360 342 3421 2.
361 3357 482 3423 His
509 3360 872 3444 praemissis
899 3361 1165 3427 dicimus
1189 3365 1390 3427 totam
1408 3362 1790 3445 scripturam
1813 3384 1951 3426 esse
1977 3358 2411 3425 authenticam
2435 3355 2768 3421 authentia
2789 3352 3117 3430 historiae,

173 3450 308 3513 hoc
335 3451 452 3527 est,
499 3449 908 3515 infallibilem
954 3451 1000 3515 81
1041 3452 1435 3517 &semem-rou
1463 3450 1795 3515 veritatem
1817 3473 1933 3534 per
1962 3472 2179 3513 omnes
2205 3450 2251 3514 81
2274 3445 2559 3530 singulas
2586 3444 2721 3528 ejus
2745 3445 2959 3526 partes
2984 3462 3121 3505 esse

175 3537 524 3603 diffusam:
571 3538 666 3601 ita
720 3542 792 3601 ut
837 3540 1172 3621 scriptores
1215 3562 1342 3603 0011
1365 3539 1616 3622 privato
1643 3561 1758 3602 suo
1795 3538 2077 3622 impulsu
2100 3534 2380 3602 8111111111,
2414 3534 2523 3597 sed
2552 3532 2829 3595 dictante
2854 3528 3024 3613 Spir.
3050 3527 3117 3594 S.

173 3646 410 3690 omnes
464 3626 510 3690 81
555 3626 842 3711 singulas
867 3629 1216 3692 sententias
1249 3629 1416 3711 quod
1446 3627 1525 3690 ad
1556 3649 1693 3691 rem
1717 3626 1763 3692 81
1788 3628 1957 3711 quod
1981 3627 2061 3689 ad
2083 3623 2371 3709 phrasim
2394 3621 2814 3705 protulerunt,
2839 3618 2975 3682 sive
3006 3618 3121 3682 bo-

176 3736 305 3778 nos
331 3713 687 3779 describant
711 3715 844 3779 sive
876 3717 1096 3793 1011108,
1124 3718 1254 3780 sive
1277 3739 1422 3781 vere
1447 3716 1615 3779 dicta
1637 3716 1768 3779 sive
1792 3715 1976 3792 falsm
1996 3714 2127 3777 sive
2151 3714 2312 3777 bene
2337 3713 2539 3795 gesta,
2566 3709 2697 3773 sive
2721 3708 2910 3771 male.
2959 3704 3121 3771 Con-

177 3805 324 3866 stat
369 3801 489 3865 hoc
535 3826 610 3866 ex
658 3806 718 3867 2.
777 3805 1040 3869 Timum.
1085 3806 1146 3868 3.
1176 3806 1278 3869 16.
1304 3805 1446 3869 coll.
1472 3826 1616 3868 cum
1650 3805 1709 3866 2.
1741 3804 1874 3870 Pet.
1906 3804 1963 3866 1.
1992 3804 2097 3865 21.
2141 3801 2413 3885 aliisque
2437 3796 2820 3861 testimoniis
2846 3795 2893 3861 81
2925 3816 3120 3881 argu-

177 3889 692 3973 mentiS,quibus
716 3892 1066 3975 scripturae
1091 3893 1446 3957 authoritas
1471 3892 1725 3975 probari
1751 3891 1931 3955 solet.
1960 3890 2278 3973 Quidquid
2301 3888 2385 3951 sit
2408 3886 2716 3949 habemus
2741 3884 3123 3967 scripturam

179 3980 534 4061 integram,
575 3982 1052 4058 authenticam,
1103 3982 1487 4058 canonicam,
1537 3985 1610 4044 ut
1641 4002 1808 4044 nunc
1841 3984 1956 4057 est,
1991 3979 2106 4043 illa
2154 3979 2460 4041 hactenns
2485 3972 2742 4057 proprio
2769 3972 3123 4036 divinitatis

179 4086 346 4132 suae
373 4065 611 4132 lumine
636 4069 911 4133 intertot
936 4074 1137 4134 sectas
1165 4070 1229 4133 in
1254 4075 1388 4133 tam
1414 4069 1756 4133 cimmeriis
1791 4069 1983 4150 hnjus
2018 4067 2234 4130 mundi
2272 4063 2553 4128 tenebris
2604 4061 2824 4139 eluxit,
2873 4060 2919 4125 81
2974 4060 3126 4143 quia

181 4154 475 4241 primum
499 4156 878 4241 principium
904 4163 1004 4223 est
1028 4159 1274 4241 apriori
1299 4159 1418 4222 hoc
1441 4157 1863 4221 demonstrari
1884 4178 2014 4219 non
2041 4155 2263 4231 debet3
2290 4175 2415 4218 non
2445 4149 2655 4235 magis
2681 4170 2872 4233 quam
2910 4150 3125 4213 lumen

179 4242 348 4310 solis
387 4242 516 4308 alio
558 4245 798 4311 lumine
836 4247 1216 4327 collustrari,
1241 4249 1315 4310 ut
1339 4250 1483 4311 actu
1513 4246 1818 4312 videatur.
1869 4244 2223 4310 Sumuntur
2246 4242 2416 4307 enim
2442 4240 2591 4325 prin
2613 4237 2801 4323 cipia,
2828 4259 2953 4301 non
2975 4258 3124 4320 pro-

177 4334 452 4400 bantur.
499 4332 678 4408 Quod
701 4336 756 4399 si
780 4336 890 4420 qui
916 4336 1202 4401 extranei
1226 4340 1264 4401 a
1286 4336 1408 4399 fide
1430 4334 1746 4417 principia
1769 4335 1929 4399 haec
1952 4336 2207 4418 negent,
2250 4331 2368 4397 hoc
2391 4332 2644 4396 tantum
2667 4326 2985 4412 agendum
3008 4327 3125 4403 est,

177 4431 259 4493 ut
291 4423 652 4491 rationibus
678 4425 964 4509 ipsorum
987 4424 1285 4491 refutatis
1316 4424 1397 4489 ad
1427 4423 1772 4489 absurdum
1797 4446 1905 4489 eos
1928 4422 2281 4508 affigamus·
2863 4504 2903 4568 3
2950 4500 3090 4567 Re„

2910 4551 2924 4568 .
3040 4524 3128 4586 11-
