3694 4871
546 337 2191 406 DoouAr1snaSS.Tn1N1·rA·1·n.PARS
2241 363 2593 406 ALTERA.
2913 343 3041 406 105

113 531 157 594 81
180 527 261 590 ad
282 523 709 590 Socinismum
733 526 1072 608 applicent:
1100 525 1382 609 alioquin
1410 526 1670 591 dicendo
1694 527 1859 591 nihil
1885 527 2122 606 dicunt,
2149 531 2261 592 aut
2285 529 2445 592 latet
2469 528 2698 610 anguis
2719 528 2788 591 in
2810 528 3034 605 herba,

104 617 287 700 juxta
330 615 526 679 illud:
570 615 1251 689 Delos—as,versa1-urin
1273 617 1686 701 yeneralibua
1718 613 1937 680 Sciant
1963 639 2134 701 ergO,
2162 616 2265 680 Ill.
2290 615 2675 681 Hollandiae
2708 615 2898 680 Ordd.
2924 617 3036 702 qui

112 726 345 788 magna
392 705 493 768 sui
542 708 720 788 parte
769 705 1283 787 pseudopoliticis
1309 704 1597 768 advocati
1622 705 1722 768 sui
1748 705 1791 768 J
1792 706 1897 768 oh.
1926 703 2463 770 Oldenbarnevelt
2487 705 2769 769 consiliis
2793 705 3036 770 seducti

112 793 530 858 moderationi
568 815 640 856 ac
670 792 1048 856 tolerantiae
1081 793 1146 856 in
1178 793 1605 857 controversia
1628 793 1705 857 de
1732 793 2312 858 Praedestinatione
2339 798 2491 858 tunc
2515 793 2839 870 favebant,
2865 816 3038 858 eam-

113 905 230 964 que
256 905 428 946 anno
454 882 645 945 1617.
662 882 911 947 decreto
937 882 1326 952 sanciebant,
1346 905 1511 945 anno
1536 883 1723 946 1611.
1744 905 1962 946 omnes
1988 883 2409 947 dissensiones
2433 886 2472 945 a
2488 886 2740 965 recepta
2757 881 3042 947 doctrina

115 971 185 1035 de
214 970 411 1056 plena
436 969 868 1034 satisfactione
895 969 1153 1036 Christi.
1171 970 1647 1052 justificatione,
1674 976 1932 1053 peccato
1957 971 2243 1056 originis,
2269 969 2659 1054 perfectione
2683 971 2752 1034 in
2774 970 2896 1035 hac
2909 970 3044 1036 vita

114 1059 537 1143 prohibuisse.
584 1059 859 1123 Eosdem
908 1081 1021 1142 per
1066 1060 1419 1122 ordinat-ios
1466 1058 1825 1142 Deputatos
1873 1082 2018 1124 suos
2071 1060 2263 1144 (inter
2310 1082 2470 1143 quos
2509 1063 2662 1123 tunc
2687 1057 2970 1140 GrotiuS,
2996 1059 3043 1125 &

113 1148 341 1232 quibus
372 1147 781 1232 praesidebat
802 1148 1145 1212 advocatus
1178 1147 1559 1212 Hollandiae
1583 1147 1625 1213 J
1629 1148 1731 1212 oh.
1768 1147 2441 1226 Oldenbarneveldius)
2469 1149 2828 1232 Adolplmm
2847 1150 3040 1214 Vena-

117 1249 302 1302 torem
351 1236 733 1321 primarium
758 1257 834 1300 ex
859 1237 1045 1300 sociis
1072 1235 1644 1301 Remonstranticis
1668 1241 1928 1320 propter
1952 1235 2374 1301 Socinismum
2399 1237 2661 1301 subdole
2684 1236 2904 1302 libello
2928 1259 3044 1302 suo

113 1325 209 1389 cui
230 1324 337 1389 tit.
374 1326 701 1410 Theoloyia
717 1346 864 1389 vera
893 1323 956 1390 ἃ·
970 1347 1143 1390 mera
1169 1325 1265 1389 810.
1293 1325 1657 1398 infarctum,
1683 1325 1750 1390 in
1769 1324 2242 1390 Gravesandam
2268 1327 2606 1410 relegasse.
2631 1325 3042 1390 Franciscum

114 1413 379 1478 Junium
414 1414 621 1478 virum
655 1413 1056 1479 Christianae
1082 1415 1255 1498 pacis
1288 1415 1333 1480 8z
1365 1413 1817 1478 moderationis
1842 1415 1890 1479 &
1918 1417 2133 1478 nostro
2165 1417 2210 1480 a
2237 1413 2827 1479 Remonstrantium
2857 1436 3043 1498 prae-

116 1503 289 1566 conio
344 1501 888 1567 studiosissimum
933 1525 1061 1566 una
1115 1525 1259 1567 cum
1306 1503 1377 1566 L.
1426 1501 1746 1567 Trelcatio
1778 1503 2024 1567 seniore
2075 1506 2120 1569 81
2153 1502 2258 1567 Fr.
2293 1501 2567 1567 Gomaro
2589 1507 2743 1567 tunc
2766 1501 3042 1568 Profess.

118 1589 407 1656 LeidenS.
434 1589 857 1655 Socinismum
874 1613 1019 1656 cum
1045 1590 1379 1656 Turcismo
1402 1613 1821 1676 comparasse,
1851 1595 2041 1674 atque
2066 1593 2159 1655 ita
2183 1590 2393 1657 Illust.
2420 1590 2610 1655 Ordd.
2629 1592 2708 1655 ad
2725 1590 3047 1656 decretum

43 1679 45 1682 ’
118 1679 292 1744 modo
325 1679 571 1744 dictum
616 1679 990 1762 praeivisse3
1025 1681 1193 1764 quod
1240 1683 1546 1764 tanquam
1580 1679 2064 1764 sanguinarium
2113 1683 2160 1746 a
2191 1679 2633 1745 crudelitatem
2659 1678 3047 1762 Hispanioae

117 1767 559 1852 Inquisitionis
600 1769 788 1852 longe
814 1789 1120 1853 superans
1152 1769 1413 1852 pacifico
1436 1769 1535 1832 illi
1559 1767 1602 1833 J
1604 1769 1755 1832 unio
1780 1789 1924 1832 cum
1951 1769 2212 1854 collegis
2238 1769 2516 1853 imputat
2538 1770 2838 1853 Apoloyia
2866 1770 3044 1836 Osto-

120 1857 255 1922 rodi
303 1855 371 1923 ἃ·
432 1855 721 1922 Voidovii.
775 1855 1137 1942 Theologos
1168 1856 1499 1922 Helvetios
1546 1857 1952 1941 approbasse,
2001 1879 2330 1940 nunquam
2376 1857 2607 1922 saltem
2652 1857 3047 1941 improbasse

121 1945 401 2010 omnium
451 1949 767 2010 sectarum
816 1947 853 2009 a
899 1944 1293 2010 Cantonibus
1338 1945 1701 2010 reformatis
1734 1945 2159 2016 exactionem:
2207 1968 2287 2010 ne
2318 1945 2470 2029 quid
2517 1945 2724 2010 dicam
2749 1946 2826 2010 de
2853 1945 3044 2010 Cata-

120 2033 418 2117 baptistis
444 2034 847 2117 quibusdam,
871 2034 918 2099 81
943 2033 1292 2098 Valentino
1318 2033 1560 2099 Gentili
1584 2034 1791 2118 capite
1814 2034 2042 2119 plexis·
2068 2033 2268 2099 Iidem
2286 2056 2430 2097 cum
2454 2033 2802 2119 Theologis
2827 2032 3043 2098 Rhae-

122 2121 277 2202 ticis,
327 2126 403 2188 ut
438 2118 491 2189 ’81
514 2121 948 2203 Melanthone,
973 2121 1389 2208 Hemmingio
1414 2123 1685 2206 aliisque
1710 2123 2147 2207 approbarunt
2185 2122 2570 2206 supplicium
2607 2120 3046 2187 801101111Νο-

124 2210 284 2276 mine
310 2211 484 2296 quod
532 2210 729 2276 sciam
752 2211 819 2274 id
840 2210 1263 2295 improbante,
1290 2235 1483 2296 quam
1517 2210 1894 2289 SocinianiS,
1919 2211 2290 2291 CornhertO,
2316 2214 2363 2277 81
2385 2210 2865 2275 tenebrionibus
2896 2209 3048 2289 illis,

125 2299 227 2384 qui
256 2299 548 2364 fervente
572 2300 974 2364 contentione
1008 2299 1561 2365 Remonstrantica
1588 2300 2066 2366 Chrislallinum
2087 2300 2538 2386 perspicillum,
2565 2299 2716 2364 Acta
2739 2299 3050 2386 quaedam

126 2388 189 2453 in
240 2387 452 2456 Classe
489 2388 941 2467 Schielandicd,
988 2388 1275 2474 aliosque
1307 2389 1560 2454 libellos
1592 2389 1772 2475 [pag.
1810 2388 1974 2475 507]
2006 2389 2344 2454 vernaculo
2369 2387 2672 2454 idiomate
2695 2391 2846 2454 tunc
2871 2387 3049 2453 evul-

126 2478 359 2563 gabant
379 2502 396 2554 ς
422 2478 685 2561 insuper
714 2478 1100 2544 Castellionis
1114 2479 1467 2564 apoloyiam
1484 2499 1602 2563 pro
1621 2480 1862 2544 Serveto
1880 2490 2098 2544 contra
2114 2478 2389 2543 libellum
2413 2478 2657 2543 Calvim‘
2671 2498 2836 2541 anno
2857 2477 3050 2540 1612.

129 2566 403 2649 praefixa
429 2567 721 2631 aculeata
738 2566 1133 2650 praefatione
1156 2567 1581 2631 recudendum
1598 2566 1857 2631 dabant.
1880 2566 1938 2631 A
1960 2565 2294 2631 Frederico
2312 2566 2420 2649 pio
2435 2564 2730 2631 Electore
2754 2564 3052 2630 Palatino

124 2652 483 2719 Neuserum
500 2656 734 2719 carceri
754 2656 1180 2733 commissum,
1200 2676 1387 2738 quem
1406 2677 1549 2719 cum
1566 2656 1923 2739 effregisset
1941 2658 1984 2721 81
2003 2655 2080 2719 ad
2097 2654 2330 2719 fratres
2347 2653 2715 2719 Sooinianos
2731 2655 2799 2718 in
2817 2652 3054 2719 Trans-

128 2742 502 2825 sylvaniam,
544 2743 691 2807 inde
724 2746 803 2807 ad
842 2742 1083 2808 'I'urcas
1116 2743 1507 2829 profugisset
1548 2742 1900 2829 Sylvanum
1937 2742 2214 2809 Neuseri
2245 2742 2610 2809 sociennum
2650 2742 2878 2828 capitis
2902 2765 3053 2827 sup-

129 2830 310 2913 plicio
349 2832 673 2896 affectum:
712 2854 1037 2915 nunquam
1080 2835 1296 2897 tamen
1334 2835 1594 2917 propter
1630 2832 1752 2898 1100
1774 2832 2016 2898 factum
2041 2832 2402 2916 Principem
2423 2832 2611 2897 illum
2635 2832 2715 2897 ab
2739 2830 3054 2896 Eirenicis

128 2916 471 3005 Theologis
495 2920 627 2984 suis
651 2942 995 3005 eorumque
1020 2922 1485 2986 successoribus
1520 2922 1815 2997 Tossarw,
1845 2922 2162 3000 Oleviano,
2186 2923 2292 2986 Fr.
2322 2920 2517 2987 Junio
2540 2921 2640 2986 810.
2689 2918 3056 3004 Hispanicis

130 3005 617 3092 inquisitoribus
658 3013 1167 3074 annumeratum.
1207 3007 1610 3074 Serenissimi
1647 3008 1831 3095 Reyis
1873 3008 2086 3076 Jacobi
2121 3012 2287 3095 apol.
2329 3032 2444 3093 pro
2468 3010 2669 3096 gestis
2701 3009 2748 3074 &
2772 3008 3056 3074 consiliis

132 3096 253 3160 suis
290 3108 511 3162 contra
558 3098 886 3176 Vorstium,
928 3103 999 3162 ut
1034 3100 1080 3165 81
1109 3097 1638 3163 vivicomburium
1686 3098 1947 3163 Arriani
1971 3096 2299 3185 cujusdam
2322 3098 2390 3162 in
2414 3098 2658 3184 Anglia
2681 3098 2866 3163 modo
2889 3097 3055 3161 indi-

134 3185 427 3250 cavimus
462 3183 585 3251 Sed
620 3207 849 3271 agmen
874 3187 1173 3251 claudant
1195 3186 1320 3270 ipsi
1344 3185 1890 3265 RemonstranteS,
1915 3187 2026 3271 qui
2051 3187 2205 3251 olim
2230 3209 2338 3251 ore
2364 3186 2761 3251 celeberrimi
2787 3188 2833 3253 &
2858 3186 3057 3250 diser-

134 3271 356 3339 tissimi
408 3296 637 3339 causae
685 3274 975 3339 advocati
1012 3275 1103 3340 sic
1149 3276 1609 3361 loquebantur:
1664 3277 1920 3343 Grotius
1961 3276 2122 3341 nihil
2157 3277 2330 3341 ultra
2366 3276 2745 3360 persuadere
2769 3286 3056 3352 conatur,

136 3382 321 3445 quam
359 3364 511 3428 velle
546 3384 771 3445 regem,
810 3374 881 3429 ut
917 3366 1257 3430 tolerentur
1292 3364 1569 3451 quinque
1602 3365 1876 3443 articuli,
1914 3386 2068 3451 quos
2105 3384 2219 3430 rex
2248 3365 2407 3448 leqit.
2436 3364 2609 3430 Absit
2639 3376 2710 3430 ut
2733 3366 3057 3429 toleremus

138 3449 505 3517 Sociniana:
542 3453 731 3538 idque
765 3453 941 3519 Deus
976 3464 1232 3518 avertat.
1280 3450 1385 3517 Sic
1424 3452 1919 3537 Hyperaspistes
1961 3452 2168 3517 Grotii
2207 3452 2286 3533 (si
2315 3473 2439 3517 non
2465 3452 2628 3536 ipse)
2654 3452 2720 3516 in
2743 3452 2911 3515 bona
2933 3450 3057 3515 fide

138 3536 428 3604 Sibrandi
472 3563 643 3606 num.
696 3542 800 3605 28.
848 3542 967 3607 Hic
1002 3542 1114 3607 ubi
1149 3561 1377 3607 rumor
1398 3542 1743 3624 percrebuit
1774 3540 1879 3625 (de
1903 3540 2147 3605 Vorstii
2189 3540 2322 3606 scil.
2351 3538 2836 3622 Socinianismo)
2861 3560 3058 3626 quam

140 3627 567 3695 exhorruerint
612 3650 683 3694 re
720 3631 1049 3715 inopinata
1084 3629 1356 3715 perculsi
1398 3630 1493 3695 illi
1522 3630 1783 3715 1ρείᾳαί
1820 3631 2127 3695 Vorstium
2153 3629 2753 3707 commendaverant,
2784 3626 3057 3713 (concio-

140 3719 381 3782 natores
416 3718 657 3782 scilicet
702 3716 1254 3803 Remonstrantes)
1294 3720 1527 3783 nescire
1572 3718 1929 3784 Sibrandus
1967 3738 2099 3782 non
2141 3729 2354 3802 potest.
2407 3717 2664 3784 Grotius
2713 3716 2783 3782 in
2830 3716 3061 3782 Pietate

147 3804 289 3869 Ord.
324 3826 390 3889 p.
436 3806 541 3869 11.
570 3807 671 3871 12.
722 3805 857 3872 Ubi
886 3807 1142 3890 subjicit
1180 3829 1495 3871 summam
1534 3806 1839 3891 epistolae
1878 3805 1921 3871 J
1924 3805 2029 3871 oh.
2072 3804 2568 3890 Uittenbogardi
2605 3806 2686 3870 ad
2724 3802 3060 3869 Vorstium

145 3894 321 3975 (quae
362 3895 698 3959 vernaculo
734 3894 1037 3960 idiomate
1072 3899 1224 3959 tunc
1248 3896 1548 3980 evulgata
1594 3896 1754 3979 erat)
1780 3917 1910 3978 qua
1931 3898 2148 3959 monet
2178 3893 2531 3973 Vorstium,
2557 3896 2630 3959 ut
2654 3893 2859 3958 diluat
2883 3893 3060 3958 calu-

145 3980 372 4045 mniam
422 3982 758 4048 Socinismi
797 3982 1161 4049 Christiano
1199 3984 1362 4048 nulli
1406 3984 1761 4048 ferandum:
1804 3984 1860 4047 si
1900 3983 2054 4066 quid
2087 3982 2378 4047 subesset
2414 3982 2569 4062 veri,
2594 3984 2815 4047 auctor
2838 3986 2956 4061 est,
2988 3987 3063 4047 ut

146 4068 419 4135 oblatum
464 4094 695 4137 munus
740 4076 1005 4149 recuset,
1052 4094 1258 4155 neque
1305 4071 1497 4137 Ordd.
1539 4073 1585 4137 81
1624 4071 2040 4136 Curatoribus
2072 4070 2384 4154 imponat,
2410 4092 2604 4155 seque
2625 4070 2697 4134 in
2720 4070 3060 4136 discrimen

148 4156 421 4224 adducat.
470 4160 559 4227 Ab
595 4160 694 4226 his
730 4161 901 4225 enim
938 4160 1231 4227 omnibus
1271 4161 1703 4227 Christianum
1738 4160 2080 4245 exspectari
2114 4160 2554 4244 professorem,
2591 4180 2726 4225 non
2772 4160 3066 4226 Ostorodi

148 4264 360 4313 unum.
400 4247 573 4314 Nota
606 4247 1054 4314 Ostorodianos
1084 4254 1237 4313 tunc
1260 4247 1860 4313 Remonstrantibus
1886 4270 2014 4313 non
2036 4245 2234 4313 fuisse
2260 4247 2658 4314 Christianos
2679 4272 2693 4325 ;
2719 4250 2766 4315 &
2801 4249 2892 4314 sic
2915 4271 3062 4313 eum

151 4332 588 4421 interpretatur
632 4338 786 4402 ibid.
828 4336 1005 4402 Grot.
1050 4339 1189 4403 10ηο
1217 4338 1559 4404 credendus
1588 4349 1674 4403 est
1706 4337 2070 4415 8001111ἰο010,
2104 4348 2214 4403 am
2243 4337 2414 4423 quod
2440 4336 2604 4403 idem
2626 4348 2714 4403 est
2742 4337 3064 4404 001010άί-

152 4424 385 4492 ani-smo
427 4428 651 4511 favere,
682 4446 888 4513 quum
915 4446 1057 4493 eam
1087 4438 1315 4493 sectam
1340 4428 1697 4514 profitentes
1718 4438 1899 4493 extra
1926 4425 2432 4494 christianorum
2453 4446 2686 4493 nomen
2707 4427 2944 4513 releqet.
2979 4424 3067 4489 Et

2873 4512 3067 4599 paulo
