3694 4871
308 295 526 363 Drsr.
572 293 723 361 VII.
768 293 1444 362 Pnonnsuaruu
1488 315 1586 359 ns
1633 291 1986 360 Mnslro
2034 293 2417 361 Cnnrs'ri
2466 295 2672 361 Pius
2718 293 2843 362 III.
2938 296 3061 360 201

30 517 33 528 ·
123 481 404 568 allegat,
429 481 498 546 id
519 481 704 566 lapsu
735 482 1102 559 memoriae,
1127 485 1240 546 aut
1269 483 1655 557 παρορὰματι
1675 480 2039 566 scriptionis
2058 479 2302 546 factum
2326 481 2635 546 arbitror:
2662 500 2813 544 nam
2844 479 2911 543 in
2936 481 3063 545 loco

117 571 296 637 citas.
346 570 688 656 Amantini
728 592 812 636 ne
853 577 974 646 γρῦ
1030 570 1286 654 quidem
1332 574 1686 654 comparet;
1725 591 1843 636 nec
1888 569 2027 655 ipse
2054 572 2316 639 Danaus
2346 571 2417 635 in
2440 569 2901 636 commentariis
2924 569 3061 634 suis

115 657 278 725 ibid.
305 659 476 724 hanc
505 659 869 744 opinionem
894 659 1142 725 asserit.
1169 659 1232 726 4.
1265 663 1467 726 Concl.
1497 658 1790 724 Christus
1823 681 1952 725 non
2006 659 2241 724 meruit
2280 660 2559 745 gratiam
2581 657 2757 722 illam
2786 657 3059 722 reconci-

117 747 443 828 liationis,
465 769 582 832 per
604 770 797 832 quam
821 747 1222 833 aliquomodo
1247 748 1486 834 Angeli
1508 747 1802 813 dicantur
1824 747 1963 813 Deo
1987 747 2380 814 reconciliati
2412 769 2571 824 esse,
2596 767 2723 810 non
2744 745 2811 809 in
2838 767 2927 822 se,
2950 745 3065 810 sed

121 837 198 902 in
225 839 372 902 toto
394 858 688 920 corpore:
721 836 890 921 quod
913 841 1100 902 antea
1124 837 1192 903 in
1215 841 1353 902 toto
1377 857 1638 921 corpore
1661 836 1987 903 Ecclesiae
2008 859 2138 901 una
2156 859 2299 902 cum
2314 834 2687 902 hominibus
2706 837 2857 898 ante
2884 833 3061 899 Chri-

118 926 216 991 sti
248 925 834 992 reconciliationem
847 925 985 990 Deo
1006 925 1202 1010 capiti
1223 948 1350 992 non
1373 925 1467 991 ita
1489 927 1660 990 arcte
1684 927 1732 992 ἃ
1756 926 2025 991 firmiter
2050 925 2474 1004 adhaeserint,
2499 945 2616 988 nec
2646 945 2791 988 cum
2817 944 2891 986 eo
2914 943 3063 986 con-

109 1015 338 1100 juncti
361 1013 642 1080 fuerint:
690 1015 940 1079 nullum
966 1015 1135 1080 enim
1151 1016 1282 1080 tale
1297 1015 1620 1092 meritum,
1635 1014 1817 1079 nulla
1831 1015 1983 1080 talis
2008 1014 2221 1096 gratia
2235 1035 2351 1098 per
2368 1013 2789 1079 Mediatorem
2808 1009 3063 1090 collata,

113 1103 314 1168 nulla
339 1103 573 1168 arctior
595 1105 642 1170 a
664 1102 912 1168 firmior
925 1103 1226 1169 adhaesio
1248 1108 1393 1188 post
1407 1103 1989 1168 reconciliationem
2006 1101 2246 1168 Christi
2256 1102 2632 1188 praestitam
2648 1100 2717 1164 in
2733 1099 3068 1184 Scriptura

115 1195 482 1276 comparet.
529 1191 909 1276 Explicatur
927 1192 1044 1258 illa
1066 1193 1323 1276 quidem
1345 1192 1679 1277 perspicue
1704 1195 1742 1256 ὲ
1764 1193 2007 1259 Rolloco
2030 1193 2101 1258 1η
2130 1193 2357 1259 Coloss.
2379 1193 2411 1254 1
2424 1239 2439 1256 .
2472 1191 2581 1256 sed
2613 1211 2691 1254 ex
2735 1187 3067 1272 Scriptura

117 1303 264 1346 non
289 1281 621 1366 probatur.
668 1280 729 1346 5.
761 1282 962 1348 con-cl.
988 1280 1280 1347 Christus
1307 1279 1626 1346 Mediator
1653 1303 1784 1346 non
1813 1281 2082 1346 meritus
2114 1285 2213 1346 est
2240 1279 2513 1366 Angelis
2559 1277 2921 1361 aliquarum
2966 1299 3069 1341 re-

113 1391 278 1436 rum
303 1391 419 1434 seu
461 1369 910 1455 mysteriorum
955 1371 1443 1447 revelationem:
1468 1374 1542 1436 ut
1565 1371 1704 1436 vult
1736 1371 2021 1437 Becanus
2045 1381 2209 1454 part.
2241 1370 2297 1433 1.
2334 1367 2533 1435 Theol.
2559 1366 2860 1435 Scholast.
2886 1375 3062 1432 tract.

121 1459 192 1524 1.
217 1479 362 1544 cap.
397 1458 501 1523 14.
525 1470 760 1545 quaest.
784 1459 845 1523 9.
877 1457 1218 1544 Nusquam
1239 1459 1372 1524 tale
1397 1459 1549 1543 quid
1571 1459 1641 1523 in
1665 1457 1998 1542 Scriptura
2028 1462 2371 1543 comparet.
2420 1456 2601 1534 Quod
2646 1458 2684 1520 ὲ.
2708 1455 2952 1522 Becano
2986 1475 3066 1518 ex
3088 1467 3093 1472 “

114 1548 293 1614 lesa.
329 1546 438 1612 63.
481 1568 540 1614 v.
593 1549 652 1614 l.
697 1551 1148 1634 argumentum
1192 1548 1544 1627 adducitur,
1587 1547 1758 1613 inter
1785 1547 2053 1613 ridicula
2082 1550 2496 1632 nugamenta,
2528 1568 2655 1610 non
2678 1543 2850 1609 inter
2872 1563 3065 1626 argu-

118 1639 360 1702 menta
385 1637 848 1702 numerandum
878 1639 1012 1702 est:
1055 1659 1182 1702 non
1213 1637 1384 1703 enim
1428 1635 1524 1702 ibi
1554 1637 1770 1721 agitur
1794 1637 1871 1701 de
1895 1636 2195 1722 Angelis:
2222 1635 2514 1721 quamvis
2536 1635 2659 1700 hoc
2688 1635 2873 1718 putet
2914 1632 3067 1698 Tho·

117 1745 274 1792 mas
297 1725 372 1790 in
397 1725 456 1789 1.
479 1737 714 1814 quaest.
749 1726 854 1791 57.
879 1727 1057 1791 artic.
1081 1725 1144 1790 4.
1171 1726 1468 1791 Alterum
1490 1725 1660 1810 quod
1681 1725 1763 1790 ab
1789 1725 2009 1790 eodem
2032 1724 2319 1790 adfertur
2343 1747 2421 1790 ex
2442 1724 2667 1811 Ephe-3.
2698 1723 2757 1785 3.
2784 1723 2845 1786 8.
2878 1719 3067 1785 Nihil

123 1813 319 1879 aliud
362 1813 560 1879 infert
606 1815 734 1901 (vel
779 1814 920 1899 ipso
966 1814 1204 1880 ibidem
1241 1815 1481 1898 judice)
1529 1835 1722 1898 quam
1752 1817 2169 1898 augmentum
2195 1814 2496 1878 scientiae
2521 1810 2920 1896 Angelorum
2949 1829 3065 1893 per

118 1902 673 1987 praedicationem
716 1901 1172 1988 Apostolicam.
1221 1901 1425 1987 Atqui
1467 1903 1576 1968 hic
1605 1901 1894 1986 quaestio
1926 1906 2042 1981 est,
2082 1924 2165 1968 an
2196 1901 2439 1987 aliquid
2466 1899 2767 1966 scientiae
2800 1919 3061 1981 accepe-

119 1991 268 2056 rint
288 2011 410 2076 per
431 1990 479 2056 85
506 1995 767 2076 propter
787 1992 1090 2058 meritum
1117 1991 1392 2068 Christi:
1448 2011 1575 2056 non
1621 2013 1791 2072 vero,
1827 2013 1943 2075 per
1970 1991 2127 2075 quid
2156 1990 2534 2074 acceperint,
2568 2011 2649 2052 an
2674 2009 2791 2072 per
2814 1985 3067 2070 praedi-

125 2080 458 2146 cationem
503 2079 962 2164 Apostolorum
999 2102 1215 2146 necne.
1263 2079 1382 2146 VI.
1429 2079 1646 2148 Probl.
1686 2079 1792 2144 An
1845 2078 2139 2145 Christus
2177 2079 2443 2144 meritus
2468 2077 2553 2143 sit
2576 2075 2883 2142 creaturis
2904 2074 3061 2139 irra-

121 2168 508 2234 tionalibus.
558 2170 734 2255 Resp.
783 2168 1058 2236 Videtur
1102 2192 1183 2235 ex
1235 2169 1517 2254 antiquis
1571 2168 1981 2235 Theodoreeus
2040 2169 2342 2234 meritum
2389 2167 2436 2233 81
2485 2163 3064 2232 reconciliationem

123 2255 384 2324 Christi
418 2257 546 2323 huc
575 2279 776 2343 usque
822 2258 1160 2324 extendere
1204 2258 1274 2322 in
1294 2269 1696 2324 commentar.
1729 2258 1816 2324 ad
1836 2258 2064 2341 Ephes.
2092 2257 2276 2322 1.10.
2304 2256 2487 2322 Hebr.
2516 2257 2575 2320 2.
2606 2257 2664 2317 9.
2691 2251 2817 2318 Sed
2840 2250 3065 2315 distin-

123 2345 396 2428 guenda
441 2350 539 2412 est
569 2369 714 2412 cum
743 2350 1018 2414 Gomara
1039 2348 1126 2413 ad
1159 2348 1384 2413 Coloss.
1416 2347 1472 2410 1.
1502 2347 1610 2412 20.
1628 2366 1776 2431 paq.
1811 2347 1962 2409 223.
1994 2345 2352 2429 pacificatio
2384 2347 2430 2411 &
2460 2339 2890 2409 reconciliatio
2920 2361 3065 2404 cum

121 2433 296 2512 Dee,
323 2435 372 2501 81
393 2435 694 2501 meritum
718 2434 960 2502 Christi
983 2437 1105 2503 hoc
1128 2438 1362 2502 directe
1388 2434 1688 2515 efficienS,
1715 2435 1796 2501 ab
1823 2433 2065 2501 effectis
2090 2434 2271 2522 [pag.
2300 2432 2462 2519 265]
2488 2456 2600 2498 seu
2624 2427 3067 2513 consequenti-

125 2525 258 2590 bus
305 2524 707 2608 quibusdam,
755 2525 964 2610 qualis
996 2548 1091 2591 ex.
1119 2548 1215 2611 gr.
1250 2525 1546 2590 liberatio
1569 2528 2005 2589 creaturarum
2032 2526 2069 2587 a
2092 2524 2375 2588 vanitate
2398 2529 2443 2584 8⁶
2467 2520 2774 2587 servitute
2806 2539 3065 2602 corrup-

119 2612 368 2679 tionis:
417 2614 586 2696 quod
629 2614 710 2679 ad
759 2636 877 2679 nos
917 2615 1074 2693 scil„
1101 2617 1148 2681 8:
1171 2617 1484 2698 quatenus
1509 2612 1729 2678 usibus
1751 2613 1989 2677 nostris
2011 2612 2388 2678 inserviunt.
2434 2610 2573 2687 Quo
2596 2607 2765 2674 refer
2790 2608 2967 2674 Rom.
3002 2607 3063 2672 8.

118 2723 188 2768 υ.
247 2701 353 2766 19.
402 2702 510 2767 22.
533 2704 782 2769 Hoseae.
818 2704 878 2767 2.
910 2724 968 2768 v.
997 2703 1100 2782 18.
1130 2704 1234 2768 20.
1263 2703 1370 2769 21.
1397 2702 1503 2766 22.
1539 2702 1598 2766 1.
1631 2702 1913 2767 Corinth.
1946 2702 2007 2766 3.
2035 2701 2142 2767 21.
2174 2702 2280 2765 22.
2308 2701 2414 2764 23.
2460 2698 2586 2765 Sed
2610 2697 2755 2763 inde
2785 2717 2913 2760 non
2938 2716 3063 2779 po·-

120 2793 264 2856 test
308 2789 536 2855 inferri
580 2790 906 2857 Christum
951 2794 1274 2857 mortuum
1303 2790 1502 2857 fuisse
1550 2792 1596 2857 81
1640 2790 1852 2875 legem
1881 2789 2245 2875 implevisse
2291 2810 2406 2874 pro
2439 2785 2733 2852 omnibus
2758 2782 3066 2851 creaturis

121 2878 414 2945 vanitati
458 2880 778 2965 subjectis,
824 2884 938 2945 aut
980 2879 1112 2945 illis
1136 2880 1580 2945 liberationem
1604 2880 1905 2944 meritum
1931 2900 2088 2956 esse,
2115 2878 2225 2943 sed
2247 2878 2461 2963 potius
2486 2876 2702 2941 electis
2728 2873 2880 2953 suis,
2908 2894 3065 2955 quo-

123 2988 280 3033 rum
319 2971 472 3033 sunt
499 2967 712 3034 omnia
742 2970 810 3033 in
834 2968 1090 3035 Christo
1113 2969 1160 3035 a
1185 2990 1297 3053 per
1323 2968 1650 3035 Christum
1678 2975 1736 3032 1.
1775 2967 2051 3035 Corinth.
2079 2968 2141 3031 3.
2168 2968 2273 3032 20.
2314 2966 2415 3032 11.
2454 2966 2610 3032 Tim.
2634 2965 2695 3029 4.
2722 2982 2879 3029 vers.
2914 2962 2974 3025 4.
3004 2960 3067 3025 5.

131 3058 261 3124 ¹151.
313 3056 344 3119 1
361 3104 376 3121 .
405 3056 507 3121 15.
539 3058 976 3124 Davenamius
997 3060 1071 3123 in
1099 3068 1498 3123 commentar.
1531 3058 1618 3122 ad
1651 3058 1874 3123 Coloss.
1908 3057 1965 3121 1.
1990 3077 2148 3122 vere.
2176 3056 2283 3121 20.
2308 3055 2463 3120 dicit
2490 3051 2563 3113 τὲ
2607 3052 2824 3119 omnia
2847 3070 3067 3116 recon-

121 3144 360 3211 ciliata
387 3166 504 3230 per
547 3146 924 3232 sanguinem
969 3144 1210 3212 Christi
1233 3146 1434 3230 accipi
1463 3167 1648 3230 posse
1682 3146 1758 3210 de
1779 3144 2149 3210 hominibus
2169 3145 2445 3230 proprie,
2476 3142 2758 3208 tollendo
2782 3140 3067 3224 ipsorum

127 3238 406 3320 peccata
451 3233 498 3300 ἃ
519 3234 684 3299 iram
712 3234 870 3313 Dei;
905 3236 981 3300 de
1013 3234 1282 3321 Angelis
1307 3235 1642 3321 analoqice,
1681 3234 1963 3299 tollendo
1986 3233 2481 3317 possibilitatem
2506 3230 2764 3295 labendi
2788 3231 2833 3295 81
2856 3228 3068 3292 1110111·-

123 3322 320 3389 rendi
343 3322 507 3388 iram
529 3323 844 3400 divinam3
871 3323 948 3389 de
971 3324 1252 3389 universi
1273 3323 1395 3389 hac
1425 3322 1670 3388 fabrica
1685 3322 2160 3407 methaphorice,
2184 3320 2513 3387 liberando
2540 3324 2578 3385 a
2600 3318 2905 3383 servitute
2930 3337 3067 3380 cor-

123 3411 477 3496 ruptionis,
531 3415 578 3479 a
622 3412 1016 3478 restituendo
1058 3412 1316 3478 nativae
1360 3433 1514 3477 suae
1557 3411 1919 3493 integritati
1958 3413 2005 3478 a
2045 3410 2525 3495 pulchritudini.
2574 3406 2699 3472 Sed
2742 3406 2823 3469 ob
2858 3405 3067 3468 locum

134 3500 382 3569 coloss.
431 3500 490 3565 1.
537 3501 643 3566 20.
690 3522 818 3566 11011
861 3505 957 3565 est
987 3502 1155 3585 quod
1191 3500 1626 3567 distinctiones
1648 3500 1812 3565 tales
1853 3499 2262 3565 advocemus:
2296 3498 2568 3581 simplex
2602 3494 2772 3560 enim
2797 3494 2843 3559 81
2873 3492 3070 3575 plana

125 3590 274 3673 ejus
321 3588 768 3673 interpretatio
811 3611 1006 3676 quam
1047 3589 1292 3655 habent
1316 3589 1624 3667 Piscator,
1653 3590 1969 3655 Gomarus
1994 3586 2105 3653 3⁰0.
2139 3588 2215 3651 de
2240 3586 2457 3651 electis
2482 3582 2806 3649 Ecclesiae
2836 3580 3068 3645 trium-

123 3676 404 3764 phantis
427 3678 475 3743 a
501 3678 841 3744 militantis
865 3678 1190 3758 membris,
1217 3677 1552 3762 analogiae
1575 3680 1907 3742 contextus
1940 3676 2208 3743 &totius
2238 3674 2605 3757 Scripturae
2642 3670 2881 3755 optime
2907 3690 3067 3733 con-

123 3766 336 3833 venit.
362 3764 622 3832 Adhaec
645 3766 859 3832 meriti
881 3788 998 3851 pro
1018 3767 1204 3832 nobis
1226 3766 1319 3853 (id
1333 3770 1432 3831 est
1452 3766 1589 3831 loco
1612 3768 1849 3845 nostro,
1869 3767 1907 3829 ὃ.
1930 3762 2245 3849 Sponsore
2260 3784 2335 3827 ac
2351 3760 2701 3827 Mediatore
2725 3755 3067 3843 praestiti,)

127 3874 530 3937 consequens
547 3876 698 3921 usus
713 3857 762 3923 81
777 3856 1033 3921 effectus
1056 3856 1137 3921 ad
1151 3856 1312 3920 alias
1323 3858 1644 3919 creaturas
1662 3857 1847 3918 exten
1855 3854 1919 3918 di
1938 3856 2167 3936 potest,
2191 3874 2309 3936 per
2322 3850 2726 3917 reflexionem
2751 3845 3071 3931 quandam

128 3943 249 4009 sed
269 3945 528 4008 tantum
549 3943 618 4009 in
640 3943 860 4009 ordine
883 3944 964 4009 ad
987 3945 1220 4010 electos
1243 3944 1560 4009 redemtos
1576 3942 1704 4007 :ita
1717 3945 1794 4007 ut
1809 3940 2101 4007 Christus
2124 3962 2241 4025 pro
2258 3939 2403 4005 aliis
2428 3936 2735 4004 creaturis
2758 3938 3069 4012 mortuus,

129 4036 252 4099 aut
263 4032 352 4096 iis
369 4031 523 4114 quid
546 4031 812 4098 meritus
829 4032 952 4097 dici
970 4054 1097 4099 non
1119 4033 1342 4118 possit,
1361 4031 1514 4116 quia
1536 4052 1754 4096 earum
1771 4028 2070 4113 Sponsor,
2096 4027 2431 4108 Mediator,
2450 4026 2794 4091 Redemtor
2807 4045 2935 4088 non
2952 4024 3069 4101 est,

129 4142 254 4187 nec
283 4119 368 4185 iis
397 4122 437 4184 a
462 4118 601 4185 Deo
626 4121 811 4187 datus
835 4124 953 4201 est,
978 4144 1097 4187 nec
1120 4121 1402 4186 vicissim
1426 4120 1578 4185 illae
1601 4119 1728 4204 ipsi
1753 4121 1792 4183 a
1814 4117 1953 4183 Deo
1976 4118 2161 4182 datae
2185 4117 2335 4185 sint.
2354 4136 2467 4200 pro
2484 4114 2716 4200 quibus
2741 4135 2807 4178 se
2832 4110 3069 4178 sancti-

131 4210 382 4275 ficaret.
405 4206 501 4274 Ut
521 4209 714 4275 verbo
730 4209 1077 4291 absolvam,
1102 4214 1253 4275 sunt
1275 4213 1602 4274 creaturae
1617 4207 1768 4272 illae
1785 4206 2029 4271 occasio
2044 4208 2091 4272 &
2114 4205 2383 4270 materia
2404 4205 2473 4268 in
2498 4203 2731 4287 quibus
2756 4204 2805 4269 &
2827 4202 2895 4266 in
2919 4221 3071 4284 qua·

131 4320 284 4364 rum
307 4318 433 4362 usu
457 4298 691 4363 exserit
712 4319 781 4364 se
804 4299 1176 4384 temporalis
1193 4297 1378 4364 favor
1397 4297 1523 4362 Dei
1538 4318 1694 4382 erga
1707 4295 1949 4373 fideleS,
1968 4299 2274 4378 tanquam
2296 4314 2686 4376 consequens
2706 4294 2751 4358 &
2777 4290 3073 4356 effectum

133 4384 590 4453 secundarium
618 4388 831 4454 meriti
857 4387 1132 4455 Christi:
1173 4388 1285 4453 sed
1314 4386 1580 4452 minime
1603 4389 1753 4451 sunt
1785 4384 2103 4469 objectum
2130 4383 2265 4449 cui:
2294 4383 2371 4447 de
2396 4402 2523 4466 quo
2550 4380 2655 4446 hic
2677 4378 3027 4464 quaeritur.

3001 4462 3071 4533 3.
