3694 4871
644 294 772 357 262
981 293 1193 359 Disr.
1240 290 1354 357 IX.
1404 290 1515 354 Da
1562 288 1809 354 SrAru
1859 292 2325 355 Emoronun
2373 312 2572 353 Aura
2619 290 3248 355 Convensmsmr.

645 482 1035 547 connexione
1066 502 1213 545 cnm
1260 478 1513 544 foedere
1564 478 1610 543 81
1656 475 1907 561 gratiae
1954 476 2078 541 Dei
2126 477 2524 541 destitutum.
2553 476 2787 541 Confer
2809 477 3066 561 Disput.
3093 477 3168 541 de
3195 476 3556 543 Gemilismo.
3642 476 3645 557 ξ

643 567 867 635 'Nolim
926 569 1123 634 etiam
1172 570 1503 656 affirmare
1536 587 1681 629 eum
1708 563 2218 648 Regeneratione
2242 587 2354 629 seu
2377 565 2784 631 conversione
2807 565 3066 641 actuali,
3091 565 3316 629 saltem
3339 565 3556 630 incom-
3642 586 3645 623 ÷

649 659 824 743 pleta
846 658 915 721 in
938 662 1147 722 totum
1174 657 1373 723 fuisse
1399 654 1797 719 destitutum.
1846 651 1932 717 II.
1976 654 2182 719 Probl.
2219 652 2385 729 Quid
2429 654 2505 718 de
2540 652 2742 719 Paulo
2777 658 2925 719 ante
2949 654 3422 719 conversionem
3441 676 3556 717 sen-

642 747 929 812 tiendum
949 750 981 810 ⁴?
1032 748 1209 831 Hesp.
1248 745 1473 810 Fuisse
1510 742 1872 827 regenitum
1897 742 1963 806 in
1985 742 2295 807 infantia:
2324 764 2450 826 quo
2473 740 2638 806 forte
2660 743 2886 807 referri
2908 742 3110 825 possit
3136 743 3335 809 Galae.
3366 742 3421 806 1.
3447 744 3535 805 15.
3645 786 3647 789 ⁴

647 834 951 911 Quamvis
997 836 1378 919 interpretes
1424 831 1844 896 communiter
1896 830 1972 895 de
1994 830 2206 915 gratia
2229 831 2498 895 relativa
2521 830 2858 915 accipiant.
2903 830 3032 896 Sed
3054 830 3290 895 sufficit
3311 832 3486 905 ratio,
3506 835 3538 893 11
3645 870 3647 887 2

646 924 1120 989 circumcisione
1143 924 1190 988 81
1216 926 1475 987 externo
1499 918 1750 984 foedere
1774 920 2128 1003 desumpta,
2154 941 2318 1002 quae
2339 921 2627 984 internae
2653 919 3102 984 foederationis
3141 920 3188 984 81
3209 920 3542 983 sanctitatis
3644 920 3647 989 g

648 1012 939 1096 symbola
992 1015 1142 1076 sunt
1186 1012 1253 1075 in
1300 1008 1596 1075 omnibus
1650 1008 1869 1072 electis
1915 1009 1962 1073 81
2005 1030 2116 1091 per
2146 1007 2474 1071 Christum
2509 1008 2882 1092 redemptis:
2917 1008 3128 1092 qualis
3151 1012 3286 1072 erat
3309 1008 3544 1072 Paulus.
3645 1030 3647 1087 3

650 1099 1135 1165 conversionem
1160 1100 1355 1164 etiam
1380 1098 1664 1180 aliquam
1686 1096 2136 1179 incompletam
2161 1096 2362 1159 nolim
2393 1097 2470 1160 de
2494 1097 2714 1161 eodem
2745 1095 2940 1160 Paulo
2984 1118 3232 1181 nequ-re.
3279 1094 3436 1161 Sunt
3455 1094 3548 1178 qui
3644 1120 3647 1169 1

650 1188 777 1252 11110
800 1187 1062 1252 trahant
1107 1188 1266 1253 illud
1294 1188 1353 1251 2.
1391 1187 1548 1252 Tim.
1590 1186 1647 1248 1.
1684 1184 1745 1247 3.
1784 1184 1898 1247 sed
1921 1184 2114 1248 aliam
2141 1185 2512 1251 &tutiorem
2537 1184 2726 1268 hujus
2753 1184 2872 1249 loci
2899 1185 3357 1269 expositionem
3379 1185 3552 1249 habet
3644 1208 3647 1237 ι

650 1277 820 1342 Beza
870 1278 943 1341 in
986 1278 1153 1341 notis
1198 1298 1275 1340 ex
1300 1274 1639 1341 conatione
1662 1274 1788 1337 Ace.
1816 1274 1918 1335 24.
1959 1271 2208 1337 14.111.
2241 1272 2580 1339 Probl.An
2606 1272 2806 1357 Lydia
2838 1274 2988 1357 (Act.
3029 1273 3140 1355 16)
3164 1274 3210 1339 ει
3233 1272 3550 1337 Eunuchus

650 1366 783 1431 Act.
809 1366 871 1430 8.
897 1364 944 1429 a
978 1364 1307 1429 Cornelius
1328 1365 1530 1428 Actor.
1563 1362 1663 1424 10.
1698 1359 1939 1425 fuerint
1961 1361 2202 1445 absque
2227 1361 2400 1424 omni
2425 1361 2928 1445 regeneratione,
2953 1365 3068 1426 8111
3091 1362 3316 1426 saltem
3342 1362 3552 1444 absque

650 1453 889 1518 actuali
912 1453 1318 1518 conversione
1337 1455 1369 1517 ⁴?
1403 1453 1583 1534 Hesp.
1618 1448 1940 1513 Neutrum
1972 1450 2228 1533 probari
2251 1454 2482 1533 potest.
2531 1447 2736 1514 Immo
2767 1450 2920 1532 quid
2946 1454 3122 1515 vetat
3156 1450 3360 1515 dicere
3383 1450 3551 1513 fuisse
3646 1504 3649 1509 .

648 1544 718 1606 in
771 1541 902 1605 illis
953 1541 1213 1626 (saltem
1259 1541 1328 1605 in
1372 1538 1572 1623 Lydia
1624 1538 1671 1604 81
1717 1537 2040 1621 Cornelio)
2080 1538 2462 1621 completam
2495 1541 2540 1605 82
2570 1539 3055 1621 pertendentem
3089 1540 3550 1603 conversionem.

653 1629 907 1695 Novam
932 1629 1149 1713 itaque
1172 1629 1355 1693 1118111
1379 1626 1871 1701 conversionem,
1899 1648 2062 1710 quae
2086 1627 2371 1701 accessit,
2389 1649 2516 1690 non
2540 1626 2733 1691 fuisse
2759 1628 3055 1710 primam,
3079 1628 3192 1692 sed
3214 1631 3550 1692 renovatam
3646 1636 3649 1709 ἔ

652 1721 699 1786 ἃ
745 1716 929 1801 quasi
976 1740 1209 1781 novam
1240 1720 1431 1799 atque
1457 1716 1652 1779 aliam
1675 1718 1815 1778 tum
1850 1714 2030 1801 [pag.
2061 1716 2224 1801 422]
2252 1716 2576 1779 extensive
2599 1718 2734 1779 tum
2769 1715 3112 1791 intensive:
3137 1716 3442 1799 imprimis
3461 1736 3552 1779 ex·
3646 1730 3650 1781 ἑ

654 1812 836 1871 tensa
864 1805 1229 1889 cognitione
1252 1804 1419 1881 fidei,
1461 1803 1715 1888 quaein
1742 1803 1900 1885 ipsis
1927 1807 2084 1883 erat,
2107 1806 2248 1868 tum
2273 1803 2578 1888 generali,
2603 1808 2741 1868 tum
2769 1804 3198 1888 applicatione
3221 1804 3470 1888 speciali
3488 1802 3554 1866 ad

651 1894 874 1959 Jesum
921 1892 1353 1971 Nazarenum,
1409 1914 1597 1976 quem
1650 1891 1959 1956 hactenns
1991 1892 2374 1977 ignorabant
2405 1914 2542 1957 esse
2566 1914 2786 1957 verum
2813 1892 2996 1957 illum
3029 1892 3354 1958 Messiam.
3399 1890 3554 1969 Quod

658 1984 881 2068 siquis
906 1982 1199 2066 objiciat:
1256 1981 1620 2067 Theologos
1672 1984 1923 2045 nostros
1968 1980 2126 2045 baec
2159 1981 2451 2063 exempla
2475 1981 2784 2046 adducere
2809 1985 2882 2045 ut
2911 1981 3058 2047 inde
3083 1982 3356 2065 probent
3375 1979 3555 2045 omni·

657 2073 911 2136 modam
958 2073 1005 2137 &
1050 2070 1487 2135 invincibilem
1518 2069 1797 2154 gratiam
1845 2067 1966 2133 Dei
2005 2069 2072 2133 in
2105 2069 2310 2152 primo
2336 2070 2761 2134 conversionis
2787 2074 2900 2133 aut
2922 2070 3418 2156 regenerationis
3437 2090 3556 2133 mo-

656 2164 895 2226 mento·
948 2162 1127 2245 Hesp.
1152 2159 1361 2224 Tanto
1386 2158 1617 2223 fortius
1650 2158 1967 2243 stringere
1999 2161 2478 2242 argumentum:
2511 2157 2566 2221 si
2591 2159 2762 2222 enim
2798 2157 2976 2223 Deus
2999 2164 3304 2243 operatur
3325 2155 3558 2243 speciali

656 2252 703 2315 &
749 2249 1185 2332 omnipotente
1231 2268 1347 2312 sua
1376 2246 1589 2331 gratia
1633 2249 2003 2310 renovatam
2049 2246 2542 2323 conversionem,
2568 2251 2808 2329 quanto
2840 2248 3049 2332 magis
3086 2248 3378 2331 primam.
3431 2244 3558 2309 Pari

656 2338 903 2401 ratione
949 2337 1018 2400 in
1072 2337 1295 2401 eadem
1342 2334 1770 2400 controversia
1801 2335 2120 2399 adducunt
2155 2334 2438 2419 Philipp.
2465 2336 2525 2398 2.
2563 2337 2662 2399 13.
2690 2336 2877 2402 Hebr.
2909 2338 3010 2399 13.
3051 2338 3286 2401 Cautio.
3327 2338 3380 2399 l.
3403 2337 3457 2399 4.
3471 2336 3556 2398 Je-

654 2448 808 2492 rem.
861 2426 965 2490 31.
1020 2426 1122 2490 18.
1178 2425 1291 2490 ubi
1336 2427 1554 2489 tamen
1602 2423 1679 2488 de
1724 2422 2092 2489 hominibus
2139 2423 2446 2508 regenitis
2471 2425 2516 2490 82
2548 2424 2866 2489 conversis
2889 2425 2998 2510 agi
3022 2448 3210 2490 nemo
3233 2422 3557 2512 negaverit.

654 2513 770 2580 IV.
822 2513 1031 2581 Probe.
1073 2513 1679 2589 Quid'statuendum
1727 2512 1803 2577 de
1849 2513 2096 2576 latrone
2125 2513 2195 2576 in
2227 2517 2452 2576 cruce?
2486 2515 2668 2596 Resp.
2717 2512 3046 2597 Siquidem
3077 2513 3279 2579 fuerit
3305 2513 3559 2578 Judaeus

657 2604 759 2689 (de
785 2624 910 2687 quo
934 2624 1061 2667 non
1086 2607 1242 2686 puto
1273 2601 1598 2680 dubitari),
1619 2602 1847 2666 eratin
1871 2600 2146 2665 infantia
2177 2601 2526 2684 regenitus.
2579 2601 2762 2666 Nihil
2789 2603 2863 2666 de
2887 2602 3126 2667 actuali
3166 2602 3304 2687 ejus
3325 2623 3558 2667 conver-

656 2691 855 2769 sione,
904 2691 1099 2756 etiam
1146 2691 1533 2774 incompleta
1576 2689 1773 2753 statui
1818 2693 2061 2773 potest:
2111 2689 2220 2754 sed
2268 2689 2334 2752 in
2381 2693 2727 2774 negantem
2765 2690 2979 2774 potius
3009 2691 3459 2756 inclinandum.
3483 2685 3552 2751 V.

658 2780 872 2846 Probe.
920 2779 1027 2843 An
1070 2778 1457 2860 δεσμόφυλαξ
1505 2778 1708 2843 Actor.
1763 2778 1865 2841 16.
1916 2779 2020 2842 27.
2073 2779 2177 2843 28.
2229 2778 2336 2842 29.
2381 2778 2447 2841 111
2480 2777 2756 2842 infantia
2779 2778 2977 2844 fuerit
2999 2781 3376 2864 regenitus?
3401 2781 3552 2860 Rap-

660 2868 997 2955 Asfirmari
1026 2890 1155 2932 non
1188 2870 1419 2951 potest,
1452 2867 1579 2931 nisi
1625 2870 1875 2931 constet
1897 2867 1969 2930 in
1997 2867 2262 2932 ecclesia
2285 2870 2509 2930 natum
2541 2867 2588 2932 81
2613 2867 2951 2932 educatum
2981 2868 3210 2934 fuisse:
3244 2867 3408 2952 quod
3447 2887 3552 2930 non

658 2961 756 3019 est
801 2955 1165 3020 verisimile.
1214 2955 1426 3040 Magis
1474 2955 1806 3039 probabile
1853 2958 1951 3019 est
1997 2978 2142 3020 eum
2190 2978 2266 3019 ex
2291 2955 2766 3020 conversatione
2791 2979 2935 3020 cum
2959 2955 3002 3020 J
3005 2956 3246 3034 udaeis,
3276 2957 3343 3021 in
3366 2955 3554 3020 adulta

657 3047 866 3108 aetate
912 3045 993 3107 ad
1047 3045 1303 3128 aliquod
1356 3044 1505 3108 fidei
1536 3046 1581 3110 82
1611 3042 1872 3127 pietatis
1905 3064 2178 3124 granum
2203 3043 2584 3128 pervenisse.
2633 3043 2750 3108 VI.
2803 3045 3015 3111 Probl.
3041 3045 3148 3108 An
3180 3045 3553 3131 Augustinus

657 3131 855 3196 fuerit
898 3133 1224 3216 regenitus
1270 3135 1317 3200 &
1364 3131 1700 3198 actualiter
1722 3153 2080 3208 conversUS,
2103 3135 2251 3197 ante
2275 3133 2679 3216 apostasiam.
2734 3134 2912 3218 Hesp.
2959 3131 3059 3198 De
3102 3133 3554 3218 regeneratione

655 3219 861 3304 primo
908 3221 1117 3304 prima
1161 3243 1287 3286 non
1332 3225 1433 3286 est
1463 3219 1908 3285 dubitandum.
1954 3219 2093 3285 Nec
2140 3221 2337 3285 etiam
2369 3221 2446 3285 de
2469 3220 2706 3285 actuali
2729 3222 3140 3288 conversione
3165 3221 3550 3305 incompleta:

656 3307 835 3392 cujus
883 3309 974 3373 rei
1022 3309 1209 3373 fidem
1240 3311 1485 3374 faciunt
1508 3309 1643 3387 illa,
1670 3331 1833 3392 quae
1858 3309 2056 3374 refert
2086 3309 2468 3394 Confession.
2495 3309 2599 3375 cib.
2631 3311 2692 3373 3.
2715 3331 2852 3395 cap.
2880 3312 2942 3374 6.
2991 3309 3140 3375 VII.
3193 3310 3398 3376 Probi.
3423 3307 3552 3384 Quis

656 3397 855 3461 fuerit
885 3400 1091 3462 status
1117 3397 1383 3463 Lutheri
1407 3402 1554 3462 ante
1580 3397 2056 3462 conversionem
2074 3401 2104 3462 Ρ
2152 3399 2332 3482 Hesp.
2362 3397 2462 3462 De
2508 3399 2992 3483 regeneratione
3023 3401 3160 3484 ejus
3183 3422 3310 3465 non
3334 3398 3550 3464 dubita·

657 3507 820 3551 mu8.
868 3484 994 3550 Sed
1020 3487 1173 3568 quid
1198 3487 1276 3552 de
1299 3486 1533 3550 actuali
1564 3486 1972 3551 conversione
1990 3491 2020 3551 ⁴?
2068 3484 2160 3551 Ut
2205 3487 2464 3570 quidem
2491 3487 2646 3567 vita,
2675 3488 2907 3567 studia,
2940 3489 3404 3565 meditationes,
3433 3491 3552 3550 ten·

657 3573 952 3648 tationes,
982 3577 1028 3640 &
1056 3576 1263 3640 luctae
1296 3575 1431 3659 ejus
1462 3575 1527 3638 in
1560 3574 1833 3658 Papatu,
1881 3574 1962 3638 ab
1989 3575 2130 3658 ipso
2153 3574 2200 3638 &
2225 3574 2706 3639 afamiliaribus
2753 3576 2977 3640 amicis
3009 3577 3460 3650 describuntur,
3481 3573 3551 3636 vi·

658 3662 845 3726 detur
871 3663 949 3726 ad
982 3663 1319 3728 minimum
1345 3662 1767 3746 incompletae
1790 3663 1960 3741 fidei,
1980 3665 2025 3730 &
2050 3663 2476 3727 conversionis
2507 3664 2787 3748 impetus
2819 3665 3247 3748 persensisse:
3294 3661 3551 3748 quamvis

658 3749 740 3814 ab
788 3749 991 3815 altera
1036 3755 1219 3835 parte
1246 3751 1643 3816 monachalis
1666 3751 1781 3815 illa
1803 3751 2064 3835 pietatis
2087 3751 2302 3834 praxis
2327 3753 2663 3816 admodum
2695 3752 2904 3818 vicina
2933 3755 3226 3818 videatur
3269 3749 3550 3817 subtiliori

656 3838 1000 3921 hypocrisi.
1049 3838 1230 3904 VIII.
1280 3840 1495 3907 Probl.
1544 3837 1707 3915 Quid
1754 3840 1831 3905 de
1878 3840 2171 3923 plurimis
2213 3840 2498 3918 eruditiS,
2529 3863 2646 3906 nec
2669 3845 2924 3906 caetera
2947 3841 3042 3906 ita
3063 3843 3288 3918 malis:
3313 3857 3548 3924 quorum

3641 1824 3651 2371 ῌ-ᾲ-ᾣ-ῌΛ--ῌ-ῃ
3647 1782 3649 1807 -
3647 1714 3649 1725 -
3646 1690 3649 1699 -
3644 1514 3649 1609 ,μὲ-

656 3926 769 3990 8111
802 3927 880 3990 811
903 3950 1017 3992 nos
1039 3929 1453 4006 transierunt,
1480 3929 1589 3993 sed
1604 3928 1711 3992 vix
1734 3949 1847 4011 per
1871 3928 2084 3994 omnia
2107 3928 2384 3993 sinceros
2409 3931 2455 3994 81
2475 3930 2682 3994 1101180
2706 3929 2884 4015 frugi
2907 3930 3285 3996 reformatos
3307 3952 3372 3994 se
3393 3948 3549 4012 prae-
3651 3925 3653 3944 '

657 4015 979 4094 stiterunt,
1006 4020 1118 4080 aut
1141 4021 1404 4101 propter
1426 4016 1706 4080 rationes
1730 4017 2084 4081 mundanas
2109 4017 2189 4080 ad
2213 4016 2522 4084 vomitum
2539 4019 2826 4092 redeunt;
2853 4019 2989 4097 alii,
3013 4019 3124 4103 qui
3146 4019 3314 4084 inter
3335 4021 3548 4082 utrum·
3651 4077 3653 4084 .

659 4125 783 4187 que
835 4103 1053 4168 volant
1092 4107 1139 4170 &
1170 4105 1518 4180 fluctuant:
1575 4105 1686 4168 alii
1732 4105 1803 4168 in
1833 4105 2117 4188 Papatus
2141 4105 2579 4170 communione
2604 4111 3054 4189 permanentes
3080 4111 3186 4192 (ex
3219 4129 3418 4172 errore
3433 4102 3548 4168 scil.

654 4191 824 4256 circa
874 4193 1087 4274 capita
1133 4194 1209 4256 de
1254 4193 1561 4270 Ecclesia,
1615 4215 1771 4278 pace
1796 4193 2242 4266 ecclesiastica,
2269 4194 2565 4259 scismate
2597 4197 2698 4260 810.
2725 4201 2836 4260 8111
2865 4201 3127 4280 propter
3151 4197 3310 4261 haec
3332 4199 3376 4262 ἃ
3393 4192 3548 4272 talia)

660 4279 996 4363 plerosque
1041 4283 1279 4358 tamen,
1330 4283 1383 4345 si
1431 4304 1556 4346 non
1606 4304 1823 4346 omnes
1871 4283 2007 4366 ejus
2063 4304 2304 4346 errores
2337 4283 2495 4347 satis
2519 4283 2933 4367 perspiciunt,
2960 4286 3006 4351 8⁶
3034 4285 3140 4362 iis,
3165 4286 3278 4350 ubi
3301 4283 3547 4370 possunt,
3651 4299 3653 4324 ³

656 4370 825 4432 tecte
871 4367 1341 4444 contradicunt:
1389 4369 1502 4434 alii
1549 4369 2068 4434 reformationem
2113 4392 2258 4434 cnm
2307 4372 2386 4435 ad
2431 4376 2684 4456 tempus
2725 4373 3177 4458 postulassent,
3203 4377 3250 4440 81
3271 4374 3338 4437 111
3363 4367 3548 4436 multis

3361 4475 3550 4528 causae
