3694 4871
346 293 560 360 Disr.
608 292 784 359 VII.
836 295 1502 359 PaosLnnA'run
1550 315 1646 359 nn
1693 295 2051 359 Msssiro
2100 295 2481 361 Cnalsr1
2531 297 2760 362 Pius
2810 297 2892 362 V.
2964 299 3094 362 213

152 479 365 545 citati.
411 479 736 562 Imprimis
787 503 928 544 eam
977 480 1253 564 explicat
1306 480 1352 544 &
1397 485 1615 546 tuetur
1672 483 1988 547 Gomarus
2037 483 2163 546 loco
2188 482 2349 546 citae.
2377 481 2578 557 Quem
2602 504 2715 556 nos
2746 483 3087 566 sequimur.

150 567 518 650 Utramque
547 569 930 632 sententiam
948 569 1245 632 conciliat
1269 570 1588 652 Aleinqius
1613 572 1720 634 loc.
1745 569 2256 652 cit.distinctione
2288 569 2577 634 adhibita
2603 571 2769 636 inter
2794 572 3086 637 meritum

149 656 508 740 improprie¹
558 659 604 722 81
659 657 910 740 proprie
937 659 982 722 &
1013 657 1273 722 dictum.
1299 657 1600 722 XXXVI.
1636 658 1851 724 Probl.
1878 659 1983 721 An
2015 657 2134 722 (1101
2162 659 2367 741 possit
2399 657 2725 723 Christum
2748 661 3092 724 secundum

147 745 440 808 divinam
465 749 761 808 naturam
787 745 938 828 quid
962 745 1263 809 meritum
1289 768 1446 822 esse,
1475 770 1586 810 seu
1612 746 1887 830 gloriam
1915 745 2215 810 Deitatis.
2242 749 2419 829 Resp.
2446 747 2495 810 A
2504 751 2571 834 ff
2599 747 2687 811 Et
2704 748 2881 812 docte
2900 752 3089 832 atque

147 835 451 897 accurate
504 833 568 896 id
613 833 890 916 explicat
939 835 1255 899 Gomarus
1301 837 1426 900 loco
1471 836 1568 899 cit.
1617 837 1662 900 a
1709 835 1910 898 nostri
1959 857 2102 898 cum
2128 837 2349 898 contra
2372 833 2743 900 Pontificios
2775 838 2821 902 &
2844 835 3085 900 Luthe-

145 945 347 985 ranos
379 925 638 985 tuentur
663 922 1046 986 sententiam
1079 945 1262 986 suam
1294 924 1369 986 de
1395 923 1672 988 sessione
1704 923 1782 986 ad
1807 923 2116 987 dextram.
2164 921 2329 987 Vide
2362 924 2711 1006 Allinyium
2741 923 2945 990 Probe.
2982 925 3086 988 45.

143 1009 238 1073 Et
289 1009 642 1076 Zancleia-m
666 1011 741 1074 de
765 1012 1088 1075 Incarnat.
1111 1032 1260 1096 pay.
1292 1011 1439 1075 514.
1469 1012 1615 1074 515.
1645 1010 1879 1076 Confer
1903 1011 2101 1076 thesin
2126 1023 2393 1096 sequent.
2424 1012 2637 1078 Probe.
2666 1012 2725 1075 4.
2761 1011 3088 1077 XXXVII.

146 1099 370 1164 Proba.
431 1097 532 1162 An
585 1099 852 1162 meritus
897 1099 980 1163 sit
1026 1099 1346 1163 humanae
1393 1121 1544 1163 suae
1594 1104 1860 1164 naturae
1918 1099 2367 1183 adoptionem?
2403 1102 2580 1182 Resp.
2602 1099 2903 1175 Quaestio
2929 1101 3088 1165 haec

140 1186 610 1270 praesupponit
641 1187 1002 1271 opinionem
1034 1200 1144 1253 aut
1167 1189 1472 1254 Durandi
1508 1190 1554 1254 &
1581 1189 1859 1254 Bas-solis
1881 1189 1969 1253 ad
1992 1187 2050 1251 3.
2078 1189 2221 1252 disc.
2250 1188 2307 1250 4.
2336 1193 2462 1271 qua
2487 1188 2777 1252 Christus
2803 1193 2874 1252 ut
2898 1189 3089 1253 homo

141 1276 464 1339 statuitur
481 1275 651 1340 filius
669 1274 792 1339 Dei
816 1276 1150 1360 adoptivus
1167 1287 1299 1341 :aul
1322 1277 1484 1341 Scoci
1506 1278 1592 1341 ad
1616 1279 1675 1340 3.
1703 1277 1842 1341 disc.
1880 1277 1981 1355 10,
2007 1299 2170 1360 quae
2195 1275 2347 1340 dicit
2362 1275 2832 1340 humanitatem
2848 1277 3089 1342 Christi

145 1364 556 1428 denominari
609 1387 793 1447 posse
839 1364 1038 1428 filiam
1102 1365 1500 1448 adoptivam:
1551 1378 1662 1430 aul
1710 1366 2015 1450 Almayni
2063 1367 2109 1431 81
2138 1365 2397 1448 Majoris
2420 1365 2505 1430 ad
2530 1365 2593 1427 3.
2619 1366 2759 1431 dist.
2792 1367 2895 1428 10.
2921 1388 3085 1448 quae

143 1452 446 1524 concedit
499 1475 686 1536 posse
743 1452 1088 1517 humanam
1145 1459 1438 1518 naturam
1482 1453 1606 1518 dici
1649 1455 2037 1537 adoptatam.
2072 1451 2197 1518 Sed
2227 1452 2737 1536 quandoquidem
2770 1457 2898 1517 tres
2934 1454 3085 1518 illae

141 1540 490 1624 opiniones
537 1541 736 1605 falsae
785 1541 830 1606 &
879 1545 917 1605 a
949 1541 1336 1607 Scholasticis
1365 1543 1452 1606 ad
1477 1543 1536 1605 3.
1563 1554 1801 1628 quaest.
1827 1541 1931 1604 23.
1961 1553 2081 1606 art.
2110 1542 2173 1604 4.
2198 1541 2636 1620 communiter,
2663 1545 2736 1606 ut
2758 1541 2803 1604 8z
2840 1543 3086 1607 Becano

136 1629 246 1694 lib.
273 1631 380 1694 cil.
405 1650 541 1713 cap.
573 1630 674 1694 18.
704 1642 939 1716 quaest.
968 1630 1008 1692 4
1039 1629 1097 1695 ἃ
1127 1631 1186 1695 5.
1219 1631 1376 1695 satis
1401 1653 1716 1714 superque
1746 1629 2066 1694 refutatae
2090 1633 2259 1708 sunt,
2285 1651 2411 1693 non
2444 1633 2541 1694 est
2564 1631 2733 1713 quod
2755 1630 2831 1694 de
2856 1630 3084 1694 merito

138 1717 509 1800 adoptionis
534 1718 919 1782 laboremus,

228 1803 304 1874 2.
343 1805 670 1870 Hactenus
696 1806 770 1870 de
797 1807 1011 1871 meriti
1035 1805 1275 1871 Christi
1302 1807 1669 1871 extensione
1717 1807 2051 1890 objectiva.
2100 1805 2581 1872 Consideremus
2612 1829 2779 1871 nunc
2804 1807 3083 1890 ejusdem

139 1894 586 1958 extensionem
633 1895 1068 1978 subjectivam,
1126 1896 1200 1960 de
1247 1899 1372 1978 qua
1429 1896 1772 1960 secundum
1817 1917 2173 1979 personam,
2226 1899 2507 1973 naturas,
2557 1899 2770 1978 partes
2818 1897 3083 1961 naturae

143 1981 495 2058 humanae,
522 1987 746 2057 status
775 1984 1054 2048 actiones
1079 1985 1124 2048 81
1148 1985 1473 2068 passiones
1497 1984 1718 2068 quaeri
1741 1988 1970 2068 potest.
2013 1983 2113 2048 Sit
2137 2005 2307 2068 ergo.
2347 1983 2404 2046 1.
2432 1982 2646 2048 Probe.
2681 1982 2786 2046 An
2810 2005 3079 2066 persona

140 2069 392 2135 Christi
418 2071 464 2136 ἃ
490 2069 780 2135 Christus
805 2071 951 2130 3εῶ
955 2077 1198 2147 ἓρωπσς
1224 2073 1310 2136 sit
1335 2073 1661 2156 proprium
1691 2076 1736 2138 a
1760 2074 2185 2156 adaequatum
2208 2071 2421 2134 meriti
2445 2071 2833 2154 subjectum.
2817 2075 2847 2122 9
2894 2072 3075 2154 Resp.

139 2163 266 2246 Aff.
321 2158 626 2224 Actiones
678 2160 846 2224 enim
893 2164 1042 2225 sunt
1087 2162 1576 2244 suppositorum.
1633 2161 1851 2244 ObJect.
1901 2161 2077 2245 Ergo
2110 2159 2347 2223 Christi
2378 2181 2645 2242 persona
2669 2159 2907 2223 Christi
2932 2181 3077 2243 per-

139 2271 338 2312 sonae
367 2252 534 2312 esset
566 2247 812 2325 merita,
842 2251 887 2314 81
912 2249 1213 2331 quidem
1192 2271 1230 2312 a
1253 2249 1492 2314 Christi
1521 2253 1840 2332 persona?
1888 2250 2071 2332 Resp.
2103 2245 2290 2312 Nihil
2316 2247 2607 2324 absurdi,
2634 2247 2881 2311 diverso
2908 2247 3077 2312 enim

135 2340 441 2420 respectu
455 2359 724 2419 persona
739 2337 951 2400 divina
977 2335 1134 2396 κατὰ
1162 2341 1503 2410 Ιθεολογίκν,
1535 2341 1648 2400 aut
1671 2338 1807 2396 κατ’
1831 2359 1877 2395 o.
1872 2340 2153 2412 ’κονομὶαν
2178 2335 2570 2399 considerata
2576 2335 2847 2419 ,optime
2863 2336 3077 2402 omnia

138 2425 426 2509 explicat
456 2426 501 2490 81
540 2425 852 2491 conciliat.
903 2423 1006 2490 Sic
1032 2425 1323 2490 Christus
1349 2424 1512 2489 sibi
1497 2425 1622 2509 lpsi
1647 2424 1981 2508 subjicitur
2004 2427 2310 2507 tanquam
2334 2446 2570 2501 servus,
2606 2425 2772 2509 apud
2796 2424 3076 2508 seipsum

137 2512 484 2591 Mediator,
516 2536 583 2578 se
607 2514 744 2597 ipso
770 2516 970 2597 major
994 2517 1040 2581 &
1063 2515 1289 2591 minor,
1317 2514 1439 2577 dici
1464 2518 1694 2597 potest.
1738 2514 2007 2579 Thomas
2026 2525 2189 2596 part.
2220 2514 2279 2576 3.
2304 2524 2540 2598 quaest.
2568 2514 2669 2575 20.
2697 2525 2815 2578 art.
2849 2514 2911 2577 2.
2936 2514 3075 2577 vult

135 2623 272 2667 non·
313 2602 691 2685 simpliciter
736 2602 1068 2667 dicendum
1114 2602 1438 2667 Christum
1469 2602 1569 2666 sui
1600 2602 1800 2686 ipsius
1825 2624 2095 2677 servum,
2123 2624 2189 2665 se
2214 2600 2352 2684 ipso
2377 2604 2491 2664 aut
2512 2599 2705 2665 Patre
2739 2601 3070 2686 minorem,

135 2690 246 2754 sed
295 2713 447 2754 cum
492 2690 1034 2769 determinatione,
1084 2696 1156 2755 ut
1203 2691 1411 2767 homo,
1455 2712 1568 2755 seu
1599 2692 1940 2755 secundum
1963 2690 2311 2754 humanam
2336 2692 2652 2754 naturam.
2704 2692 2962 2755 Zwarez
2990 2691 3076 2756 ad

137 2780 246 2844 loc.
303 2779 579 2844 Thomac
621 2780 781 2844 citat.
829 2780 994 2864 disp.
1045 2783 1149 2843 43.
1195 2792 1331 2845 sect.
1385 2780 1442 2843 1.
1477 2780 1553 2843 de
1585 2801 1698 2844 suo
1725 2779 1899 2843 addit
1928 2778 2107 2842 illam
2132 2777 2627 2861 propositionem
2653 2776 2941 2863 (verbum
2965 2800 3075 2845 seu

133 2869 310 2952 filius
343 2878 433 2931 cst
468 2868 683 2932 minor
717 2868 934 2953 Patre)
979 2891 1112 2932 esse
1137 2868 1514 2952 simpliciter
1537 2868 1766 2931 falsam
1793 2868 1929 2931 sine
1955 2867 2089 2930 ulla
2113 2865 2527 2930 dubitatione.
2578 2863 2703 2930 Sed
2727 2868 2861 2931 sine
2886 2868 3071 2932 dubi-

135 2956 386 3019 tatione
413 2977 558 3019 eum
579 2956 685 3020 hic
709 2978 919 3021 errare
942 2978 1199 3034 cense03
1226 2956 1532 3040 quidquid
1558 2978 1624 3020 se
1643 2956 1724 3020 ab
1741 2951 2093 3039 objectione
2112 2977 2189 3018 ex
2207 2952 2533 3037 Scriptura¹
2550 2956 2595 3019 81
2610 2953 2859 3019 Thoma
2875 2955 3072 3020 allata

137 3043 440 3128 expedire
479 3048 771 3109 conetur:
811 3043 1022 3129 Magis
1055 3046 1225 3109 enim
1257 3044 1590 3129 magisque
1619 3043 1714 3108 vir
1738 3044 2021 3127 alioquin
2044 3041 2498 3107 subtilissimus
2528 3064 2596 3107 se
2621 3044 2900 3107 intricat.
2948 3043 3068 3109 To·

144 3136 323 3207 „tum
361 3132 446 3211 id,
473 3131 679 3215 inquit
706 3134 884 3219 [pag.
913 3133 1074 3219 281]
1103 3134 1270 3217 quod
1294 3138 1391 3197 est
1423 3132 1714 3197 Christus
1740 3135 2143 3215 comparatur
2167 3152 2311 3194 cum
2334 3129 2547 3210 Patre,
2573 3130 2619 3195 81
2644 3131 2926 3196 affirmat
2950 3132 3068 3196 ali-

145 3222 340 3303 „quid
391 3242 527 3285 esse
550 3222 759 3285 minus
785 3221 917 3299 1110,
952 3223 1119 3304 quod
1149 3221 1524 3305 simpliciter
1549 3220 1782 3284 falsum
1808 3224 1924 3299 est,
1950 3220 2101 3302 quia
2124 3220 2191 3282 in
2216 3217 2470 3283 Christo
2498 3223 2593 3283 est
2617 3219 2876 3303 aliquid,
2904 3221 3069 3303 quod

145 3332 310 3387 „non
363 3312 464 3373 est
497 3310 704 3373 minus
729 3332 921 3393 quam
944 3308 1160 3375 Pater.
1206 3308 1394 3395 Resp.
1445 3307 1682 3373 Mirum
1708 3313 1806 3373 est
1827 3330 1955 3371 non
1978 3308 2228 3372 novisse
2252 3307 2462 3390 ipsum
2487 3307 2877 3391 distinguere
2903 3308 3068 3372 inter

145 3401 396 3475 „totum
445 3398 787 3475 Christum,
836 3399 882 3462 &
927 3401 1134 3462 totum
1181 3396 1441 3462 Christi.
1489 3396 1794 3475 Secundo,
1842 3397 2072 3479 inquit,
2116 3397 2162 3460 ἃ
2184 3395 2437 3473 clarius,
2465 3396 2615 3478 quia
2636 3395 3066 3479 praedicatum

146 3487 467 3571 ,(ιηίιιον)
516 3486 782 3550 includit
817 3486 1222 3570 negationem
1270 3490 1734 3570 repugnantem
1780 3485 2107 3568 supposito
2156 3482 2427 3548 Christi:
2462 3484 2821 3567 praedicata
2853 3488 3066 3549 autem

146 3596 350 3657 „quae
383 3578 530 3637 sunt
561 3573 943 3657 hujusmodi,
971 3575 1068 3639 vel
1101 3574 1278 3638 nullo
1301 3574 1486 3638 modo
1511 3574 1778 3638 attribui
1803 3578 2069 3657 possunt
2092 3572 2344 3637 Christo
2375 3572 2573 3636 etiam
2598 3594 2739 3634 cum
2765 3571 3063 3637 determi-

144 3663 444 3739 „natione
492 3664 594 3747 (ut
623 3662 843 3748 homo)
869 3664 966 3727 8⁶0.
999 3663 1096 3727 vel
1128 3663 1356 3727 saltem
1384 3684 1510 3726 non
1533 3662 1947 3726 enuntiantur
1978 3661 2053 3725 de
2079 3660 2352 3735 Christo,
2378 3660 2515 3723 sine
2540 3659 3063 3724 determinatione

147 3751 282 3835 ,(ut
333 3751 554 3826 homo)
601 3753 852 3835 quando
897 3752 1010 3815 illa
1059 3751 1297 3817 sufficit
1344 3751 1424 3814 ad
1470 3750 1869 3815 limitandam
1899 3749 2305 3835 negationem
2328 3748 2407 3812 ad
2431 3770 2566 3811 esse
2593 3747 2962 3825 humanum,
2995 3752 3067 3812 ut

148 3839 540 3925 ¹,contingit
523 3862 590 3903 m
614 3839 733 3904 hoc
757 3840 1116 3923 praedicato
1142 3840 1398 3923 (incepit
1426 3839 1605 3924 esse),
1631 3840 1774 3903 vel
1756 3862 1824 3903 111
1847 3838 1969 3903 hac
1993 3860 2142 3905 voce
2168 3841 2199 3923 (
2199 3848 2357 3901 creat
2366 3836 2515 3922 ura)
2534 3836 2817 3921 rigorose
2834 3840 3064 3903 sumta.

141 3929 320 4013 Hesp.
372 3927 496 3992 Sed
543 3928 918 4013 gravissime
965 3928 1412 3992 hallucinatur.
1468 3929 1522 3991 1.
1576 3927 1740 4002 Quia
1787 3927 2028 4010 petitur
2074 3925 2473 4010 principium,
2520 3925 2715 3988 immo
2745 3929 3065 4010 negantur

139 4016 612 4100 quamplurima
657 4015 1020 4100 Scripturae
1058 4016 1444 4095 testimonia,
1491 4016 1646 4099 quin
1677 4018 1956 4081 &totum
1978 4014 2351 4098 mysterium
2380 4013 2831 4077 incarnationis
2856 4014 2904 4079 81
2927 4037 3065 4079 1110-

143 4104 467 4169 diationis,
514 4102 743 4169 Omnia
770 4127 923 4190 ergo
947 4104 1330 4188 praedicata,
1365 4126 1527 4187 quae
1551 4103 1881 4188 Scriptura
1904 4102 2131 4167 tribuit
2156 4100 2429 4181 Christo,
2454 4123 2581 4183 qua
2602 4100 2983 4168 Mediatori
2965 4126 3065 4167 m-

140 4193 398 4257 cludent
428 4193 832 4277 negationem
858 4196 1322 4277 repugnantem
1347 4193 1672 4275 supposito
1698 4192 1975 4269 Christo,
2001 4212 2145 4254 cum
2166 4152 2436 4255 loha-nni
2478 4189 2580 4256 14.
2605 4190 2834 4254 dicitur
2858 4192 3065 4255 minor

139 4277 352 4360 Patre,
401 4280 449 4345 8z
495 4282 667 4347 Jeza.
711 4284 817 4345 42.
843 4304 986 4345 011111
1023 4281 1287 4347 Zachar.
1317 4282 1377 4344 6.
1405 4282 1671 4347 Malach.
1699 4282 1757 4346 3.
1787 4302 2003 4344 servus
2034 4278 2176 4357 Dei,
2204 4279 2469 4364 angeIus
2504 4278 2797 4358 foederiS,
2830 4282 2929 4345 810.
2975 4278 3065 4343 Et

141 4370 454 4451 quomodo
501 4392 734 4454 quaeso
779 4394 893 4455 per
937 4392 1124 4436 suum
1165 4369 1268 4457 (ιιι
1309 4370 1526 4457 homo)
1558 4370 1865 4435 limitabit
1891 4368 2053 4433 illud
2085 4368 2363 4453 Philipp.
2401 4368 2461 4431 2.
2486 4388 2644 4433 vers.
2682 4374 2739 4431 7.
2784 4368 3061 4467 seipsum

2843 4478 3060 4520 exma-
