3694 4871
713 331 2456 400 D1sp.111.DnJunnmJusvmqu.
2966 333 3051 396 45

126 527 220 588 ter
260 545 340 587 an
381 522 508 588 dici
557 521 779 606 possit,
819 521 1032 586 Deum
1064 543 1139 584 ea
1161 520 1326 586 velle
1358 522 1404 586 δι
1436 520 1772 596 mandare.;
1800 521 1953 603 quia
1984 521 2447 598 antecedenter,
2472 521 2518 586 δι
2541 541 2655 602 per
2680 518 2853 604 prius
2880 519 3055 602 justa

127 614 170 678 a
211 616 378 676 recta
424 611 576 675 sint.
625 609 1003 674 Scholastici
1034 609 1124 674 sic
1149 613 1486 693 quaerunt,
1515 608 1614 672 An
1643 608 1857 672 omnia
1881 614 2219 694 praecepta
2244 608 2529 692 decalogi
2555 607 2685 670 sint
2716 606 3053 670 mutabilia

129 705 234 764 aut
259 699 733 783 dispensabilia.
790 697 1070 762 Subinde
1096 701 1414 780 quaerunt
1433 697 1536 760 An
1559 697 1773 760 omnia
1797 698 1927 761 sint
1942 699 2104 780 juris
2128 697 2458 762 naturalis.
2486 695 2609 760 Sed
2625 701 2763 760 tum
2788 694 3052 760 confun-

127 789 274 851 dunt
289 789 387 870 ius
407 787 700 852 naturale
724 787 1098 864 humanum,
1124 790 1436 871 quatenus
1459 786 1695 852 inest&
1719 785 1899 850 adest
1918 787 2181 862 homini,
2207 809 2351 850 cum
2366 787 2503 868 jure
2526 784 2804 848 naturali
2820 784 3054 862 divino,

128 881 431 962 quatenus
471 876 628 940 illud
663 876 828 939 inest
851 878 964 938 aut
986 875 1165 939 adest
1186 875 1325 939 Deo
1357 874 1422 938 in
1449 874 1664 938 ordine
1690 875 1734 939 δι
1769 875 2155 940 revelatione
2181 875 2261 938 ad
2283 874 2626 938 hominem.
2662 870 2840 936 Solet
2862 871 3055 935 etiam

129 965 546 1029 controversia
590 964 656 1028 in
681 963 1142 1048 hypothesibus
1166 963 1546 1046 quibusdam
1571 964 1859 1046 proponi,
1886 964 1931 1026 δι
1954 963 2283 1047 speciatim
2306 963 2456 1026 huic
2488 965 2599 1026 aut
2621 960 2720 1024 illi
2744 960 2914 1024 actui
2940 983 3055 1043 ap-

128 1054 378 1136 plicari:
414 1075 576 1136 quas
607 1052 778 1116 infra
801 1052 864 1115 in
893 1052 1033 1134 ipsa
1065 1051 1542 1135 disceptatione,
1576 1054 1621 1118 ἃ
1645 1051 2053 1116 consectariis
2076 1051 2602 1136 perstringemus·

208 1139 274 1210 2.
323 1141 728 1226 Argumenta
775 1145 990 1204 nostra
1011 1143 1182 1205 sunt.
1223 1139 1273 1204 I.
1311 1141 1458 1223 Arq.
1486 1139 1928 1222 Dependentia
1959 1145 2285 1216 creaturae
2310 1138 2640 1203 rationalis
2667 1141 2706 1202 a
2749 1136 2906 1216 De0,
2932 1143 3061 1222 qua

129 1230 250 1293 scil.
285 1230 619 1294 rationalis
668 1233 784 1308 est,
839 1231 884 1296 δι
931 1229 996 1292 in
1029 1251 1260 1313 genere
1297 1229 1492 1292 moris
1525 1251 1598 1292 ac
1630 1228 1693 1292 in
1720 1228 1939 1292 ordine
1979 1230 2057 1293 ad
2082 1232 2323 1294 rectam
2348 1227 2659 1292 rationem
2684 1231 2821 1290 tam
2842 1248 3059 1290 neces·
3086 1260 3094 1266 ·

131 1317 288 1382 saria
332 1323 454 1396 est,
505 1323 578 1382 ut
629 1318 990 1402 oppositum
1038 1318 1172 1400 ejus
1228 1317 1722 1400 repugnantiam
1775 1317 1956 1388 dicat,
1976 1317 2041 1381 in
2066 1317 2375 1394 terminis,
2403 1339 2477 1380 ac
2498 1315 3061 1380 contradictionem

131 1405 434 1490 implicet:
453 1405 625 1470 Huic
641 1406 1095 1489 dependentiae
1118 1407 1406 1488 passivae
1431 1409 1468 1470 a
1484 1410 1664 1489 parte
1691 1409 2037 1481 creaturae,
2064 1407 2401 1490 respondet
2416 1405 2838 1488 dependentia
2853 1405 3061 1468 activa

135 1498 170 1558 a
214 1499 392 1578 parte
431 1495 575 1563 Dei.
627 1495 806 1578 cujus
853 1495 1216 1577 oppositum
1263 1493 1484 1558 itidem
1529 1494 2091 1558 contradictionem
2128 1494 2504 1578 implicaret.
2552 1491 2677 1557 Vel
2702 1493 2813 1572 sic,
2839 1491 3062 1556 Omnis

136 1589 412 1648 creatura
461 1583 791 1648 rationalis
842 1581 977 1646 Deo
1018 1583 1244 1664 subjici
1291 1583 1478 1646 debet
1525 1583 1943 1662 rationaliter,
1978 1586 2025 1648 8⁶
2070 1583 2395 1666 obligatur
2431 1583 2512 1646 ad
2535 1581 2980 1660 obedientiam,
3008 1581 3062 1644 si

139 1671 302 1736 Deus
326 1673 451 1755 ipsi
478 1672 630 1757 quid
655 1673 934 1746 mandet,
961 1674 1073 1734 aut
1091 1672 1174 1734 ab
1199 1693 1272 1735 ea
1296 1671 1608 1754 postulet:
1637 1693 1790 1756 ergo
1815 1694 1893 1735 ex
1918 1671 1982 1735 vi
2008 1671 2353 1736 relatorum
2370 1675 2467 1735 est
2490 1671 2557 1734 in
2580 1669 2717 1734 Deo
2742 1670 2839 1752 ius
2863 1669 3063 1753 subji-

143 1761 332 1825 ciendi
379 1761 506 1826 sibi
553 1763 599 1826 a
645 1759 974 1844 obligandi
1027 1764 1318 1823 creatura
1354 1759 1734 1824 rationalem
1782 1760 1863 1824 ad
1886 1759 2311 1824 obedientiam
2336 1784 2351 1834 ς
2393 1759 2560 1843 quod
2590 1759 2910 1843 abnegare
2942 1781 3067 1822 non

141 1853 356 1930 potest,
383 1854 498 1914 aut
525 1851 660 1930 ejus
685 1848 1050 1932 oppositum
1075 1848 1408 1912 decernere
1441 1869 1515 1912 ac
1537 1849 1901 1932 praecipere
1918 1848 2054 1912 sine
2071 1848 2503 1932 implicatione
2522 1846 3061 1912 contradictionis.

145 1937 288 2001 Esse
327 1942 476 2002 aute
525 1939 654 2002 tale
692 1937 798 2021 jus
831 1936 1203 2014 necessariO,
1231 1937 1276 2000 8⁶
1307 1937 1798 2002 immutabiliter
1819 1937 1887 2000 in
1912 1935 2071 2014 De0,
2096 1937 2215 2001 hoc
2239 1940 2336 2000 est
2358 1936 2802 2000 antecedenter
2826 1936 2907 1999 ad
2928 1957 3067 2000 om-

143 2047 278 2088 nem
318 2027 592 2091 liberum
617 2025 966 2090 voluntatis
991 2030 1224 2102 actum,
1243 2025 1568 2108 probatur.
1607 2026 1665 2088 1.
1699 2026 1851 2110 quia
1891 2024 2014 2089 Dei
2040 2025 2351 2109 primitae,
2377 2023 2885 2109 independentia,
2912 2047 3066 2108 per-

150 2112 344 2194 fecti0,
369 2136 670 2199 suprema
695 2117 996 2198 potestas,
1029 2113 1076 2178 ἃ
1101 2113 1336 2177 similia
1361 2113 1573 2177 divina
1601 2114 1782 2200 [pag.
1817 2113 1979 2199 366]
2014 2114 2326 2178 attributa
2350 2113 2469 2178 hoc
2494 2112 2827 2196 requirunt
2857 2115 2903 2178 δι
2934 2113 3064 2176 tale

143 2201 238 2280 jus
263 2202 553 2267 fundant.
603 2203 784 2278 Quod
808 2202 862 2266 si
885 2223 1039 2287 ergo
1065 2201 1222 2266 haec
1246 2201 1560 2266 attributa
1591 2203 1654 2264 in
1683 2203 1869 2287 signo
1900 2201 2169 2267 rationis
2193 2202 2568 2266 antecedant
2614 2200 2736 2265 Dei
2773 2201 3067 2265 volunta—

151 2295 269 2354 tem
313 2315 424 2358 seu
469 2291 674 2355 libera
720 2290 840 2356 Dei
897 2290 1166 2367 decreta,
1217 2312 1368 2374 ergo
1415 2291 1462 2354 δι
1500 2291 1606 2374 jus
1638 2289 1780 2370 Dei,
1824 2291 2166 2356 secundum
2192 2290 2359 2376 quod
2376 2291 2591 2354 datam
2624 2311 3067 2376 quamcunque

151 2384 490 2445 creaturam
517 2379 902 2445 rationalem·
919 2378 1045 2444 sibi
1069 2379 1343 2464 subjicit,
1377 2381 1424 2447 a
1449 2377 1528 2444 ad
1550 2379 1978 2444 obedientiam
2010 2379 2275 2465 obligat.
2327 2380 2387 2443 2.
2417 2379 2588 2465 quia,
2616 2379 2713 2464 (ut
2738 2377 2819 2443 ab
2854 2379 3067 2443 analo-

152 2468 250 2551 gia
292 2492 400 2533 seu
449 2472 488 2533 a
535 2469 675 2553 pari
720 2468 1265 2553 argumentemur)
1307 2469 1663 2533 necessario
1688 2469 2249 2533 &immutabiliter
2275 2468 2343 2531 in
2367 2467 2503 2532 Deo
2530 2472 2627 2532 est
2650 2467 3063 2532 adorabilitas

153 2556 372 2640 quippe
414 2558 810 2641 reciprocum
842 2556 964 2621 Dei
990 2557 1392 2635 attributum,
1418 2580 1534 2621 nec
1558 2558 1708 2621 data
1731 2580 2107 2641 quacunque
2130 2562 2419 2622 creatura
2446 2556 2745 2621 rationali
2767 2578 2881 2640 per
2906 2556 3067 2621 libe-

151 2666 279 2708 rum
303 2644 418 2711 Dei
445 2646 771 2710 decretum
794 2645 1156 2729 oppositum
1182 2646 1315 2727 ejus
1347 2646 1597 2711 decerni
1628 2651 1859 2730 potest,
1892 2647 2028 2710 sine
2051 2645 2485 2729 implicatione
2508 2645 3027 2710 contradictionis
3046 2670 3066 2709 .·

153 2731 313 2817 Ergo
351 2735 459 2817 jus
514 2734 772 2817 aliquod
815 2734 883 2797 in
931 2732 1068 2798 Deo
1101 2738 1198 2797 est
1231 2738 1380 2798 ante
1403 2734 1674 2799 liberum
1699 2735 2042 2799 decretum.
2089 2734 2487 2799 Antecedens
2510 2738 2809 2819 putamus
2830 2733 2895 2797 in
2922 2756 3072 2799 con-

154 2842 310 2885 sesso
355 2844 490 2886 esse
538 2822 706 2906 apud
745 2844 873 2899 e08,
913 2821 1023 2907 qui
1048 2822 1428 2887 sententiam
1451 2824 1827 2887 contrariam
1857 2827 2137 2887 tuentur.
2186 2824 2244 2886 3.
2277 2825 2442 2905 Quia
2467 2826 2567 2909 (ut
2589 2844 2843 2887 rursum
2868 2826 2908 2887 a
2928 2824 3070 2906 pari

157 2911 634 2993 concludamus),
680 2911 1100 2994 dependentia
1145 2910 1212 2973 in
1235 2914 1380 2974 actu
1407 2915 1518 2974 aut
1540 2912 1849 2994 potentia,
1876 2912 2179 2995 cujusque
2212 2912 2396 2976 datae
2422 2914 2534 2975 aut
2557 2911 2799 2975 dandae
2824 2916 2935 2976 aut
2955 2912 3068 2976 da-

157 2995 290 3061 bilis
333 3002 662 3063 creaturae
711 3002 748 3062 a
771 2998 928 3077 Dee,
953 2999 1021 3062 in
1044 3020 1276 3083 genere
1301 2999 1434 3063 scil.
1463 2999 1648 3079 entia,
1681 3001 1728 3065 8⁶
1751 3005 2041 3079 naturae,
2090 3003 2137 3065 8⁶
2160 3021 2385 3064 causae
2412 3000 2742 3078 secundae,
2769 3003 2867 3063 est
2890 3022 3066 3065 crea-

157 3086 288 3149 tura
309 3088 665 3153 necessaria
691 3090 736 3153 δι
759 3087 1115 3152 essentialis
1135 3111 1150 3163 3
1175 3087 1270 3151 ita
1293 3092 1364 3152 ut
1386 3087 1559 3152 Deus
1582 3110 1709 3152 non
1732 3089 1934 3172 possit
1956 3089 2320 3171 oppositum
2342 3110 2456 3171 per
2478 3088 2749 3152 liberam
2773 3089 2874 3153 vol
2883 3093 3067 3153 unta-

158 3176 274 3237 tem
297 3178 466 3259 apud
489 3199 556 3240 se
582 3176 932 3255 decernere,
959 3179 1070 3239 aut
1095 3180 1274 3240 extra
1297 3199 1365 3241 se
1376 3177 1443 3240 in
1467 3180 1753 3259 tempore
1785 3177 2033 3261 exequi,
2062 3177 2301 3260 absque
2318 3177 2746 3260 repugnantia
2762 3177 2827 3240 in
2844 3178 3067 3241 termi-

159 3260 246 3325 nis
289 3266 332 3329 δι
376 3266 479 3329 sui
527 3264 983 3350 abnegatione:
1037 3269 1377 3347 poneretur
1431 3265 1598 3329 enim
1645 3265 1808 3330 alius
1832 3264 2028 3345 DeuS,
2054 3270 2308 3349 praeter
2332 3265 2537 3330 Deum
2565 3266 2692 3329 alia
2717 3266 2852 3331 scil.
2876 3288 3069 3331 causa

161 3350 366 3431 prima,
392 3354 570 3417 aliud
593 3353 1040 3437 independenS,
1073 3353 1370 3437 primum,
1396 3355 1498 3419 &a
1523 3352 1661 3417 Iam
1687 3376 1834 3419 vero
1872 3354 2292 3438 dependentia
2322 3358 2587 3418 naturae
2613 3354 2963 3433 rationalis,
2996 3357 3070 3419 ut

163 3439 314 3518 talis,
331 3442 396 3505 in
419 3464 656 3528 genere
681 3442 896 3517 moris,
919 3441 1225 3506 bonitatis
1259 3443 1540 3523 moralis,
1587 3446 1633 3509 8⁶
1655 3447 1865 3508 rectae
1890 3442 2176 3521 rationis,
2206 3466 2245 3507 a
2271 3443 2407 3507 Deo
2432 3443 2477 3509 a
2500 3447 2647 3506 ente
2671 3442 2897 3525 primo,
2923 3465 3068 3527 per-

165 3524 514 3611 fectissimo,
564 3532 823 3614 optimO,
872 3531 1203 3614 primaque
1249 3532 1296 3596 8⁶
1350 3554 1598 3597 summa
1638 3536 1830 3616 atque
1878 3532 2223 3616 archetypa
2250 3532 2537 3609 veritate,
2567 3531 2872 3609 bonitate,
2896 3537 3069 3596 recta

167 3618 411 3699 ratione,
463 3619 687 3703 prima,
719 3619 874 3683 item
901 3622 947 3685 &
972 3642 1221 3683 summa
1245 3642 1318 3684 ac
1349 3621 1642 3685 absoluta
1664 3624 2001 3703 potestate,
2028 3623 2075 3687 St
2100 3621 2419 3703 potentia3
2460 3640 2587 3683 non
2609 3620 2820 3684 minus
2844 3623 2942 3687 est
2966 3642 3071 3685 ne·

71 3746 78 3753 ·
167 3707 438 3786 cessaria,
487 3728 678 3795 quam
726 3708 1144 3791 dependentia
1189 3709 1492 3793 cujusque
1539 3713 1806 3773 naturae
1852 3708 2239 3774 irrationalis
2287 3709 2353 3773 in
2390 3707 2683 3787 essentia,
2707 3708 3067 3788 existentia,

168 3798 514 3874 operatione
560 3796 685 3860 sibi
730 3796 1146 3860 connaturali.
1193 3794 1423 3881 Neque
1473 3797 1642 3863 enim
1690 3798 1942 3862 bonitas
1982 3798 2262 3871 moralis,
2289 3798 2550 3883 ejusque
2588 3796 2969 3881 principium
2994 3820 3069 3863 ac

169 3878 631 3949 fundamentum
677 3885 1038 3949 intellectus
1071 3907 1142 3949 ac
1177 3887 1468 3951 voluntas
1494 3886 1842 3967 rationalis,
1868 3887 1935 3950 in
1960 3887 2071 3951 illo
2095 3886 2378 3951 altiori&
2402 3886 2707 3971 peculiari
2733 3887 2935 3972 gradu
2960 3909 3070 3951 en·

171 3968 354 4036 titatis
378 3996 450 4039 ac
477 3973 802 4052 bonitatis,
825 3973 1034 4058 magis
1057 3974 1484 4057 independens
1510 3979 1626 4053 est,
1651 3997 1843 4059 quam
1870 3976 2286 4059 quodcunque
2317 3975 2491 4039 aliud
2516 3997 2647 4040 enS.
2693 3974 3069 4042 Necessario

173 4078 308 4141 ergo
337 4065 586 4127 tenetur
609 4062 933 4148 quaelibet
956 4067 1186 4127 natura
1210 4064 1562 4137 rationalis,
1588 4064 1933 4128 secundum
1972 4068 2151 4129 actus
2176 4063 2505 4130 rationalis
2538 4086 2647 4128 seu
2676 4069 2885 4129 rectae
2910 4066 3069 4129 rati-

175 4147 296 4211 onis
336 4156 695 4216 convertere
744 4152 790 4215 8⁶
835 4173 1084 4217 movere
1117 4175 1184 4217 se
1206 4154 1274 4216 in
1297 4152 1506 4217 Deum
1528 4156 1833 4235 tanquam
1858 4153 2131 4236 primam
2155 4153 2202 4219 a
2226 4174 2587 4236 supremam
2610 4158 2849 4218 rectam
2873 4155 3070 4220 ratio-

177 4254 322 4316 nem,
366 4241 545 4324 eique
591 4244 899 4325 tanquam
943 4240 1252 4325 principio
1298 4242 1344 4306 δι
1390 4242 1734 4324 exemplari
1779 4242 1826 4305 δι’,
1851 4262 2111 4305 normae
2134 4264 2201 4305 se
2225 4240 2619 4306 conformare
2644 4264 2717 4306 ac
2742 4243 3070 4325 subjicere.

179 4319 530 4407 Oppositum
576 4328 750 4393 Deus
801 4330 1003 4394 libera
1045 4330 1372 4395 voluntate
1414 4353 1530 4395 sua
1581 4330 1933 4409 decernere,
1967 4331 2013 4395 a
2036 4331 2379 4394 secundum
2402 4330 2523 4395 hoc
2549 4331 2871 4395 decretum
2894 4354 3073 4397 man-

180 4409 310 4477 dare
332 4437 450 4480 non
473 4421 704 4502 potest,
737 4419 874 4482 sine
905 4418 1328 4504 abnegatione
1352 4419 1656 4483 bonitatis
1688 4441 1760 4483 ac
1783 4419 2120 4503 potestatis
2147 4442 2317 4485 suae.
2354 4419 2413 4484 4.
2444 4420 2611 4502 Quia
2634 4422 2737 4506 (ut
2759 4422 2839 4485 ad
2868 4420 3073 4486 homi-

2922 4532 3069 4575 nem
