3694 4871
297 315 504 382 D1sr.
553 313 734 380 VIII.
783 314 899 378 Da
947 313 1356 378 Pansam
1409 309 2442 378 Cnaxsr1Man1Aroars.
2488 310 2700 376 PAas
2738 309 2855 377 111.
2925 311 3051 374 245

127 501 479 566 mediatoris
545 499 817 564 limitate
874 498 1265 564 tribuuntur.
1330 495 1445 562 IV.
1500 500 1760 580 Quarto,
1809 497 1975 584 quod
2022 501 2493 582 conquerantur
2546 498 3041 582 disputationem

125 591 278 654 hanc
327 591 400 654 de
433 586 701 664 ἁκριβεὶκ
735 587 1137 652 limitationis
1163 590 1207 653 &
1233 587 1720 671 praedicationis
1759 590 1977 653 cedere
2003 587 2068 650 in
2094 585 2515 671 ignominiam
2546 585 2783 652 christi
2810 588 3048 653 media-

123 679 292 754 toriS,
338 681 384 744 St
424 677 630 742 dicere
677 677 902 741 saltem
959 699 1034 740 ex
1082 676 1268 740 dictis
1294 677 1525 740 nostris
1551 675 1750 759 sequi,
1778 675 2103 742 Christum
2134 675 2459 740 hominem
2482 678 2527 742 a
2555 675 2968 741 mediatorem
2998 679 3043 744 &

122 768 330 831 taliter
375 765 844 831 consideratum
892 787 1016 829 non
1066 765 1508 842 invocandum,
1557 765 1708 848 quia
1734 765 2049 830 mediator
2072 767 2171 828 est
2195 765 2241 830 a
2270 763 2464 829 homo
2492 767 2608 841 est,
2634 769 2825 848 atque
2852 787 2925 830 eo
2950 788 3047 830 re-

121 860 330 940 spectu
379 854 516 919 Deo
564 855 788 918 minor.
837 853 1000 918 Vide
1029 854 1315 938 Philippi
1347 855 1586 920 Nic-olai
1607 855 2001 920 detectionem
2023 855 2602 938 fundamentorum
2638 854 3049 920 Calvinianae

119 957 299 1010 sectae
352 946 452 1010 &c
499 944 570 1007 in
597 945 863 1028 praelat.
901 945 946 1009 δι
988 943 1195 1008 Jacobi
1220 942 1507 1008 Andreae
1529 943 1688 1027 disp.
1717 945 1792 1010 de
1816 945 2025 1021 coend,
2045 945 2321 1026 persona
2352 943 2603 1018 Christi,
2628 944 3048 1010 communica-

119 1035 272 1098 tione
319 1033 712 1110 idiomatum,
759 1033 1124 1097 adoratione
1173 1029 1421 1110 Christi,
1478 1032 1670 1096 etiam
1716 1055 1842 1116 qua
1874 1034 2093 1098 homo:
2131 1032 2239 1097 ubi
2274 1054 2584 1112 enormeS,
2609 1032 3046 1098 intolerabiles

119 1121 554 1206 improbitates
597 1125 642 1188 &
689 1121 1119 1206 blasphemias
1155 1121 1424 1184 intonat.
1475 1119 1634 1186 Cum
1658 1121 1893 1202 quibus
1918 1121 2135 1186 confer
2159 1123 2519 1206 opinionem
2544 1143 2763 1188 eorum
2787 1121 2895 1204 qui
2921 1143 3045 1185 no-

114 1215 300 1274 stram
339 1213 748 1285 sententiam,
769 1233 960 1294 quam
985 1209 1090 1274 hic
1109 1213 1380 1287 tuemur,
1415 1209 1629 1292 impiis
1656 1208 2062 1296 dogmatibus
2086 1216 2528 1275 annumerant.
2577 1208 2753 1275 Idem
2778 1209 3048 1276 lacobus

115 1300 410 1366 Andreas
457 1300 793 1366 admodum
845 1299 1130 1363 invectus
1186 1302 1323 1363 erat
1360 1299 1427 1362 in
1453 1299 1808 1376 Danaeum,
1836 1300 2003 1385 quod
2034 1298 2298 1364 dixisset
2326 1298 2749 1364 idololatriam
2784 1321 2941 1376 esse,
2990 1299 3047 1363 si

113 1389 246 1472 quis
304 1390 740 1456 adorationem
787 1387 867 1452 ad
915 1387 1380 1450 humanitatem
1414 1386 1653 1451 Christi
1679 1391 1987 1472 tanquam
2016 1387 2335 1471 objectum
2360 1387 2686 1472 dirigeret.
2734 1385 2857 1452 Sed
2905 1389 3041 1455 Da-

113 1499 338 1542 naeam
399 1479 568 1543 inter
613 1477 772 1542 alios
805 1475 1084 1539 defendit
1107 1475 1241 1541 Joh.
1267 1475 1532 1541 ,lacobus
1564 1477 1895 1562 Grynaeas
1928 1477 1998 1540 in
2021 1477 2312 1560 apoloqid
2334 1490 2553 1542 contra
2578 1475 2877 1542 Jacobum
2909 1477 3041 1542 An·

111 1567 294 1632 dreae
339 1574 534 1651 (quae
588 1569 808 1651 postea
861 1566 1100 1628 inserta
1148 1568 1244 1628 est
1289 1565 1521 1648 disput.
1557 1565 1943 1653 theoloqicar.
1972 1567 2149 1650 parti
2174 1565 2233 1628 2.
2258 1586 2405 1650 paq.
2435 1565 2565 1644 54.)
2592 1564 2702 1629 ubi
2727 1586 2790 1649 p.
2820 1565 2924 1629 87.
2951 1565 3042 1630 sic

109 1655 420 1739 loquitur:
474 1657 679 1723 Potest
724 1675 875 1728 sane
921 1654 1017 1718 vir
1040 1654 1432 1718 clarissimus
1459 1654 1540 1718 D.
1573 1654 1941 1721 Lambere-as
1965 1657 2287 1735 nameus,
2314 1657 2547 1737 optimo
2558 1655 2709 1740 jure
2731 1675 2877 1719 cum
2906 1657 3041 1721 Da-

111 1745 256 1818 vide,
317 1747 499 1828 apud
537 1745 890 1811 Dominum
952 1742 1168 1808 ,lesum
1215 1743 1432 1828 queri.-
1496 1741 1790 1816 Quotidie
1831 1742 2025 1808 verba
2056 1765 2197 1808 mea
2214 1747 2548 1829 torquent:
2574 1745 2910 1808 adversum
2942 1766 3043 1809 me

113 1839 256 1896 sunt
301 1856 522 1898 omnes
579 1832 998 1916 cogitationes
1048 1853 1266 1894 eorum
1307 1831 1385 1894 ad
1417 1831 2047 1910 nocendum‚Psalm.
2075 1832 2176 1895 56.
2232 1834 2445 1915 Quum
2479 1833 2647 1897 enim
2672 1833 3042 1918 neutiquam

117 1936 388 2005 neyaeset
435 1943 745 2011 unquam,
795 1922 886 1984 vel
949 1932 1143 1985 totam
1196 1919 1514 1984 Christum
1546 1921 1969 1998 adorandam,
2019 1925 2113 1986 vel
2140 1923 2327 1990 etiam
2357 1921 2622 1988 Carnem
2650 1923 2805 2005 ejus,
2830 1923 3039 2006 qratia

112 2011 370 2076 unionis
395 2033 518 2076 esse
540 2011 971 2075 adorandam.-
997 2009 1103 2073 sed
1124 2009 1200 2073 de
1219 2009 1483 2093 proprio
1513 2010 1903 2074 adorationis
1934 2010 2151 2093 objecto
2175 2012 2392 2094 eqisset
2407 2035 2430 2073 .·
2471 2010 2549 2074 ab
2572 2017 2678 2076 hoc
2699 2022 2906 2075 tamen
2932 2011 3033 2074 in-

107 2100 268 2182 fhliee
291 2101 564 2179 homine,
590 2099 810 2164 absens
837 2097 1363 2164 inhumanissime
1385 2099 1738 2163 traducitur
1767 2097 1828 2162 ds
1862 2100 2234 2184 eaaqitatur.
2284 2099 2688 2181 Satisfactum
2716 2109 2920 2164 autem
2948 2111 3035 2164 est

109 2188 248 2254 haic
293 2189 684 2274 Sophismati
734 2188 986 2252 abunde
1007 2187 1192 2253 etiam
1221 2186 1299 2250 ab
1323 2187 1470 2250 aliis
1486 2211 1506 2250 .·
1530 2207 1602 2250 ac·
1624 2188 1682 2252 si
1705 2189 1921 2252 saltem
1950 2189 2313 2274 sylloqistice
2341 2191 2671 2273 formetur,
2696 2189 3033 2252 vanitatem

111 2299 288 2342 sitam
311 2278 548 2363 prodit.
576 2277 944 2360 Quicunque
971 2276 1062 2339 ait
1086 2275 1412 2359 proprium
1437 2275 1853 2340 invocationis
1878 2277 2196 2361 objectum
2213 2299 2349 2341 esse
2367 2277 2710 2355 Deitatem,
2736 2277 2791 2340 is
2817 2281 3030 2361 negat,

107 2364 592 2432 Humanitatem
650 2370 686 2430 a
735 2367 898 2441 λόγῳ
929 2368 1277 2428 assumtam
1323 2364 1534 2450 gratia
1575 2365 1825 2429 unionis
1864 2388 2001 2430 esse
2028 2366 2430 2430 adorandam.
2484 2365 2681 2451 Atqui
2708 2365 3026 2445 Danaeus,

104 2457 146 2520 ἃ
194 2458 304 2541 qui
351 2480 497 2521 cum
556 2479 629 2521 eo
667 2454 913 2519 faciunt
937 2454 1264 2538 proprium
1282 2454 1464 2538 ajunt
1486 2454 1901 2520 invocationis
1926 2456 2240 2539 objectum
2269 2478 2404 2521 esse
2437 2454 2779 2521 Deitatem.
2828 2453 2872 2519 J
2877 2458 3030 2519 uxta

104 2543 388 2610 dictum:
441 2546 782 2611 Dominam
830 2545 1036 2609 Deam
1069 2553 1250 2607 taam
1296 2543 1609 2621 adorabiS,
1655 2542 1718 2609 ἃ·
1741 2545 1836 2609 illi
1865 2546 1982 2611 soli
2004 2547 2246 2609 service.
2294 2543 2527 2609 Matth.
2563 2545 2623 2609 4.
2656 2546 2756 2609 10.
2786 2543 2879 2608 Ac
2901 2566 3024 2608 non

99 2632 396 2699 dubitant
419 2634 761 2713 affirmare,
794 2632 1064 2697 Carnem
1091 2631 1413 2715 propriam
1436 2637 1538 2690 τοῦ
1561 2632 1763 2708 λόγου,
1795 2656 1959 2717 quae
1990 2638 2249 2717 propter
2288 2633 2540 2697 unionis
2564 2633 2841 2719 gratiam
2874 2633 3024 2697 ado-

99 2729 295 2801 ratur,
314 2728 634 2808 quatenus
659 2725 948 2785 creatura
972 2726 1088 2797 est,
1115 2720 1498 2784 adorandam
1527 2720 1808 2805 alioquin
1834 2745 1960 2786 non
1986 2744 2143 2786 esse.

177 2812 355 2898 Ergo
405 2812 613 2895 inquit
659 2810 936 2874 Jacobus
984 2810 1228 2873 Adreas
1299 2812 1540 2894 negant
1571 2808 1897 2874 Christum
1923 2812 2313 2875 adorandum
2346 2834 2500 2877 esse.
2550 2812 2631 2877 In
2672 2812 2908 2895 Majore
2934 2824 3021 2877 est

95 2902 302 2984 petitio
331 2901 638 2985 principii
652 2924 672 2964 .·
701 2898 764 2964 ἃ·
791 2899 1112 2965 Conclusio
1124 2898 1318 2982 plara
1343 2898 1518 2962 habet
1540 2920 1736 2983 qaam
1759 2900 1976 2984 serant
1994 2901 2371 2985 praemissa,
2390 2900 2646 2985 quando
2662 2900 2844 2987 [pag.
2863 2899 3022 2986 340]

93 2990 388 3074 Sophista
433 2991 472 3053 ὰ
514 3001 692 3073 parte
721 2988 806 3053 ad
838 2999 1032 3053 totam
1082 2986 1400 3066 dilabitur,
1449 2999 1517 3051 ut
1564 3008 1746 3052 nemo
1794 3009 1927 3052 non
1974 2990 2153 3054 videt.
2201 2989 2302 3054 Sic
2320 2990 2487 3053 enim
2520 2989 2865 3073 formanda
2888 3002 3021 3055 erat

99 3079 444 3157 Conclusae,
471 3079 633 3163 Eryo
665 3088 894 3162 neqant
923 3077 1409 3153 Humanitatem,
1458 3089 1768 3164 qnatenus
1803 3090 2091 3143 creatu-ra
2122 3089 2226 3156 est,
2266 3076 2329 3142 ἃ·
2348 3099 2463 3161 per
2485 3098 2548 3142 38
2570 3078 3019 3159 consideratur,

91 3188 214 3233 esse
235 3168 677 3233 adorandam.-
709 3188 904 3252 qaam
928 3176 1138 3230 tamen
1167 3164 1448 3244 eandem,
1474 3167 1626 3250 qaia
1660 3174 1744 3243 τῷ
1771 3168 1936 3242 λόγῳ
1960 3168 2141 3232 unita
2170 3178 2276 3245 est,
2304 3188 2451 3231 eum
2482 3168 2691 3231 eodem
2714 3188 2843 3231 8338
2864 3168 3018 3233 ado-

93 3258 388 3333 randam,
433 3277 560 3320 non
607 3268 852 3341 neyant.
915 3253 1168 3321 Talibus
1213 3266 1420 3319 autem.
1451 3254 1790 3319 mendaciis
1820 3253 1883 3319 ἃ·
1906 3256 2182 3340 strophis
2214 3277 2413 3341 qaum
2436 3254 2701 3321 ,lacobus
2733 3254 3020 3321 Andreae

85 3357 340 3431 paynel,
391 3357 442 3409 et
486 3346 542 3409 si
566 3365 736 3409 itanc
757 3344 882 3429 piis
909 3344 1187 3419 insultat,
1217 3356 1426 3409 tamen
1455 3344 1651 3427 paulo
1671 3356 1812 3427 post
1838 3345 2010 3410 triste
2033 3347 2453 3429 spectaculum
2477 3345 2590 3409 erit
2608 3344 2773 3428 justi
2786 3346 3019 3428 judicii

89 3435 308 3499 divini.
365 3434 666 3520 Denique,
701 3434 868 3518 quod
915 3433 1294 3497 concludunt
1319 3432 1450 3496 sive
1477 3455 1772 3515 expresse
1799 3432 1931 3496 sive
1966 3434 2181 3512 tacite,
2207 3433 2767 3517 quomodocunque
2800 3432 3017 3517 sophi-

87 3523 534 3587 sticationibus
580 3524 654 3585 de
687 3522 1052 3586 minoritate
1106 3524 1151 3586 a
1183 3521 1612 3585 exinanitione
1661 3522 1863 3585 relate
1903 3522 2070 3586 dicta
2122 3522 2548 3598 involvantur,
2591 3532 2783 3585 totam
2810 3532 3018 3586 tamen

87 3613 512 3697 qaaestionem
562 3632 687 3675 esse
732 3611 807 3675 de
850 3610 1126 3675 absolate
1177 3611 1302 3674 sive
1352 3610 1610 3693 proprie
1660 3609 1857 3675 dicta:
1903 3611 1999 3675 uti
2050 3614 2293 3675 exserte
2325 3610 2446 3674 hoc
2481 3610 2756 3675 Martino
2780 3609 3016 3695 ingerit

91 3698 486 3775 Mentzerus;
511 3700 687 3782 cujus
713 3700 1073 3783 oppositum
1097 3720 1468 3782 responsum
1495 3698 1635 3763 vide
1660 3697 1761 3763 tib.
1785 3700 1884 3763 cit.
1910 3720 2046 3783 cap.
2076 3700 2177 3769 19.
2210 3721 2271 3782 p.
2298 3700 2403 3762 98.

173 3786 242 3856 6.
293 3787 410 3853 IX.
463 3789 668 3853 Probt.
719 3788 820 3851 An
869 3786 931 3850 in
981 3785 1238 3851 Christo
1269 3786 1615 3851 mediatore
1657 3787 1933 3853 essentia
1958 3787 2171 3851 divina
2194 3809 2306 3851 seu
2329 3786 2531 3851 deitas
2556 3790 2629 3850 ut
2662 3787 2773 3866 sic,
2806 3790 2843 3850 a
2869 3809 3013 3870 per-

88 3899 238 3940 sona
265 3882 340 3941 ut
364 3876 456 3941 sic
473 3880 760 3941 accurate
787 3875 1096 3960 distingui
1120 3876 1365 3953 debeat3
1393 3878 1439 3942 δι
1463 3879 1920 3959 consequenter
1945 3898 2025 3939 an
2058 3876 2296 3959 absque
2334 3876 2674 3939 temeraria
2698 3872 3014 3949 ἁκριβελο-

89 3972 190 4043 γίᾳ
215 3965 530 4050 distingui
575 3964 819 4049 possint
844 3964 1156 4029 attributa
1188 3987 1350 4049 quae
1381 3964 1478 4027 illi
1511 3964 1894 4028 conveniunt
1916 3968 2043 4048 qua
2068 3963 2221 4028 Deis
2247 3963 2555 4044 absolute,
2582 3964 2663 4027 ab
2689 3964 2820 4043 illo,
2849 3987 3009 4048 quae

87 4052 180 4116 illi
213 4052 601 4118 conveniunt
642 4076 768 4136 qua
795 4054 924 4117 filio
949 4075 1062 4117 seu
1086 4055 1394 4118 secundae
1410 4074 1718 4137 personae
1744 4053 1945 4116 relate
1981 4055 2101 4119 Res·
2146 4102 2159 4117 .
2206 4053 2330 4139 ΑῙῙ.
2392 4052 2451 4117 l.
2477 4052 2641 4128 Quia
2666 4054 3011 4119 secundum

88 4142 466 4226 scripturam
518 4142 596 4206 ab
637 4141 931 4207 omnibus
964 4141 1186 4206 Theol.
1215 4142 1448 4206 nostris
1481 4142 1526 4207 &
1551 4138 1962 4205 Scholasticis
1994 4142 2059 4205 in
2088 4074 2225 4204 sseo
2252 4162 2503 4224 semper
2526 4140 3011 4227 distinguuntur

87 4252 356 4313 persona
403 4231 448 4295 a
485 4230 780 4309 essentia,
833 4230 1180 4295 rationibus
1228 4230 1604 4295 formalibus
1645 4232 1689 4295 &
1717 4228 2211 4293 definitionibus,
2261 4228 2425 4304 Quin
2453 4251 2529 4293 ex
2554 4230 3009 4297 recentioribus

87 4318 310 4385 Becan.
330 4320 402 4383 in
433 4319 466 4384 Ί
481 4320 633 4383 heol.
663 4319 1039 4387 Scholastica
1064 4342 1189 4384 non
1218 4324 1468 4383 veretur
1495 4319 1717 4395 dicere,
1747 4318 1940 4381 aliam
1964 4340 2099 4383 rem
2126 4340 2261 4382 esse
2282 4340 2636 4401 personam,
2665 4317 2857 4383 aliam
2874 4343 3009 4385 rem

87 4430 219 4472 esse
237 4408 603 4473 essentiam:
623 4430 812 4491 quam
832 4408 1094 4492 phrasin
1111 4431 1276 4473 nunc
1296 4432 1418 4473 non
1438 4407 1686 4471 examin
1694 4429 1895 4471 amus,
1915 4405 2157 4471 Saltem
2174 4406 2337 4470 ratio
2355 4406 2643 4473 formalis
2654 4406 2863 4489 unius,
2882 4431 3008 4473 non

2911 4500 3010 4561 est
