3694 4871
293 319 512 387 D1sr.
559 319 740 386 VII.
789 319 1458 386 Paosnsuarun
1503 342 1597 385 ns
1643 318 2001 386 Mani-ro
2046 319 2427 386 Ouars'rl
2473 320 2705 387 PAas
2750 323 2850 389 II.
2914 323 3039 388 185

101 508 420 592 judicium
471 507 799 588 demereri,
849 506 896 573 δυ
948 507 1040 572 sic
1063 529 1296 590 poenas
1321 529 1540 573 eorum
1571 507 1826 594 augeri:
1856 507 2023 591 quod
2045 511 2261 572 tamen
2284 507 2679 590 restringunt
2702 507 2782 570 ad
2803 528 3041 590 poenas

111 597 539 662 accidentales
562 617 676 660 seu
698 595 1120 662 secundariae.
1151 594 1252 660 Ex
1277 597 1510 660 nostris
1543 597 1853 662 parkerus
1877 595 1980 663 lib.
2009 599 2067 659 3.
2093 596 2169 661 de
2189 596 2484 662 descensu
2504 595 2591 660 ad
2614 595 2849 679 inferos
2873 594 3040 660 idem

112 685 368 764 statuit,
415 684 518 749 cui
567 685 912 750 Maecovius
959 683 1335 767 adstipulari
1374 684 1622 749 videtur
1644 685 1710 749 in
1741 686 1920 770 Disp.
1953 687 2061 751 loc.
2088 705 2405 751 commun.
2431 685 2595 768 disp.
2625 684 2869 749 ultima.
2918 682 3043 748 Sed

113 773 498 856 explicatius
543 771 637 836 ita
683 772 1062 837 determinat
1107 773 1177 836 in
1211 775 1268 838 Τ
1260 772 1535 858 heoloqici
1563 773 1877 839 Polemicci
1898 793 2041 858 pay.
2079 772 2221 836 169.
2249 772 2398 837 edit.
2423 771 2489 835 in
2518 771 2576 835 4.
2623 769 2761 836 Nos
2788 775 2825 836 a
2847 794 3041 855 quae-

113 861 329 926 stione
383 861 504 926 hac
550 861 868 926 abstinere
913 860 1167 944 quidem
1201 860 1493 940 velimuS,
1542 861 1844 944 quamdiu
1877 882 1991 945 per
2014 864 2477 946 oppugnanteS,
2510 862 2623 923 aut
2648 864 3043 942 quaerente3‚

115 953 234 1014 aut
259 949 626 1014 dubitantes
649 949 832 1013 licet:
860 949 949 1015 sic
971 953 1208 1025 tamen,
1234 952 1308 1013 ut
1330 970 1472 1014 cum
1497 949 1883 1016 Scholasticis
1908 951 1953 1014 ἃ
1976 949 2209 1015 nostris
2231 948 2415 1012 modo
2438 948 2639 1014 citatis
2661 949 2895 1013 sentire
2920 971 3047 1014 non

113 1059 460 1124 cogamur3
509 1059 651 1102 cum
697 1038 974 1102 rationes
1018 1037 1300 1121 ipsorum
1347 1036 1528 1102 nobis
1575 1061 1700 1102 non
1725 1036 2144 1117 satisfaciant,
2168 1059 2285 1101 nec
2308 1040 2756 1122 argumentum
2780 1036 2941 1102 illud
2971 1037 3047 1102 de

113 1127 456 1192 rationalis
481 1128 806 1190 creaturae
832 1125 1120 1191 absolute
1145 1125 1499 1190 necessaria
1522 1126 1910 1210 subjectione
1935 1127 2014 1192 ad
2042 1125 2275 1210 legem,
2296 1124 2725 1191 obedientiam
2741 1126 2787 1191 a
2804 1125 3047 1190 cultum

113 1213 246 1280 Dei
297 1214 652 1278 naturalem
677 1217 870 1298 atque
894 1213 1382 1293 immutabilem,
1406 1214 1714 1278 hactenus
1739 1214 2020 1279 solutum
2052 1214 2155 1279 sit.
2207 1213 2326 1278 Oui
2349 1213 2496 1277 addi
2517 1216 2729 1296 potest
2753 1214 3048 1293 alterum,

114 1306 197 1369 de
236 1302 492 1368 malitia
529 1301 756 1366 morali
782 1304 827 1368 ἃ
849 1301 1426 1386 peccaminositate,
1455 1324 1618 1386 quae
1645 1303 1725 1366 ab
1751 1302 2107 1367 actionibus
2130 1301 2428 1367 humanis
2458 1300 2591 1386 legi
2614 1301 2807 1386 &juri
2832 1300 3048 1366 divino

113 1415 249 1458 non
293 1390 744 1470 conformibuS,
791 1390 1072 1474 separari
1117 1390 1359 1472 nequit.
1408 1389 1715 1454 Rationes
1764 1411 1981 1454 eorum
2028 1390 2155 1455 huc
2176 1390 2461 1468 redeunt,
2494 1388 2675 1466 Quod
2704 1389 3049 1454 absurdum

112 1481 244 1546 hoc
271 1480 348 1545 de
380 1477 684 1564 augendis
707 1479 771 1543 in
799 1477 1120 1542 infinitum
1143 1477 1364 1562 poenis
1388 1478 1830 1543 damnatorum
1854 1483 2245 1565 sequeretur,
2270 1499 2415 1542 cum
2438 1481 2653 1542 tamen
2675 1477 2859 1543 finita
2874 1500 3049 1543 crea-

114 1575 272 1635 tura
321 1590 446 1632 non
493 1567 580 1630 sit
623 1588 825 1650 capax
873 1565 1129 1630 infiniti.
1178 1563 1304 1631 Sed
1349 1566 1714 1650 responderi
1760 1571 1994 1650 posset.
2044 1565 2225 1642 Quod
2247 1566 2569 1631 infinitum
2592 1565 2900 1649 potentia,
2926 1589 3051 1630 non

117 1661 272 1724 actu
294 1677 310 1721 ε
337 1657 385 1721 ἃ
411 1654 667 1741 quidem
693 1654 1016 1720 extensive
1041 1657 1180 1718 tum
1205 1653 1557 1733 duratione,
1582 1659 1722 1719 tum
1739 1656 2153 1720 numeraliter
2171 1677 2283 1720 seu
2300 1655 2366 1718 in
2383 1654 2741 1738 quantitate
2759 1655 3050 1720 discreta:

119 1745 318 1831 quale
363 1743 532 1809 cadit
577 1743 644 1807 in
677 1743 938 1828 angelos
974 1743 1171 1808 bonos
1218 1744 1264 1810 ἃ
1310 1742 1534 1828 maloS,
1556 1743 1713 1808 item
1736 1743 2027 1810 homines
2051 1765 2320 1827 quorum
2344 1742 2807 1808 intellectiones
2829 1743 2963 1808 scil.
3002 1745 3048 1810 ἃ

117 1833 468 1900 volitiones
513 1831 1130 1916 multiplicabuntur,
1171 1853 1285 1896 seu
1330 1831 1665 1896 succedent
1705 1830 1774 1894 in
1817 1831 2141 1896 infinitum
2180 1831 2499 1916 potentia3
2532 1829 2702 1896 Addi
2725 1836 2957 1915 posset,
2981 1831 3049 1896 in

117 1923 452 1988 infinitum
504 1920 790 2003 potentia
833 1919 1165 1997 intensive,
1199 1920 1254 1983 si
1301 1923 1660 2004 augeantur
1687 1941 1949 2002 poenae,
1983 1919 2205 2004 quidni
2228 1919 2423 1984 etiam
2449 1919 2784 1999 intensive,
2810 1919 2877 1984 in
2901 1919 3048 1984 infi-

121 2012 341 2076 nitum
367 2007 652 2094 potentia
675 2007 916 2072 intendi
933 2011 1217 2092 possent3
1242 2007 1379 2072 Deo
1403 2007 1570 2072 vires
1588 2009 1914 2072 creaturae
1931 2008 2012 2072 ad
2027 2030 2133 2072 eas
2149 2007 2547 2072 sustinendas
2562 2007 3005 2092 suppeditante
3019 2011 3050 2071 't‘

123 2099 212 2164 V.
265 2098 372 2164 An
405 2097 688 2162 damnati
719 2118 796 2160 ex
821 2095 885 2161 vi
908 2097 1219 2161 naturalis
1243 2094 1532 2179 justitiae
1564 2095 1814 2161 divinae
1839 2095 2045 2161 multo
2068 2095 2391 2182 graviores
2419 2095 2600 2182 [pag.
2628 2094 2790 2180 244]
2816 2117 3050 2179 poenas

124 2185 464 2274 promeriti
494 2188 664 2264 sunt,
688 2204 880 2268 quam
903 2184 1240 2250 sustinent.
1291 2187 1466 2269 Resp.
1493 2184 1621 2272 Aff.
1655 2184 2011 2250 Scholastici
2032 2185 2119 2250 ad
2148 2185 2208 2248 3.
2242 2185 2312 2248 in
2342 2184 2789 2270 supplemento,
2813 2195 3047 2270 quaest.

125 2278 240 2341 99.
265 2287 388 2342 art.
413 2276 473 2340 2.
502 2273 548 2338 ἃ
574 2296 649 2338 ex
673 2273 906 2337 nostris
933 2273 1255 2339 Bar-onius
1280 2274 1386 2340 loc.
1411 2274 1597 2339 modo
1620 2274 1718 2338 eit.
1737 2275 1915 2357 &pro
1930 2273 2342 2337 fundamento
2360 2271 2567 2336 adfert
2580 2270 3052 2356 Theologorum

127 2367 421 2445 effatum,
468 2362 636 2449 quod
673 2359 846 2426 Deus
871 2383 1063 2446 supra
1087 2361 1470 2449 condignum
1494 2361 1632 2447 pios
1656 2365 2116 2442 remuneretur,
2148 2359 2446 2446 &impios
2477 2359 2647 2424 infra
2669 2360 3051 2446 condignum

127 2454 381 2541 puniat.
427 2452 712 2519 Dubium
757 2450 864 2515 hic
892 2455 1201 2529 movetur,
1227 2451 1332 2517 An
1359 2449 1534 2516 Deus
1559 2450 1905 2535 quidquam
1928 2452 2004 2516 de
2027 2450 2171 2535 jure
2196 2472 2309 2515 suo
2341 2448 2663 2515 remittere
2688 2448 2794 2514 hic
2815 2449 3052 2534 possit:

128 2548 180 2612 a
225 2543 285 2608 si
329 2541 640 2619 remittat,
685 2562 766 2605 an
807 2539 1046 2623 absque
1087 2538 1458 2605 Mediatoris
1482 2539 1742 2616 intuitu,
1769 2538 2226 2624 qualiscunque
2250 2538 2408 2603 haec
2431 2537 2563 2601 sive
2585 2537 2893 2618 remissio,
2920 2537 3053 2603 sive

127 2630 467 2710 relaxati0,
511 2630 643 2695 sive
689 2627 1011 2713 mitigatio
1048 2628 1364 2693 damnatis
1387 2628 1726 2714 obtingat?
1771 2625 1889 2692 VI.
1916 2627 2020 2692 An
2041 2649 2280 2712 poenae
2305 2625 2575 2710 peccatis
2600 2625 2850 2691 debitae
2883 2648 2959 2691 ex
2991 2625 3055 2690 vi

119 2720 420 2807 justitiae
467 2718 737 2797 divinae,
783 2716 913 2781 sint
935 2738 1240 2796 summae,
1286 2717 1408 2783 hoc
1439 2719 1554 2795 est,
1578 2716 1963 2800 temporales
1988 2717 2034 2782 a
2058 2720 2375 2793 aeternae,
2400 2736 2512 2779 seu
2542 2735 2713 2779 mors
2736 2719 3005 2799 utraque
3024 2718 3054 2779 Ρ

134 2811 316 2893 Hesp.
363 2808 490 2894 Ass.
541 2807 873 2873 catechesis
903 2816 1120 2871 nostra
1165 2816 1400 2891 quaest.
1430 2806 1532 2869 11.
1559 2803 1622 2872 ἃ·
1651 2805 2173 2871 Commentatores
2200 2802 2547 2871 Catechetici
2568 2802 2717 2869 ibid.
2766 2803 2947 2881 Quod
2974 2802 3057 2867 ad

127 2896 581 2963 necessitatem
626 2916 865 2980 poenae
912 2893 1243 2959 duratione
1288 2892 1598 2972 infinitae,
1645 2914 1755 2957 seu
1802 2892 2203 2957 aeternitatis
2247 2913 2508 2977 poenae,
2533 2892 2843 2977 probatur
2872 2914 2949 2958 ea
2979 2913 3058 2956 ex

127 2984 515 3051 aeternitate
555 2983 814 3068 culpae:
846 2981 1138 3047 Maculae
1171 2982 1340 3046 enim
1372 3005 1449 3047 ex
1471 2980 1745 3065 peccatis
1777 2980 1846 3045 in
1874 2980 1997 3046 hac
2026 2980 2163 3046 vita
2184 2979 2533 3045 commissis
2558 2984 2915 3047 contractae
2942 2981 3056 3047 du-

127 3078 285 3139 rant
327 3072 396 3137 in
443 3076 771 3137 aeternum
817 3070 942 3157 (uti
985 3071 1170 3135 modo
1217 3070 1500 3155 dictum),
1548 3069 1595 3134 ἃ
1641 3073 2097 3153 consequenter
2128 3067 2411 3133 damnati
2433 3068 2498 3131 in
2526 3072 2855 3134 aeternum
2879 3068 3057 3149 vileS,

129 3161 332 3242 foedi,
377 3160 861 3239 abominabiles,
905 3158 1030 3223 Dei
1075 3159 1216 3224 odio
1263 3160 1420 3245 (Tit.
1473 3158 1531 3223 3.
1563 3178 1721 3223 vers.
1772 3158 1863 3243 3.)
1896 3157 2096 3245 digni,
2123 3157 2339 3223 favore
2364 3160 2409 3223 ἃ
2439 3158 2755 3223 consortio
2780 3156 3059 3242 ejusdem

128 3250 388 3336 indigni
433 3252 598 3315 sunt.
648 3248 890 3315 Deinde
935 3246 1285 3313 habitualis
1319 3269 1536 3312 eorum
1565 3244 1835 3326 malitia,
1880 3246 2211 3331 speciatim
2235 3244 2449 3311 odium
2469 3245 2614 3326 Dei,
2638 3245 3058 3331 blasphemia,

127 3338 379 3403 invidia
402 3339 502 3405 &a
529 3338 760 3402 durant
779 3336 846 3400 in
870 3338 1229 3401 aeternum:
1258 3358 1411 3422 ergo
1435 3336 1481 3401 δι
1503 3356 1708 3419 poena
1734 3355 1954 3399 eorum
1975 3334 2044 3398 in
2060 3337 2390 3399 aeternum
2405 3334 2629 3399 durare
2648 3334 2852 3399 debet.
2878 3332 3062 3399 Sem-

129 3451 250 3514 per
293 3426 464 3491 enim
501 3426 627 3491 sibi
656 3423 1094 3490 thesaurizant
1114 3424 1300 3504 iram,
1333 3425 1380 3490 δῦ
1403 3422 1606 3490 omnis
1627 3424 2053 3507 transgressio
2080 3424 2180 3490 διο.
2205 3422 2403 3487 habet
2426 3422 2667 3506 justam
2690 3421 3060 3485 retributio-

131 3538 288 3582 nem
327 3514 477 3581 Heb.
505 3516 566 3579 2.
615 3512 714 3579 Ex
745 3511 1098 3577 Pontificiis
1122 3512 1198 3578 de
1230 3533 1433 3597 poena
1455 3514 1726 3595 utraque
1749 3510 1919 3576 idem
1942 3510 2173 3577 statuit
2204 3510 2569 3596 Smiqleeius
2594 3511 2664 3575 in
2687 3509 2864 3576 novis
2888 3530 3062 3575 mon-

131 3606 290 3672 stris
335 3624 550 3669 novor.
597 3603 928 3669 Arrianor.
971 3622 1118 3686 paq.
1156 3600 1304 3664 169.
1349 3600 1438 3665 Et
1469 3600 1546 3665 de
1569 3600 1947 3665 aeternitate
1969 3599 2391 3665 communiter
2420 3598 2773 3666 Scholastiei
2795 3599 2881 3664 ad
2906 3600 2964 3663 3.
2992 3598 3063 3663 in

130 3694 450 3779 supplem.
476 3698 708 3778 quaest.
737 3690 842 3753 99.
874 3687 938 3756 ἃ·
960 3691 1014 3755 1.
1043 3691 1106 3754 2.
1126 3700 1360 3776 quaest.
1387 3688 1490 3753 87.
1508 3700 1628 3754 art.
1647 3688 1706 3751 3.
1726 3688 1838 3752 ubi
1854 3692 2070 3753 tamen
2086 3688 2166 3752 ad
2181 3690 2509 3772 peccatum
2530 3685 2794 3752 mortale
2814 3689 3064 3773 (secun-

133 3784 294 3847 dum
325 3780 522 3865 ipsos)
555 3800 888 3864 perperam
911 3778 1330 3865 restringunt.
1353 3774 1517 3841 Vide
1542 3778 1588 3843 a
1612 3776 1932 3843 Becamom
1951 3777 2153 3862 partis
2178 3776 2237 3839 2.
2260 3786 2429 3859 part.
2458 3774 2520 3840 1.
2547 3776 2586 3842 Ί
2596 3774 2749 3840 heol-
2766 3774 3062 3842 Scholast.

131 3867 290 3935 VII.
323 3870 427 3935 An
455 3866 629 3933 Deus
655 3868 855 3931 libere
877 3889 991 3950 per
1013 3864 1514 3931 misericordiam
1539 3887 1721 3930 suam
1742 3864 2135 3930 relaxatione
2160 3862 2470 3943 adhibita,
2497 3865 2543 3930 ἃ
2565 3867 2767 3947 poena
2790 3862 3064 3948 peccatis

135 3958 360 4024 debita
383 3956 448 4020 in
475 3955 893 4021 Mediatorem
917 3955 963 4021 ἃ
986 3952 1369 4039 Sponsor-em
1393 3975 1508 4038 pro
1533 3975 1608 4017 ea
1640 3952 2119 4019 satisfacturum
2138 3952 2472 4031 translata,
2498 3950 2821 4016 bominem
2844 3973 3063 4035 pecca-

133 4051 347 4112 torem
399 4045 576 4109 salva
610 4042 864 4129 justitia
909 4047 1022 4108 sua
1061 4042 1332 4107 liberare
1357 4042 1604 4127 possit?
1668 4042 1849 4127 Hesp.
1896 4042 1945 4108 A
1950 4046 2023 4129 ff.
2070 4038 2505 4107 Communiter
2527 4038 2856 4105 universus
2880 4038 3060 4106 Chri-

137 4134 550 4201 stianismus:
584 4133 736 4217 quia
766 4154 843 4197 ex
866 4131 1004 4216 ipso
1035 4130 1204 4196 facto
1236 4153 1350 4215 per
1379 4129 1814 4216 Euangelium
1843 4130 2125 4195 revelato
2149 4127 2601 4212 consequentia
2622 4126 2873 4193 ducitur
2896 4128 2975 4195 ad
2995 4124 3067 4187 τὸ

137 4221 472 4309 possibile,
518 4224 564 4288 δι
601 4222 884 4305 justum3
932 4242 1076 4284 cum
1113 4220 1293 4285 nulla
1319 4219 1486 4304 apud
1509 4218 1720 4285 Deum
1745 4218 1829 4283 sit
1854 4217 2187 4304 injustitia,
2212 4219 2326 4281 aut
2349 4216 2449 4281 sui
2472 4216 2673 4301 ipsius
2705 4216 3067 4303 abnegatio.

137 4314 361 4397 Atque
401 4308 524 4376 hoc
569 4309 968 4375 Christianae
995 4306 1388 4395 Theologiae
1427 4308 1680 4374 axioma
1704 4310 1923 4373 contra
1945 4304 2314 4372 Socinianas
2338 4305 2724 4391 objectiones
2756 4303 3070 4407 Theologi

138 4398 388 4486 passim
429 4401 710 4464 tuentur.
756 4394 938 4463 VIII.
988 4394 1084 4461 An
1135 4396 1481 4463 constituto
1506 4396 1553 4461 a
1585 4394 2015 4463 vadimonium
2037 4393 2297 4461 obeunti
2322 4390 2684 4477 Mediatori‚
2716 4415 3069 4460 necessario

2876 4480 3073 4549 fuerit
