3694 4871
700 367 2455 438 str.III.DnJussnmJusmmqu.
2971 373 3056 437 49

122 559 248 624 Alia
288 581 427 625 vero
476 572 648 639 sunt,
686 581 969 646 ,qu-orum
1010 561 1275 625 materia
1322 583 1399 626 ex
1421 561 1701 625 dominio
1725 562 1845 626 Dei
1867 560 2122 645 pendet.-
2148 561 2330 638 Haec,
2361 561 2648 646 inquam,
2677 559 2731 622 si
2753 560 2926 624 Deus
2962 560 3076 623 uli'

122 651 249 713 velie
293 669 407 713 suo
450 649 730 714 absoluto
778 651 921 715 dom
932 651 1079 728 mic,
1136 671 1270 714 non
1312 649 1701 734 obliqabunc:
1746 651 1899 735 quia
1951 649 2303 714 ‘titulabitur
2350 647 2612 714 maceria
2637 647 3050 730 obliqationis.

121 735 266 800 Cum
297 736 397 801 his
442 737 689 802 faciunt
735 760 955 802 omnes
980 738 1093 802 alii
1118 736 1497 803 Scholastici
1520 738 1801 822 exceptis
1832 739 2113 816 OccamO,
2137 739 2366 810 liliaco,
2399 740 2685 814 Ger-sone,
2719 738 3050 821 AlmaynO.

118 825 375 890 Azort'us
401 830 533 890 tam
565 825 770 911 rigide
793 826 860 890 in
886 827 1050 891 hanc
1075 831 1325 910 partem
1370 828 1715 905 contendit,
1764 831 1837 891 ut
1868 850 1996 890 non
2037 831 2328 890 vereatur
2351 826 2578 903 dicere,
2605 828 2935 910 peccatum
2961 847 3054 888 re-

120 937 387 998 pugnare
442 921 653 980 rectae
713 915 967 986 rationi,
1018 917 1215 980 etiam
1241 917 1295 980 si
1320 916 1535 980 nullus
1564 920 1729 980 esset
1753 914 1947 980 DeuS.
1998 915 2202 991 Quam
2228 916 2447 991 solide,
2473 915 2578 978 hic
2603 936 2727 976 non
2752 913 3053 996 disquiri—

122 1025 268 1067 mus,
318 1003 641 1068 Ace-edant
663 1003 979 1089 Theologi
1012 1004 1123 1090 qui
1148 1005 1553 1088 distinguunt
1593 1005 1838 1069 cultum
1870 1004 1994 1069 Dei
2016 1005 2084 1067 in
2113 1005 2474 1068 naturalem
2499 1005 2544 1069 ἃ
2571 1002 2958 1079 institutum,
2984 1007 3056 1066 ut

116 1093 387 1156 Ainesius
430 1095 476 1158 81
528 1092 639 1177 qui
688 1092 785 1156 illi
832 1092 999 1156 hanc
1044 1093 1516 1157 distinctionem
1563 1093 2096 1177 praeformarunt.
2148 1092 2252 1157 Ad
2281 1093 2438 1157 haec
2479 1092 2598 1170 illi,
2626 1091 2738 1174 qui
2763 1095 3058 1155 asserunt

122 1179 313 1244 Deum
362 1181 808 1245 antecedenter
854 1182 933 1246 ad
959 1181 1233 1247 liberum
1258 1205 1444 1246 suum
1469 1182 1791 1247 decretum
1816 1183 1940 1246 sibi
1973 1181 2324 1246 debitorem
2350 1204 2485 1246 esse
2511 1183 2557 1246 8⁶
2583 1181 2664 1244 ad
2692 1179 2934 1263 aliquid
2957 1185 3055 1243 te-

118 1269 261 1346 neri,
308 1271 489 1354 cujus
540 1270 903 1353 oppositum
952 1271 1287 1335 decernere
1312 1275 1607 1354 nequeat.
1659 1269 1764 1334 Sic
1788 1269 2064 1334 Ursinus
2091 1275 2429 1335 comment.
2457 1271 2536 1332 ad
2567 1267 2740 1334 Jesa.
2771 1269 2834 1333 3.
2861 1291 2918 1332 v.
2951 1269 3053 1332 10.

122 1357 243 1424 Sibi
266 1360 368 1422 eni
375 1380 432 1422 m
468 1359 595 1443 ipsi
626 1371 931 1444 tanquam
956 1381 1208 1424 smnmo
1239 1360 1422 1445 [pag.
1458 1359 1621 1444 371]
1648 1360 1806 1424 bono
1828 1360 2198 1446 yralificari,
2246 1358 2308 1424 a·
2355 1381 2468 1424 suo
2492 1359 2720 1423 leonori
2741 1359 3059 1422 consulere

120 1447 279 1511 Deus
318 1447 491 1532 debet
536 1469 613 1511 ca·
660 1448 881 1512 ordine
907 1449 1193 1533 justitiae
1212 1470 1403 1513 suae:
1428 1449 1729 1513 creaturis
1752 1469 1886 1512 non
1909 1447 2097 1525 debet,
2122 1449 2229 1512 sed
2251 1469 2328 1512 eae
2349 1449 2626 1532 qrataetitci
2642 1446 3058 1512 benevolentia

120 1535 217 1598 dac
266 1536 576 1622 beneficia,
624 1555 1031 1622 quaecunque
1052 1539 1180 1602 dal.
1218 1539 1564 1602 Maccovius
1599 1549 1744 1601 tom.
1774 1537 1833 1602 2.
1864 1537 2098 1621 disput.
2129 1537 2435 1620 llzcoloyic.
2459 1559 2526 1620 p.
2550 1537 2697 1598 304.
2733 1538 2902 1599 recte
2927 1540 3054 1599 sta-

124 1624 239 1688 tuit
259 1624 585 1688 hominem
609 1647 859 1708 semper
892 1626 1167 1710 obligari
1200 1627 1279 1690 ad
1305 1627 1730 1690 obedientiam
1756 1647 1770 1689 :
1800 1648 1962 1709 quae
1980 1625 2357 1709 hypothesis
2388 1648 2514 1688 non
2543 1625 2792 1689 videtur
2817 1647 3052 1688 conve-

119 1713 243 1775 nire
269 1735 413 1778 cum
441 1713 761 1777 sententia
786 1715 1068 1792 adversa,
1094 1737 1286 1797 quam
1314 1715 1472 1778 alibi
1498 1737 1575 1778 ex
1602 1714 1886 1798 professo
1911 1714 2216 1779 defendit.

198 1799 263 1869 3.
287 1800 619 1866 Sententia
642 1807 862 1866 nostrii.
886 1803 1043 1866 satis
1060 1802 1196 1887 jam
1220 1803 1495 1882 firmata,
1511 1808 1711 1867 restat
1728 1805 2060 1867 adversam
2081 1802 2496 1881 excutiamuS,
2518 1826 2680 1886 quae
2698 1802 2852 1866 olim
2869 1824 3058 1886 quae·

31 1887 34 1898 ‘
128 1889 314 1953 stione
338 1892 415 1953 de
442 1890 911 1973 dispensatione
937 1895 1418 1975 praeceptorum
1436 1892 1721 1976 decalogi
1746 1891 1911 1955 forte
1937 1892 2168 1955 excidit
2193 1892 2302 1956 uni
2327 1897 2519 1975 atque
2547 1892 2734 1955 alteri
2765 1915 2842 1954 ex
2867 1891 3057 1956 Scho-

122 1979 333 2042 luscinis
364 1979 553 2042 modo
595 1981 727 2054 cim
771 1980 1062 2062 quamvis
1102 1981 1180 2044 ad
1222 1980 1422 2045 finem
1444 2002 1587 2044 cum
1613 1980 1909 2044 omnibus
1940 1981 2408 2064 hypothesibus
2433 1983 2479 2046 &
2503 1980 2906 2044 consectariis
2933 2003 3058 2044 non

124 2067 538 2131 defenderint:
582 2069 691 2131 sed
722 2091 925 2151 nuper
970 2069 1293 2132 occasione
1327 2069 1805 2152 disceptationis
1845 2070 1922 2133 de
1967 2069 2114 2132 fidei
2138 2070 2404 2154 object0,
2438 2092 2518 2133 an
2544 2069 2746 2152 possit
2769 2091 2907 2132 esse
2932 2069 3056 2132 fal-

129 2176 275 2232 sum,
294 2155 417 2219 huc
442 2156 691 2220 delatus
710 2155 1077 2242 Theologus
1102 2158 1412 2221 recentior
1437 2156 1716 2242 (caetera
1741 2162 1811 2221 ut
1836 2158 2246 2221 orthodoxiae
2271 2180 2578 2241 perquam
2603 2157 2943 2236 studiosuS,
2969 2157 3060 2220 sic

127 2243 365 2306 subtilis
413 2247 461 2310 &
502 2244 859 2328 perspicax)
909 2246 991 2310 D.
1044 2247 1409 2324 MaccoviuS,
1457 2246 1523 2308 in
1556 2247 1854 2329 disputat.
1895 2246 2314 2330 nuper·editis
2337 2247 2809 2330 addecaloyum
2833 2246 2900 2308 in
2925 2247 2984 2309 8.
3013 2247 3058 2310 81

126 2352 253 2394 011111
286 2355 361 2396 eo
386 2334 642 2396 doctiss,
670 2334 926 2416 quidam
951 2335 1153 2418 ipsius
1179 2335 1525 2418 discipulus
1550 2335 1687 2418 ipso
1721 2335 1970 2398 vivente
2002 2341 2046 2396 δι
2071 2335 2464 2418 approbante
2497 2335 2564 2398 in
2589 2335 2807 2398 libello
2830 2335 2932 2397 cui
2954 2334 3056 2397 tit.

146 2421 443 2487 Vindiciae
474 2423 575 2489 &c.
618 2425 664 2489 81,
694 2423 897 2487 altero
936 2424 1037 2487 cui
1078 2423 1176 2487 tit.
1216 2424 1489 2489 Man-lisa
1524 2427 1621 2490 810.
1665 2447 1804 2487 03111
1845 2446 1922 2488 ex
1954 2425 2238 2507 professo
2264 2423 2718 2488 defendendam
2745 2423 3057 2505 suscepit3

128 2510 593 2575 confirmatione
636 2511 951 2595 opinionis
987 2512 1173 2576 istius
1206 2513 1400 2577 etiam
1426 2513 1729 2577 accersita
1754 2536 1829 2577 ex
1856 2512 2392 2597 disputationibus
2419 2512 2741 2577 hodiernis
2767 2512 3058 2597 Antago-

126 2598 427 2663 nistarum
456 2598 931 2685 pelagianismi,
959 2600 1127 2665 inter
1153 2622 1310 2685 quos
1334 2601 1653 2666 eruditiss.
1694 2602 1963 2667 Twissus
1989 2604 2034 2667 81
2059 2602 2532 2686 Rhaetorl'orliS,
2559 2623 2829 2687 quorum
2852 2600 2962 2665 ille
2987 2600 3052 2665 in

128 2688 469 2771 defensione
506 2690 797 2753 Perkinsi
818 2701 1036 2755 contra
1056 2692 1421 2755 Arminium
1447 2690 1548 2755 tib.
1582 2692 1642 2755 2.
1670 2702 1806 2755 secl.
1834 2691 1897 2753 5.
1921 2691 2235 2755 criminat.
2263 2692 2322 2754 2.
2353 2690 2473 2754 iste
2499 2691 2800 2755 erm-citat.
2827 2691 2886 2753 2.
2913 2710 3060 2754 con-

130 2786 217 2839 tra
258 2778 678 2843 Arminianos
723 2799 857 2861 cap.
906 2780 967 2841 3.
1018 2778 1383 2857 defendunt,
1436 2801 1571 2843 esse
1612 2779 1855 2863 aliquid
1873 2780 2141 2862 justum,
2177 2779 2288 2864 qui
2319 2778 2492 2843 Deus
2519 2779 2656 2843 vult
2691 2801 2816 2841 non
2841 2782 3062 2842 contra

129 2864 321 2928 Deum
362 2865 548 2945 velle,
589 2866 741 2950 quia
764 2868 1011 2949 justum
1045 2871 1158 2931 est.
1201 2867 1486 2951 Carptim
1526 2867 1693 2932 idem
1726 2867 1979 2931 axioma
2003 2867 2279 2931 indicare
2307 2868 2600 2931 videntur
2629 2868 2929 2932 Calvinus
2955 2867 3063 2932 lib.

131 2953 185 3015 3.
221 2955 483 3019 institut.
522 2976 657 3038 cap.
702 2956 806 3018 23.
849 2956 1193 3020 Perkinsus
1230 2956 1299 3019 in
1338 2957 1533 3021 libello
1571 2957 1646 3021 de
1688 2956 2258 3020 Praedeslinalione
2280 2978 2356 3021 ex
2378 2957 2565 3035 Alico,
2595 2956 2884 3021 Polanus
2907 2976 3059 3041 syn-

131 3052 305 3125 13931.
344 3044 451 3107 lib.
487 3046 548 3108 2.
582 3064 716 3127 cap.
762 3046 867 3107 26.
902 3046 958 3129 ξ.
1001 3044 1061 3107 4.
1102 3042 1227 3108 Sed
1259 3046 1638 3128 posteriores
1672 3049 1852 3108 extra
1877 3044 2390 3128 disputationem,
2419 3048 2464 3111 δι’
2490 3066 2742 3108 0111110111
2761 3045 3061 3108 adversae

131 3132 471 3195 sententiae
493 3132 799 3196 intuitum
819 3132 937 3197 hoc
964 3132 1217 3211 dixisse,
1244 3155 1316 3198 ac
1340 3133 1599 3215 proinde
1622 3156 1737 3217 per
1760 3133 2228 3203 distinctionem
2254 3133 2534 3197 additam
2559 3132 2746 3197 fac-ile
2771 3132 2938 3196 dicta
2954 3155 3062 3196 eo·-

132 3238 261 3283 rnm
299 3242 446 3285 011111
486 3221 721 3285 nostris
762 3220 1086 3285 conciliari
1126 3244 1310 3305 posse
1350 3222 1598 3305 patebit
1635 3245 1710 3285 ex
1742 3222 2166 3286 solutionibus
2206 3223 2437 3286 nostris
2462 3244 2608 3285 mox
2634 3220 3059 3303 subjiciendis

132 3308 298 3383 Quod
320 3309 401 3373 ad
436 3309 743 3374 Twissum
768 3312 813 3375 &
840 3310 1314 3395 Rhetorsortcm,
1342 3333 1466 3374 non
1492 3311 1767 3374 arbitror
1800 3332 1905 3374 eos
1933 3310 2176 3393 aliquid
2193 3310 2367 3374 aliud
2386 3310 2681 3388 voluisse,
2701 3331 2895 3392 quam
2912 3310 3059 3371 nul-

134 3394 249 3458 lam
273 3401 457 3461 extra
479 3396 687 3461 Deum
715 3421 852 3462 esse
874 3399 1187 3483 regulam,
1220 3422 1603 3478 mensuram,
1630 3400 1962 3478 rationem,
1990 3421 2244 3463 causam
2270 3397 2393 3463 Dei
2417 3400 2763 3477 voluntate,
2789 3401 2903 3461 aut
2925 3397 3062 3461 Deo

136 3485 367 3549 volente
390 3508 465 3551 ac
492 3486 864 3551 decernente
890 3488 1185 3571 priorem,
1213 3491 1250 3551 a
1274 3510 1399 3571 qua
1426 3488 1493 3551 in
1521 3488 1737 3551 liberis
1764 3488 2032 3551 decretis
2060 3488 2414 3572 (speciatim
2441 3486 2765 3551 electionis
2791 3486 2836 3550 &
2855 3507 3061 3567 repro-

134 3570 423 3656 bationis)
473 3575 839 3658 dependeat.
869 3574 1133 3640 Nullam
1164 3576 1360 3639 etiam
1390 3599 1525 3641 esse
1552 3576 1863 3661 regulam,
1889 3598 2196 3655 normam,
2224 3576 2534 3640 rationem
2566 3598 2638 3639 ac
2662 3573 2933 3637 formam
2957 3574 3064 3658 ju-

134 3661 329 3727 stitiae
370 3663 543 3727 ultra
582 3666 629 3729 81
662 3687 855 3748 supra
894 3664 1167 3727 liberum
1194 3665 1661 3749 beneplacitum
1696 3666 1741 3729 &
1765 3687 2152 3748 supremam,
2178 3666 2535 3729 absolutam
2562 3686 2634 3727 ac
2667 3662 3062 3727 liberrimam

134 3746 245 3813 Dei
288 3754 693 3835 potestatem,
724 3754 1171 3837 quaerendam,
1216 3754 1297 3817 ad
1336 3776 1529 3836 quam
1566 3751 1690 3816 Dei
1735 3753 2127 3837 praeteritio,
2175 3752 2558 3836 reprobatiO,
2588 3751 2911 3815 decretum
2935 3772 3063 3816 11011

136 3836 312 3903 dandi
348 3841 627 3925 gratiam
666 3843 712 3907 81
743 3842 1036 3926 gloriam,
1070 3842 1179 3905 sed
1216 3847 1543 3925 peccatum
1578 3842 1985 3925 permittendi
2010 3846 2122 3905 aut
2154 3841 2472 3905 hominem
2501 3839 2624 3904 sibi
2649 3838 3062 3923 permittendi

138 3926 177 3991 ἃ
212 3934 469 4013 propter
506 3930 883 4013 permissum
922 3934 1252 4014 peccatum
1285 3930 1626 3995 damnandi
1662 3929 1742 3993 ad
1782 3930 2054 4013 gloriam
2087 3930 2376 4013 justitiae
2416 3951 2588 4006 suae,
2615 3926 2786 4011 exigi
2813 3926 3062 4007 debeat,

140 4021 239 4079 aut
272 4018 435 4082 unde.
476 4020 515 4081 a
557 4020 753 4102 priori
791 4019 1013 4083 deduci
1056 4022 1094 4082 a
1132 4018 1314 4083 nobis
1340 4020 1566 4103 possit:
1594 4020 1705 4083 sed
1727 4017 2019 4083 sufficere
2051 4019 2252 4096 nobis,
2279 4018 2329 4081 si
2366 4016 2521 4081 certi
2545 4015 2744 4080 simus
2769 4038 2846 4079 ex
2873 4016 3064 4079 verbo

142 4100 249 4167 Dei
271 4106 345 4170 de
370 4112 459 4182 τῷ
504 4104 615 4187 ἔτι,
644 4107 812 4193 quod
836 4108 1077 4171 scilicet
1106 4106 1281 4171 Deus
1313 4108 1480 4191 apud
1505 4130 1572 4172 se
1596 4106 1675 4170 ab
1702 4110 1961 4171 aeterno
1993 4107 2084 4170 ita
2109 4106 2453 4170 decreverit
2477 4104 2643 4169 inter
2665 4104 2991 4169 hominem
3017 4106 3063 4169 81

141 4189 488 4259 hominem:
528 4194 599 4255 τέ
623 4194 769 4255 Bisa-c
810 4217 978 4274 vem,
1012 4218 1123 4259 cur
1160 4196 1329 4259 hunc
1361 4196 1646 4280 elegerit,
1687 4218 1812 4259 non
1853 4218 1989 4259 esse
2033 4196 2202 4259 ultra
2248 4194 2712 4278 quaerendum;
2748 4192 2899 4276 quia
2929 4194 3064 4277 ejus

142 4300 317 4345 causa
328 4284 675 4365 quaeritur,
693 4285 792 4368 cuj
801 4307 873 4348 us
890 4306 1079 4349 causa
1091 4305 1216 4348 non
1234 4289 1349 4363 est,
1369 4289 1440 4348 ut
1471 4285 1754 4367 loquitur
1784 4284 2176 4369 Auqistt‘mw.
2203 4282 2439 4348 Totum
2455 4287 2670 4347 autem
2687 4282 3062 4345 fundamen-

142 4370 265 4433 tum
300 4370 491 4455 hujus
516 4372 990 4457 disceptationis
1022 4376 1241 4437 contra
1266 4372 1645 4457 Pelagianos
1672 4374 1735 4435 in
1763 4394 1835 4437 eo
1860 4372 2295 4437 collocandum
2321 4372 2503 4457 [pag.
2537 4372 2700 4455 372]
2734 4374 2849 4436 est.
2884 4368 3064 4444 Quod

142 4456 291 4522 nihil
314 4462 399 4525 sit
420 4462 865 4526 antecedenter
888 4462 967 4525 ad
990 4461 1385 4527 voluntatem
1408 4460 1529 4525 Dei
1554 4465 1667 4525 aut
1682 4460 1868 4543 juris,
1894 4466 2003 4525 aut
2036 4460 2332 4525 attributi
2357 4460 2424 4523 in
2449 4458 2586 4537 Deo
2611 4460 2771 4545 (sive
2788 4458 3062 4557 justitia,

1578 4558 1615 4613 4
2930 4567 3064 4608 srve
