3694 4871
822 325 1063 394 D1sr.
1108 325 1425 394 X11.D1·2
1470 325 1698 392 Laos
1748 351 1841 392 er
1889 329 2429 394 EUAuesmo.
2961 331 3089 396 349

125 513 401 588 denda;
444 514 551 577 sed
600 518 851 579 tantum
898 519 1189 580 tenemur
1222 516 1473 580 credere
1511 514 1649 580 Deo
1674 539 1786 600 per
1812 515 2164 600 Prophetas
2197 521 2307 581 aut
2333 517 2672 601 Apostolos
2698 520 2956 601 peccata
2979 521 3090 582 aut

126 601 491 666 mendacia
539 602 655 667 illa
701 602 1001 667 historice
1048 603 1349 669 referenti
1386 627 1459 670 ac
1490 605 1818 669 revelanti.
1868 601 1966 668 De
1991 626 2118 688 quo
2148 606 2364 670 confer
2395 609 2446 668 1.
2472 618 2636 689 part.
2663 606 2854 670 select.
2883 605 3090 692 dispp.

132 691 237 755 tit.
270 690 355 754 de
384 691 717 756 autoritate
736 692 1101 775 scripturae.

242 779 569 844 laetantia
601 780 662 844 2.
711 779 1003 844 Conditio
1050 781 1217 859 fidei,
1266 785 1303 845 a
1334 785 1459 864 qua
1499 804 1716 846 omnes
1740 782 2187 865 promissiones
2214 782 2701 866 suspenduntur,
2735 783 3095 866 significata

134 870 192 933 &
247 867 539 932 revelata
585 868 651 932 in
698 868 1057 953 Euangelio
1082 893 1195 954 per
1218 871 1641 934 necessariam
1666 871 2180 954 consequentiam
2205 872 2584 955 praestanda
2607 871 3014 956 intelligitur,
3047 873 3094 938 ἃ

138 960 625 1039 consequenter
648 957 885 1021 ibidem
904 962 1029 1021 una
1052 959 1413 1042 postulatur
1435 983 1506 1024 ac
1532 960 2006 1043 praescribitur,
2032 981 2143 1024 seu
2171 961 2525 1024 mandatur.
2576 961 2754 1043 Hesp.
2795 963 2848 1024 1.
2871 959 3098 1025 Conce-

140 1044 373 1108 dimus
422 1045 501 1107 ab
551 1046 769 1110 eodem
816 1046 963 1110 novi
1010 1047 1280 1111 foederis
1328 1052 1547 1112 autore
1580 1047 1911 1131 postulari,
1945 1048 2252 1126 mandari,
2280 1047 2625 1132 praescribi
2649 1048 2941 1113 omnibus
2964 1049 3096 1113 illis

142 1133 399 1216 quibus
453 1133 883 1219 Euangelium
932 1136 1271 1215 revelatur,
1319 1140 1625 1221 tanquam
1673 1140 1886 1201 actum
1927 1140 1970 1202 81
2003 1136 2284 1202 officium
2309 1137 2678 1201 hominibus
2703 1139 2740 1200 a
2771 1141 2950 1219 parte
2981 1160 3096 1202 sua

142 1221 479 1306 praestitu
526 1222 987 1288 necessarium:
1037 1224 1146 1288 sed
1192 1246 1499 1310 negamus
1525 1225 1882 1290 formaliter
1906 1225 2065 1289 illud
2095 1226 2374 1310 praecipi
2397 1225 2775 1308 EuangeliO,
2802 1229 2928 1308 qua
2949 1226 3095 1302 tali;

142 1331 389 1374 verum
436 1311 599 1395 lege,
644 1333 837 1394 quam
862 1315 989 1376 una
1020 1334 1163 1377 cum
1203 1313 1581 1398 EuangeliO,
1608 1314 1803 1378 immo
1827 1316 1873 1380 a
1891 1318 2038 1378 ante
2063 1314 2488 1400 Euangelium
2511 1313 2728 1377 ordine
2755 1318 3020 1378 naturae
3053 1316 3098 1380 8ι

144 1399 471 1482 temporis
510 1399 733 1464 iisdem
780 1402 1022 1465 revelat
1070 1423 1141 1466 ac
1176 1402 1493 1485 proponit.
1542 1401 1726 1468 Unde
1787 1402 1936 1466 talis
1985 1403 2393 1487 syllogismus
2419 1402 2734 1486 practicus
2748 1399 3096 1466 formatur:

158 1486 502 1572 Quidquid
550 1489 742 1567 Dea-3,
790 1489 899 1574 qui
946 1502 1033 1555 est
1074 1491 1289 1574 pm’ma
1334 1491 1558 1556 veritas
1603 1491 1905 1570 revelem,
1945 1492 2275 1576 promittit,
2310 1492 2421 1557 hoc
2448 1491 2572 1578 fide
2593 1491 2810 1556 divina
2835 1491 3101 1574 recipere

150 1577 411 1640 teneris.
462 1574 635 1641 Haec
684 1581 781 1642 est
823 1599 945 1642 vox
992 1579 1172 1662 legis.
1222 1579 1342 1644 Sed
1371 1580 1799 1644 remissionem
1843 1592 2236 1664 peccatorum
2264 1579 2326 1645 ἃ·
2346 1582 2614 1645 salutem
2633 1599 2750 1663 per
2779 1579 3112 1645 Christum-

152 1665 463 1730 omnibus
485 1665 869 1732 credentibus
898 1667 1064 1732 Deus
1086 1670 1405 1732 revelatae
1431 1670 1758 1754 promittit.
1806 1668 1984 1734 Haec
2017 1672 2113 1733 est
2137 1692 2256 1734 vox
2285 1668 2638 1752 Euangelii.
2687 1669 2854 1752 Erqo
2879 1669 3096 1732 remis-

153 1755 429 1833 sionem,
474 1755 574 1819 διο.
631 1754 891 1820 breviter
916 1756 1363 1839 promissiones
1392 1757 1535 1822 illas
1559 1758 1903 1842 Euanqelio
1947 1759 2240 1823 revelatas
2263 1757 2386 1846 fide
2407 1757 2624 1822 divina
2647 1757 2913 1840 recipere
2935 1768 3098 1822 tene-

156 1843 281 1907 ris,
334 1840 509 1906 Haec
538 1846 636 1906 est
686 1865 804 1907 vox
850 1845 897 1909 &2
942 1845 1259 1909 conclusio
1306 1845 1490 1929 legis
1538 1844 1741 1910 Sicuti
1787 1845 2028 1910 Christi
2060 1846 2420 1910 obedientia
2445 1867 2557 1928 pro
2581 1845 2766 1909 nobis
2790 1845 3100 1928 praestita

160 1931 532 2014 Euangelio
572 1933 922 1997 revelatur:
982 1936 1019 1996 a
1060 1933 1201 2015 lege
1225 1937 1439 1997 tamen
1464 1934 1810 2016 praestatio
1838 1935 2120 2017 ejusdem
2144 1935 2242 1998 illi
2265 1933 2392 1998 fuit
2415 1933 2827 2017 praescripta,
2861 1933 2907 1997 a
2935 1955 3014 1997 ex
3038 1933 3101 1996 vi

162 2019 337 2104 legis
384 2020 651 2103 (Levitic.
682 2021 813 2103 18.)
842 2023 967 2086 Hoc
990 2021 1091 2104 sac
1118 2020 1181 2086 ἃ·
1202 2022 1381 2097 divae,
1408 2023 1614 2106 posito
1656 2023 1821 2106 quod
1844 2024 1979 2105 jam
2005 2022 2432 2087 vadimonium
2461 2043 2574 2104 pro
2599 2021 2781 2084 nobis
2815 2021 3098 2100 obiisset,

164 2129 318 2172 eam
366 2112 689 2190 praestare
722 2109 1012 2178 debebat.
1040 2113 1085 2176 δι
1110 2110 1452 2194 praestitit.
1502 2110 1671 2174 Hinc
1696 2110 1927 2175 dicitur
1943 2110 2317 2194 justificatio
2350 2109 2513 2194 legis
2537 2109 2602 2172 in
2627 2109 2810 2174 nobis
2836 2109 3101 2192 impleta

166 2198 353 2264 Rom.
402 2197 463 2258 8.
489 2217 543 2260 υ.
572 2198 631 2259 3.
662 2199 720 2260 4.
750 2197 926 2274 Quae
949 2203 1163 2262 tamen
1188 2198 1315 2262 alio
1340 2205 1651 2283 respectu,
1685 2201 1851 2282 quod
1878 2200 1957 2262 ad
1982 2221 2096 2273 nos
2121 2199 2277 2277 scil.,
2306 2203 2401 2262 est
2430 2200 2474 2263 &
2509 2201 2767 2262 vocatur
2801 2197 3101 2281 Euange-

176 2285 330 2349 lica.
382 2284 559 2369 Hesp.
610 2288 669 2349 2.
718 2285 993 2350 Videtur
1017 2288 1461 2371 praesupponi‚
1521 2310 1737 2352 omnes
1764 2287 2213 2370 promissiones
2257 2286 2603 2371 Euangelii
2629 2308 2763 2350 esse
2796 2285 3103 2349 conditio-

166 2377 361 2437 natas
387 2373 431 2437 δι
459 2377 498 2438 a
516 2374 663 2439 fidei
689 2375 1047 2440 conditione
1072 2397 1442 2459 suspensas:
1471 2377 1639 2460 quod
1662 2398 1776 2440 nos
1804 2397 2134 2461 negamus.
2184 2375 2348 2441 Sunt
2387 2374 2556 2440 enim
2589 2374 2831 2459 primae
2864 2376 2909 2440 δι
2933 2374 3105 2459 prin-

167 2462 413 2546 cipales
460 2463 593 2547 ejus
648 2465 1095 2547 promissiones
1135 2465 1485 2543 absolutae,
1512 2466 1677 2529 unde
1703 2466 2171 2530 conditionatae
2203 2465 2586 2529 resultant&
2604 2465 2976 2547 dependent.
3003 2487 3101 2528 ex.

170 2572 273 2636 gr.
324 2549 507 2615 Dabo
560 2575 637 2616 ex
660 2553 1091 2617 misericordia
1138 2574 1501 2638 sponsorem
1548 2554 1617 2618 in
1664 2576 1920 2618 carnem
1945 2555 1990 2619 a
2017 2554 2084 2617 in
2110 2557 2380 2618 mortem
2404 2576 2518 2637 pro
2545 2553 2764 2617 mundi
2789 2551 2939 2616 vita.
2989 2552 3098 2629 Et,

169 2640 343 2704 dabo
368 2638 639 2724 singulis
672 2642 1013 2725 redemptis
1036 2642 1245 2720 fidem,
1279 2664 1394 2725 per
1414 2666 1605 2724 quam
1632 2640 1889 2707 Christo
1913 2644 1958 2707 δι
1983 2643 2268 2707 omnium
2301 2642 2436 2726 ejus
2459 2641 2914 2705 beneficiorum
2955 2664 3103 2725 par-

172 2728 407 2811 ticipes
453 2728 631 2793 fiant.
680 2729 785 2805 Et,
838 2731 1000 2793 dabo
1026 2730 1319 2794 omnibus
1344 2731 1744 2795 credentibus
1768 2731 2310 2815 perseverantiam
2335 2730 2500 2795 fidei.
2548 2729 2626 2794 In
2647 2730 2750 2793 his
2775 2730 3104 2813 promissi-

174 2816 411 2883 onibus
458 2816 828 2897 fundantur,
876 2824 1068 2901 atque
1123 2842 1197 2883 ex
1244 2819 1322 2883 iis
1348 2820 1662 2884 resultant
1684 2819 1846 2884 istae
1874 2819 2362 2884 conditionales:
2390 2819 2445 2882 si
2469 2818 2806 2883 credideris
2837 2818 3107 2883 habebis

178 2906 691 2972 communionem
715 2929 859 2971 cum
884 2906 1159 2986 Christo,
1184 2908 1621 2973 remissionem
1646 2912 2067 2991 peccatorum,
2102 2914 2200 2972 διο.
2229 2908 2335 2986 Et,
2362 2908 2416 2971 si
2455 2906 2978 2991 perseveraveris,
3007 2929 3108 2971 re-

174 2993 379 3078 cipies
402 3015 696 3059 coronam
726 2996 915 3061 vitae.

273 3084 586 3149 [nstantia
632 3085 695 3149 3.
742 3082 923 3159 Quod
976 3084 1145 3169 Lege
1191 3085 1417 3149 morali
1466 3089 1612 3149 ante
1660 3086 1939 3168 lapsum,
1991 3085 2055 3149 vi
2103 3084 2384 3169 ejusdem
2408 3084 2596 3170 Legis
2623 3087 2814 3171 (quae
2836 3084 3004 3168 quod
3027 3084 3106 3149 ad

177 3172 612 3237 substantiam
638 3172 857 3237 eadem
884 3178 1021 3239 erat
1044 3196 1187 3239 cum
1209 3171 1380 3258 Lege
1404 3174 1630 3238 morali
1654 3178 1797 3257 post
1822 3172 2101 3257 lapsum)
2128 3196 2255 3237 non
2271 3173 2397 3238 fuit
2421 3172 2883 3257 praescriptum
2905 3197 2919 3250 ;
2949 3173 3107 3237 illud

180 3282 314 3326 non
358 3260 812 3343 praescribitur
857 3260 1047 3347 Lege.
1097 3261 1220 3326 Sed
1266 3263 1421 3345 fides
1452 3262 1519 3325 in
1544 3262 1870 3326 Christum
1893 3262 2304 3327 mediatorem
2333 3262 2364 3347 s
2366 3283 2512 3347 pag.
2541 3262 2656 3347 28]
2686 3266 2832 3327 ante
2858 3262 3108 3345 lapsum

180 3371 315 3415 non
357 3349 483 3413 fuit
534 3350 945 3434 praescripta.
1017 3351 1211 3436 ErgO,
1237 3350 1337 3415 διο.
1368 3352 1543 3435 Hesp.
1596 3350 1878 3415 Concedo
1922 3356 2066 3415 actu
2097 3356 2250 3416 tunc
2273 3342 2397 3416 non
2422 3350 2620 3415 fuisse
2644 3352 2764 3415 hoc
2791 3351 3106 3434 objectum

184 3437 461 3522 speciale
484 3438 661 3515 fidei;
708 3462 818 3503 seu
846 3440 1277 3505 extensionem
1308 3439 1453 3503 fidei
1490 3440 1569 3503 ad
1592 3440 1721 3503 tale
1749 3440 2148 3519 credendum,
2183 3440 2262 3503 ad
2285 3440 2481 3503 talem
2504 3438 2862 3512 veritatem,
2902 3437 2982 3501 ad
3007 3443 3106 3502 ta-

188 3528 319 3592 lem
348 3526 706 3605 articulum,
757 3528 835 3591 ad
882 3528 1263 3612 particulare
1308 3528 1427 3591 hoc
1460 3528 1797 3612 objectum,
1846 3551 1973 3593 non
1997 3528 2194 3593 fuisse
2219 3534 2371 3592 tunc
2394 3526 2767 3611 requisitam
2792 3530 2904 3591 aut
2925 3547 3109 3609 prae-

186 3614 525 3697 scriptam3
574 3615 667 3679 ita
714 3620 785 3679 ut
829 3617 985 3681 fides
1032 3616 1245 3681 divina
1280 3617 1349 3679 in
1388 3638 1529 3680 eam
1556 3620 1705 3680 tunc
1736 3618 1993 3681 tendere
2017 3639 2138 3681 non
2175 3617 2482 3681 debuerit.
2531 3614 2654 3680 Sed
2679 3614 2824 3679 fidei
2847 3614 3099 3678 divinae

188 3704 394 3768 virtus
438 3706 485 3769 δι
538 3708 715 3769 actus
738 3708 890 3770 tunc
912 3705 1300 3788 generaliter
1329 3704 1758 3789 praescriptus
1783 3705 1940 3769 fuit:
1963 3706 2009 3770 ἃ
2035 3705 2088 3770 si
2114 3704 2288 3769 Deus
2311 3706 2477 3769 hanc
2499 3708 2746 3788 partem
2771 3702 3000 3786 objecti
3025 3702 3102 3764 fi-

190 3792 293 3857 dei
340 3812 452 3856 seu
495 3792 661 3857 hanc
706 3794 1161 3876 particularem
1191 3794 1528 3857 veritatem
1550 3798 1703 3857 tunc
1727 3794 2074 3858 revelasset
2105 3792 2372 3871 AdamO,
2399 3815 2475 3857 ex
2499 3790 2837 3875 hypothesi
2861 3790 3106 3855 revela-

189 3879 405 3957 tioniS,
435 3879 755 3945 debuisset
780 3903 853 3945 ac
876 3882 1189 3965 potuisset
1218 3882 1339 3945 fide
1365 3882 1567 3946 suain
1597 3904 1736 3947 eam
1759 3882 2038 3960 tendere,
2067 3884 2110 3949 δι
2134 3882 2212 3945 ad
2238 3904 2374 3945 eam
2411 3903 2476 3945 se
2510 3879 2879 3944 extendere:
2911 3879 3108 3943 immo

192 3972 337 4033 actu
362 3969 441 4031 ad
462 3990 625 4048 eam,
650 3970 767 4034 sub
795 3969 1135 4055 hypothesi
1159 3971 1291 4034 scil.
1328 3994 1393 4035 se
1426 3970 1829 4036 extendisset.
1881 3971 2110 4035 Confer
2135 3970 2568 4053 quaestionem
2595 3969 2762 4032 inter
2780 3971 3028 4032 nostros
3060 3968 3108 4034 ἃ

196 4057 573 4141 Pelagianos
620 4059 855 4143 agitari
900 4060 1175 4135 solitam,
1232 4081 1311 4123 an
1342 4060 1622 4123 Adamus
1646 4058 1945 4123 habuerit
1969 4058 2322 4143 potentiam
2345 4057 2638 4121 credendi
2661 4056 2728 4119 in
2760 4055 3108 4121 Christum.

194 4144 379 4210 Nihil
423 4145 593 4209 enim
641 4147 707 4209 in
744 4152 977 4225 mente,
1006 4150 1051 4214 δι
1075 4148 1401 4212 voluntate
1419 4170 1534 4231 per
1557 4147 1901 4233 imaginem
1925 4146 2048 4210 Dei
2073 4146 2334 4211 elevatis
2359 4146 2599 4225 aderat,
2626 4145 2793 4229 quod
2819 4144 3110 4228 impedis·

196 4237 313 4299 set.
359 4231 473 4298 Uti
516 4234 685 4299 inter
732 4237 891 4301 alios
928 4236 1049 4301 hoc
1072 4236 1401 4319 perspicue
1425 4235 1701 4320 explicat
1737 4239 2104 4318 praeceptor
2127 4239 2340 4299 noster
2369 4237 2683 4301 Gomarus
2708 4246 2854 4299 tom.
2885 4235 2942 4296 1.
2969 4254 3112 4317 ope-

196 4343 341 4388 rum
393 4324 479 4387 ad
524 4324 743 4389 ΜαῑιΙι.
798 4326 903 4391 23.
953 4348 1007 4391 υ.
1044 4325 1145 4389 27.
1173 4324 1259 4389 Et
1282 4329 1494 4408 potest
1525 4324 1835 4388 illustrari
1861 4346 1938 4388 ex
1969 4324 2091 4387 fide
2114 4322 2602 4408 Prophetarum,
2639 4322 3108 4407 Apostolorum,

200 4411 589 4494 aliorumque
612 4413 1023 4474 &corvedo-mv
1046 4436 1143 4478 ex.
1169 4434 1247 4498 gr
1292 4411 1605 4479 Simeonis
1634 4414 1772 4478 Luc.
1810 4414 1870 4477 2.
1897 4412 2180 4496 quiante
2211 4412 2332 4477 hoc
2354 4412 2456 4477 vel
2481 4412 2641 4476 illud
2667 4411 2987 4495 objectum
3011 4433 3111 4474 re-

2943 4498 3112 4563 vela-
