3694 4871
29 776 31 793 -
29 648 32 771 —
29 604 32 639 ⁷-
29 574 32 599 -“
29 452 34 569 Ἄ-*ψ
31 305 41 397 Γ-Ἲ
31 264 41 300 -r
31 168 41 252 -ᾞ-
31 30 36 161 ·”’”--’--
33 2 40 18 -1

628 284 757 349 202
834 283 1056 348 D1sr.
1102 279 1253 347 VII.
1303 281 1972 348 PROBLBKATUH
2019 303 2115 345 ns
2161 279 2518 346 Msnrro
2565 280 2950 346 Cnn1sr1
2995 280 3352 347 PansIH.

715 468 786 539 3.
832 468 982 535 VII.
1031 468 1248 536 Probl.
1300 466 1404 533 An
1450 468 1743 535 Christus
1790 467 1916 533 sihi
1963 466 2311 552 quidquam
2357 468 2445 532 sit
2491 466 2806 533 meritus?
2857 469 3035 553 Hesp.
3087 466 3163 532 In
3195 467 3546 534 affirmante

624 558 945 624 sententia
995 557 1161 622 nihil
1208 557 1465 623 absurdi
1503 558 1817 623 videmus:
1868 579 2012 622 cum
2052 556 2346 621 Christus
2375 556 2589 642 legem
2612 556 2995 639 impleverit,
3024 559 3073 623 8⁶
3095 556 3376 641 perfecta
3405 558 3548 623 obe-

626 647 867 712 dientia
904 648 1009 731 jus
1034 647 1203 711 vitae
1227 646 1354 711 sibi
1376 646 1783 730 acquisiverit
1797 646 1985 730 juxta
2008 644 2352 709 formulam
2377 645 2542 729 legis
2573 646 2816 711 Levilic.
2845 646 2944 709 18.
2975 645 3119 711 coll.
3153 668 3298 710 cum
3333 648 3460 713 Gal.
3483 648 3544 710 3.

627 735 751 812 Qui
804 735 1028 801 fecerit
1076 757 1169 810 ea,
1224 735 1397 799 vivet
1420 738 1521 803 810.
1545 734 1796 801 Tenent
1816 735 1986 799 hanc
2012 735 2421 819 Bullinyerus
2445 735 2517 799 in
2547 735 2795 819 Apocal.
2823 754 3008 799 serm.
3033 735 3141 798 27.
3167 733 3230 799 ἃ·
3253 736 3356 798 28.
3383 736 3542 800 Zan-

626 823 804 891 ckius
850 826 921 889 in
965 825 1231 909 praefat.
1279 824 1366 888 ad
1410 824 1878 909 consessionem,
1904 822 2191 890 Piscator
2215 823 2284 887 in
2307 824 2688 908 emporiticae
2715 821 2996 910 symboli,
3021 826 3068 890 81
3098 824 3170 888 in
3199 823 3460 907 Philipp.
3481 824 3542 888 2.

625 933 764 978 vers
788 913 851 976 9.
870 914 1411 997 Ravensperyerus
1432 915 1505 978 in
1526 912 1855 997 Florileyio
1890 912 2169 997 Theoloq.
2191 932 2338 996 paq.
2371 910 2518 976 168.
2553 914 2610 977 T
2601 912 2928 978 arretinus
2951 914 2998 978 &
3025 912 3544 997 cloppenbumius

625 1002 696 1066 in
718 1002 881 1085 disp.
909 1002 985 1067 de
1010 1001 1253 1089 Christo
1279 1002 1601 1069 Sem-valore
1625 1000 1920 1067 Genevae
1945 1021 2110 1065 anno
2140 999 2331 1065 1614.
2353 999 2597 1075 habita,
2623 1022 2817 1084 quam
2840 1000 3240 1087 Synloqmati
3261 1021 3376 1067 suo
3397 1022 3544 1065 anno

634 1090 823 1155 1645.
881 1089 1051 1154 edito
1102 1088 1183 1154 D.
1240 1088 1794 1175 Cloppenburgius
1825 1088 2191 1172 subjunxit:
2226 1091 2542 1155 Gomara-3
2573 1090 2646 1155 in
2669 1089 2907 1174 Philip.
2935 1090 2999 1153 2.
3025 1090 3109 1167 9.;
3135 1088 3248 1153 ubi
3273 1091 3540 1154 accurate

627 1177 748 1243 hoc
793 1178 1071 1263 explicat
1116 1181 1163 1246 a
1186 1178 1496 1244 defendit:
1522 1178 1924 1243 Contrariam
1953 1177 2340 1243 sententiam
2361 1176 2606 1242 habent
2637 1177 2955 1257 Calvina-3,
2981 1179 3266 1257 Damus,
3301 1180 3540 1257 Parem,

626 1267 831 1351 (cujus
862 1267 1038 1331 varia
1060 1272 1443 1353 argumenta
1471 1268 1614 1333 vide
1640 1269 1703 1333 in
1734 1266 2288 1336 Exeo-citationibus
2307 1286 2455 1351 pay.
2487 1265 2632 1330 102.
2659 1267 2810 1331 edit.
2835 1266 2900 1329 in
2927 1267 3017 1353 8.)
3040 1268 3330 1333 Amo-rius
3349 1278 3544 1332 contra

630 1356 1009 1423 Bellarmini
1039 1367 1409 1422 controvers.
1426 1359 1777 1443 qeneralem
1808 1356 2170 1434 secundam,
2203 1355 2471 1421 &Mamm
2507 1356 2741 1421 Slodus
2771 1366 2990 1421 contra
3027 1356 3360 1432 Ver-stium,
3387 1356 3544 1419 deni-

608 1465 750 1529 ·que
792 1446 1158 1511 Maccovius.
1183 1444 1304 1511 Sed
1330 1446 1399 1509 in
1430 1446 1637 1511 medio
1660 1444 2020 1528 relinquere
2045 1444 2296 1508 videtur
2319 1444 2423 1510 Fr.
2453 1443 2635 1529 [pag.
2670 1443 2832 1529 266]
2857 1445 3092 1511 lunius
3133 1444 3206 1509 in
3225 1445 3392 1511 notis
3419 1444 3540 1511 Bel-

626 1534 1022 1610 larminum3
1060 1536 1107 1601 a
1138 1538 1475 1618 utramque
1498 1533 1835 1599 conciliare
1864 1533 2181 1619 Allinqius
2211 1533 2280 1597 in
2307 1532 2708 1618 problematis
2725 1544 2895 1617 part.
2926 1534 2983 1599 1.
3009 1532 3226 1600 Probl.
3260 1532 3369 1597 43.
3403 1532 3542 1599 Cha-

626 1621 865 1688 mierus
914 1621 1017 1687 lib.
1064 1622 1122 1686 7.
1148 1643 1281 1707 cap.
1318 1624 1379 1687 6.
1412 1622 1728 1707 imprimis
1750 1622 1874 1687 hoc
1897 1642 2088 1707 agere
2113 1620 2383 1699 videtur,
2409 1624 2482 1686 ut
2507 1621 2802 1685 ostendat
2822 1644 2952 1685 non
2976 1644 3112 1686 esse
3143 1622 3542 1686 necessariam

624 1709 793 1775 hanc
838 1711 1309 1793 quaestionem3
1358 1712 1405 1777 a
1452 1711 1683 1795 siquid
1706 1712 1783 1775 de
1806 1733 1885 1775 ea
1913 1710 2249 1776 dicendum
2279 1710 2384 1787 sit,
2410 1709 2633 1775 timide
2655 1709 2777 1775 hoc
2801 1710 3120 1795 agendum
3140 1733 3158 1787 3
3183 1710 3414 1775 saltem
3435 1730 3542 1773 non

628 1803 765 1863 tam
810 1802 983 1863 certo
1030 1820 1172 1864 eam
1217 1799 1707 1864 determinatam
1738 1802 1777 1863 a
1799 1798 2155 1863 Pontificiis
2180 1802 2252 1862 ut
2283 1798 2350 1862 in
2375 1797 2710 1865 Calvinum
2733 1798 3056 1863 incurrere
3079 1798 3348 1882 possint.
3395 1796 3542 1874 Quid

630 1890 849 1953 autem
896 1886 1019 1951 sibi
1064 1889 1392 1967 meruerit,
1437 1888 1483 1954 &
1531 1909 1655 1971 quo
1701 1910 1815 1952 seu
1838 1887 2072 1971 quibus
2098 1886 2456 1952 actionibus
2482 1888 2528 1954 &
2559 1886 2983 1971 passionibus,
3007 1909 3134 1952 non
3166 1909 3295 1951 uno
3318 1887 3490 1951 modo
3511 1888 3544 1949 ἰ

624 1975 859 2041 nostris
885 1975 1185 2059 explicari
1216 1976 1414 2042 solet:
1442 1977 1669 2060 dequo
1690 1975 1882 2040 infra.
1929 1974 2240 2041 Rationes
2263 1975 2647 2040 affirmantis
2671 1976 3027 2041 sententiae
3053 1976 3462 2040 desumuntur
3491 1974 3542 2037 1.

627 2087 703 2131 ex
724 2063 963 2150 Philip.
989 2067 1051 2128 2.
1076 2086 1235 2131 vers.
1270 2066 1331 2130 9.
1358 2066 1571 2131 collat.
1595 2087 1739 2130 cum
1764 2064 1932 2131 Jesa.
1957 2065 2061 2128 53.
2087 2084 2245 2129 vers.
2276 2063 2377 2128 10.
2410 2066 2509 2129 12.
2534 2066 2681 2131 Luc.
2710 2062 2817 2129 24.
2841 2084 3002 2130 vers.
3030 2064 3132 2128 16.
3157 2064 3296 2129 1011..
3327 2065 3423 2128 10.
3451 2062 3543 2126 17.

628 2152 817 2221 Hebr.
850 2154 907 2217 1.
942 2153 1005 2218 3.
1029 2153 1091 2221 a
1118 2154 1221 2219 10.
1258 2156 1362 2218 12.
1398 2156 1569 2220 psal.
1600 2154 1747 2217 110.
1777 2153 1835 2217 7.
1859 2154 1918 2216 2.
1950 2153 2116 2235 Quia
2146 2175 2260 2236 pro
2293 2175 2359 2218 se
2382 2152 2852 2237 fuitsubjectus
2876 2152 3029 2237 legi,
3061 2174 3332 2237 eamque
3352 2174 3460 2237 pro
3479 2172 3542 2215 86

628 2242 941 2325 implevit.
989 2241 1087 2308 De
1111 2263 1236 2325 quo
1266 2242 1335 2307 in
1358 2243 1650 2327 sequenti
1672 2242 2087 2326 problemate.
2137 2240 2506 2305 Notandum
2532 2245 2748 2306 autem
2774 2264 2902 2306 non
2931 2241 3214 2327 intelligi
3236 2241 3344 2305 hic
3369 2240 3542 2305 meri·

625 2335 769 2396 tum
817 2330 1201 2415 rigidissime
1255 2332 1494 2396 dictum
1555 2331 1665 2396 sed
1709 2330 2179 2408 modificatum3
2226 2329 2475 2394 nullum
2523 2330 2692 2394 enim
2735 2330 2866 2396 tale
2913 2329 3084 2414 apud
3111 2330 3324 2395 Deum
3350 2330 3542 2394 locum

600 2417 867 2488 ,habere
910 2422 1141 2505 potest,
1190 2420 1291 2486 cui
1336 2443 1465 2486 non
1518 2423 1958 2504 praestruatur
2008 2418 2226 2502 aliqua
2271 2418 2475 2483 libera
2521 2417 2642 2484 Dei
2667 2418 2879 2504 gratia
2903 2441 3014 2485 seu
3042 2416 3476 2484 benevolentia
3501 2417 3544 2483 a

634 2507 1078 2573 beneficentia.
1105 2506 1287 2574 VIII.
1316 2509 1525 2575 Probl.
1551 2507 1658 2573 An
1691 2507 1982 2574 Christus
2006 2508 2138 2593 legi
2164 2508 2486 2591 subjectus
2509 2507 2726 2586 fuerit,
2759 2529 3028 2592 eamque
3051 2530 3168 2591 pro
3193 2530 3263 2572 se
3286 2507 3542 2591 implere

636 2595 928 2662 debuerit
944 2601 975 2662 Ρ
1021 2599 1203 2683 Resp.
1252 2597 1301 2664 A
1306 2601 1377 2685 ff.
1424 2599 1713 2665 Piscator
1756 2595 2084 2662 Christum
2117 2618 2231 2681 pro
2254 2619 2321 2661 se
2345 2596 2557 2681 legem
2577 2597 2962 2681 implevisse,
2993 2596 3182 2681 eique
3205 2596 3546 2678 subjectum

635 2684 853 2751 fuisse.
880 2684 1320 2766 Consentiunt,
1347 2685 1457 2770 qui
1481 2686 1846 2770 opinionem
1871 2687 2007 2770 ejus
2032 2685 2108 2750 de
2131 2707 2258 2749 non
2281 2685 2701 2769 imputatione
2719 2685 3010 2770 justitiae
3039 2685 3288 2751 activae
3319 2682 3544 2749 Christi

635 2777 992 2839 sectantur:
1038 2775 1207 2841 inter
1254 2797 1413 2859 quos
1451 2774 1631 2839 docte
1662 2774 1829 2839 hanc
1851 2796 2108 2839 causam
2133 2774 2271 2858 agit
2311 2775 2563 2840 Tilenus
2587 2775 2658 2838 in
2679 2779 3002 2860 Symaqm.
3025 2786 3196 2859 part.
3225 2775 3290 2838 2.
3313 2773 3466 2856 disp.
3490 2771 3545 2834 4.

635 2861 736 2927 Ex
758 2860 1205 2948 Antagonistis
1228 2863 1583 2929 sententiae
1607 2863 1949 2928 Piscatoris
1974 2862 2050 2926 de
2066 2862 2322 2947 justitia
2351 2862 2581 2940 activa,
2607 2863 2720 2926 alii
2740 2863 3124 2948 hypothesin
3150 2862 3318 2928 hanc
3341 2879 3545 2926 conce·

636 2951 815 3028 dunt,
862 2974 959 3016 e1.
989 2972 1085 3038 gr.
1116 2953 1435 3020 Gomarus
1455 2953 1527 3017 in
1550 2951 1712 3036 disp.
1739 2952 1815 3017 de
1834 2951 2100 3016 materici
2129 2949 2192 3016 ἃ·
2214 2951 2428 3035 form-d
2451 2950 2938 3039 laslificationis.
2966 2951 3104 3016 Alii
3124 2973 3276 3017 vero
3298 2951 3544 3036 negant,

634 3037 805 3103 inter
851 3060 1007 3122 quos
1034 3042 1401 3120 Maccovius,
1426 3040 1498 3105 in
1525 3041 1787 3125 Colleqio
1808 3041 1992 3107 locor.
2024 3059 2364 3119 commum,
2389 3038 2436 3103 a
2467 3043 2616 3104 ante
2639 3040 2849 3124 ipsum
2875 3040 3144 3105 celebris
3173 3040 3322 3126 quis
3351 3037 3545 3104 Theo·

635 3128 843 3212 logne,
863 3162 870 3169 ·
889 3129 1068 3210 cujus
1089 3129 1444 3194 rationibus
1486 3129 1552 3193 in
1592 3129 1998 3214 Syntaqmale
2019 3150 2133 3193 suo
2166 3128 2417 3195 Tilenus
2448 3129 2575 3193 loco
2597 3129 2695 3194 cit.
2729 3127 2852 3212 (uti
2875 3128 3178 3212 arbitror)
3203 3127 3542 3212 respondet.

635 3214 813 3281 Inter
844 3216 1139 3301 antiquos
1167 3218 1479 3304 Chrysosl.
1502 3217 1719 3284 homil.
1745 3218 1852 3283 59.
1883 3218 1954 3282 in
1975 3217 2110 3282 Joh.
2135 3219 2332 3302 negat
2355 3215 2682 3282 Christum
2706 3216 2909 3281 ullum
2933 3216 3236 3282 habuisse
3261 3237 3542 3302 praecep-

637 3308 779 3369 tum
824 3303 1053 3383 Patria,
1102 3307 1271 3389 quod
1294 3305 1589 3372 Christus
1612 3306 1826 3372 omnia
1851 3305 2050 3370 libere
2073 3305 2118 3370 81
2150 3307 2375 3389 sponte
2399 3327 2478 3370 ex
2508 3305 2776 3370 caritate
2799 3304 3055 3370 fecerit:
3083 3306 3265 3390 cujus
3287 3304 3542 3370 rationes

641 3391 955 3459 refutatas
970 3394 1113 3460 vide
1132 3396 1303 3479 apud
1319 3395 1603 3462 Rivetum
1613 3415 1835 3461 comm.
1853 3395 1926 3459 in
1943 3395 2047 3459 Ps-
2067 3393 2172 3456 40.
2191 3414 2249 3458 v.
2266 3395 2327 3458 9.
2345 3393 2484 3459 Νο8
2499 3399 2778 3458 mentem
2795 3397 3080 3458 nostram
3095 3394 3238 3458 istis
3255 3389 3543 3459 conclusi-

641 3481 866 3546 onibus
890 3481 1301 3567 explicamus.
1327 3482 1378 3548 1.
1401 3481 1605 3550 Concl.
1632 3481 1925 3548 Christus
1948 3481 2076 3546 fuit
2099 3481 2420 3567 subjectus
2451 3482 2583 3568 legi
2603 3481 2882 3546 naturali
2907 3503 3018 3548 seu
3041 3481 3274 3546 morali
3297 3477 3543 3565 duplici-

641 3572 760 3648 ter,
780 3571 993 3654 primo
1016 3575 1143 3655 qua
1168 3571 1360 3636 homo
1376 3570 1795 3656 particulares
1812 3593 1924 3636 seu
1944 3573 2070 3654 qua
2093 3574 2386 3636 creatura
2399 3570 2733 3636 rationalis
2749 3592 2864 3655 pro
2881 3593 2968 3650 se,
2981 3593 3060 3635 ex
3081 3569 3208 3635 Dei
3216 3571 3362 3654 jure
3373 3571 3544 3634 natu·

640 3657 781 3733 rali,
806 3659 853 3724 a
883 3659 1223 3725 creationis
1249 3660 1417 3744 (vide
1443 3661 1606 3745 disp.
1631 3671 1915 3726 nostram
1938 3660 2014 3724 de
2034 3660 2187 3725 lure
2209 3661 2346 3739 Dei,
2373 3659 2418 3725 &
2453 3659 2758 3725 Thomam
2785 3661 2842 3723 1.
2869 3660 2930 3723 2.
2955 3671 3188 3743 quaest.
3225 3659 3368 3723 100.
3391 3655 3541 3722 artic.

643 3745 731 3828 8):
759 3747 1059 3827 Secundo,
1088 3751 1215 3833 qua
1230 3747 1547 3813 Mediator
1569 3749 1617 3814 81
1642 3747 1920 3832 Sponsor
1935 3769 2051 3833 pro
2067 3749 2270 3813 nobis.
2292 3751 2352 3813 2.
2379 3749 2581 3814 Concl.
2609 3745 2946 3831 Subjectus
2971 3746 3096 3811 fuit
3109 3747 3276 3832 legis
3291 3765 3542 3814 ceremo-

641 3834 820 3914 niali,
845 3837 1054 3919 primo
1098 3839 1227 3922 qua
1249 3836 1441 3902 homo
1467 3837 1874 3922 particularis
1896 3834 2213 3914 Israelita,
2241 3859 2458 3901 verum
2477 3836 2687 3902 Deum
2711 3837 2888 3902 cultu
2921 3836 3220 3901 instituto
3242 3858 3362 3921 pro
3385 3854 3542 3900 oeco-

641 3923 857 3987 nomia
900 3924 1088 3989 istius
1132 3925 1437 4010 temporis
1468 3926 1713 3990 colens:
1740 3925 2029 4003 εεοιιηάο,
2055 3929 2185 4009 qua
2205 3923 2522 3990 Mediator
2544 3947 2660 4008 pro
2683 3925 2886 3990 nobis.
2913 3927 2972 3990 3.
3004 3926 3208 3992 Concl.
3233 3923 3543 4009 Subjectus

643 4009 770 4075 fuit
805 4012 937 4096 legi
973 4012 1302 4092 Politicae,
1338 4017 1478 4078 tum
1515 4013 1856 4092 Mosaicae,
1883 4017 2022 4077 tum
2039 4013 2183 4078 aliis
2206 4013 2535 4097 quibusvis
2559 4013 2696 4078 illic
2719 4013 2841 4078 loci
2857 4013 3220 4079 constitutis
3237 4017 3366 4098 qua
3379 4013 3542 4077 homo

642 4098 1065 4182 particularis,
1110 4101 1319 4166 incola
1362 4101 1602 4183 mundi,
1628 4104 1674 4168 &
1697 4102 1852 4166 civis
1876 4099 2293 4186 Reipublicae
2315 4100 2724 4167 Israeliticae.
2754 4102 2814 4167 4.
2846 4103 3048 4170 Concl.
3075 4101 3410 4188 Subjectus
3437 4097 3542 4162 fuit

644 4187 830 4251 nobis
852 4188 982 4273 legi
1008 4189 1271 4272 speciali
1294 4189 1369 4254 de
1394 4191 1754 4256 exolutione
1779 4189 1981 4255 debiti
2003 4191 2205 4255 nostri
2231 4212 2345 4274 per
2367 4212 2603 4274 poenas
2633 4190 2997 4276 condignas,
3024 4193 3153 4276 qua
3183 4189 3486 4255 Mediator
3504 4185 3541 4250 ἃ

646 4272 925 4358 Sponsor
968 4280 1203 4357 noster,
1246 4278 1431 4361 juxta
1469 4277 1691 4343 foedus
1735 4300 1882 4343 cum
1906 4277 2098 4343 Patre
2122 4279 2372 4343 initum.
2421 4277 2592 4344 Huic
2615 4279 2748 4364 legi
2779 4279 3040 4363 speciali
3071 4302 3356 4344 annexae
3385 4275 3542 4342 erant

648 4360 955 4448 speciales
979 4363 1129 4429 illae
1152 4365 1599 4450 promissiones
1626 4367 1850 4433 Matth.
1876 4367 1936 4431 3.
1963 4365 2026 4434 ἃ·
2056 4366 2157 4432 17.
2184 4366 2327 4433 Jesa
2352 4368 2456 4432 53.
2480 4367 2767 4454 Philipp.
2793 4365 3050 4434 2.chr.
3083 4367 3381 4434 2.Confer
3401 4365 3540 4446 disp.

3287 4466 3542 4523 nostram
