3694 4871
523 280 652 344 376
1182 278 2801 344 D1sp.XII.DnLeasn·1-Eumum10

523 470 699 534 tatae
749 466 957 552 magis
1005 468 1393 531 excrescunt.
1445 463 1760 529 Adhiberi
1808 464 2005 529 etiam
2054 466 2265 547 potest
2311 463 2703 546 comparatio
2753 462 2991 527 Christi
3040 465 3087 528 ἃ
3116 460 3481 546 Euangelii

524 555 910 640 praedicati.
938 553 1058 619 Ille
1084 553 1316 617 dicitur
1338 554 1528 617 ruina
1549 552 1901 617 multorum
1919 553 2067 617 Luc.
2088 551 2150 613 2.
2164 551 2357 629 istud,
2376 552 2529 615 odor
2546 552 2769 614 mortis
2788 551 2868 615 ad
2882 554 3157 615 mortem
3174 552 3212 613 2
3236 552 3385 616 Cor.
3406 551 3475 613 4.

613 642 776 709 Esse
812 646 1030 707 autem
1069 643 1280 726 legem
1302 642 1424 706 hoc
1451 641 1788 724 posteriori
1813 640 2149 723 respectu
2124 662 2258 722 Jam
2286 639 2603 722 explicato
2629 640 3023 703 occasionem
3048 640 3477 703 excitationes

527 730 955 832 &augmenti
1001 733 1430 813 peccatorum,
1479 738 1735 812 praeter
1780 729 2163 811 scripturam
2212 729 2391 795 Rom.
2446 728 2502 791 7.
2552 727 2734 791 docet
2764 727 3159 811 experientia
3184 730 3230 793 ἃ
3260 727 3475 791 ratio:

527 820 706 905 cujus
730 818 1041 883 dictatum
1067 816 1329 881 exhibet
1355 817 1516 881 illud
1541 816 1813 881 Poetae:

893 906 1224 973 Nitimur
1201 925 1272 969 m
1299 906 1554 971 vetitum
1579 925 1842 990 semper
1878 907 2295 990 cupimusque
2316 864 2575 989 ne9a1a;

527 994 616 1059 Et
662 994 1002 1079 vulgatum
1049 992 1400 1077 Belgarum
1449 993 1878 1076 proverbium,
1920 992 2248 1079 Quidquid
2270 992 2627 1078 infamibus
2649 1006 2761 1057 aut
2782 994 2997 1077 pueris
3020 993 3329 1077 prohibes,
3354 992 3483 1057 hoc

527 1086 628 1148 iis
674 1083 970 1147 mandas·
1017 1080 1123 1145 Sic
1169 1082 1420 1166 legibus
1453 1085 1500 1147 St
1521 1081 1878 1146 interdictis
1901 1084 2401 1166 magistratuum
2425 1085 2538 1144 aut
2560 1081 3111 1145 dehortationibus
3136 1080 3315 1167 [pag.
3344 1079 3479 1164 62]

529 1170 884 1247 &consiliis
907 1174 1265 1254 parentum,
1292 1174 1599 1248 tutorum,
1625 1176 2133 1255 praeceptorum,
2154 1169 2693 1246 concionatorum,
2712 1170 3031 1233 dormiens
3049 1172 3164 1233 aut
3177 1190 3477 1252 repressa

531 1262 578 1325 ἃ
603 1258 876 1324 coercita
907 1257 1417 1341 concupiscentia
1439 1258 1632 1341 hujus
1659 1264 1771 1322 aut
1803 1258 1979 1323 illius
2012 1258 2254 1341 peccati
2280 1279 2470 1341 saepe
2494 1258 2772 1322 excitata
2803 1257 3160 1335 reviviscet,
3193 1264 3234 1319 δι
3262 1258 3481 1322 acrior

532 1348 845 1431 erumpit:
873 1347 1034 1411 haut
1058 1346 1248 1409 aliter
1281 1368 1355 1410 ac
1379 1346 1549 1431 ignis
1577 1348 1887 1411 metcitus
1908 1371 1923 1423 3
1952 1346 1998 1411 δι
2022 1351 2095 1410 ut

893 1436 1264 1519 Seranqulac
1313 1432 1598 1501 inclusus
1646 1436 1844 1514 dolor,
1892 1456 1968 1499 ae
2010 1436 2215 1519 ma9is
2262 1442 2502 1500 aestuat
2550 1436 2745 1499 imus.

531 1524 844 1589 Homines
894 1544 1351 1605 nonnunquam
1397 1523 1799 1605 impudenter
1845 1523 2250 1606 profitentur,
2278 1544 2346 1587 se
2372 1524 2509 1606 jam
2532 1522 2654 1587 hoc
2678 1524 2776 1587 vel
2805 1522 2965 1586 illud
2990 1522 3292 1587 dilectum
3322 1545 3475 1607 pec-

533 1616 750 1675 catum
774 1610 1089 1685 fa'eturos3
1117 1610 1270 1692 quia
1292 1610 1660 1688 monitoreS,
1687 1611 2067 1694 praesertim
2094 1610 2569 1675 concionatores
2594 1611 2754 1674 illud
2780 1611 3241 1695 perstringunt,
3268 1614 3315 1677 St
3340 1633 3475 1694 quo

533 1700 742 1783 magis
768 1721 842 1762 ac
872 1697 1313 1761 vehementius
1339 1661 1701 1780 prohiben't,
1727 1722 1802 1763 eo
1826 1704 2036 1783 magis
2070 1700 2240 1762 elata
2264 1721 2478 1777 manu,
2505 1721 2572 1763 se
2599 1699 2761 1763 illud
2784 1702 3281 1783 perpetraturos.
3330 1697 3475 1763 Nec

535 1788 766 1850 desunt
813 1786 926 1869 qui
972 1785 1116 1848 odio
1164 1783 1210 1848 δι
1257 1785 1627 1849 amolitione
1663 1788 1991 1851 servitutis
2025 1790 2071 1853 δι
2096 1788 2240 1873 jugi
2266 1750 2675 1851 ecclesiastici
2703 1788 2827 1871 (uti
2853 1792 3255 1871 praetexunt,
3259 1789 3283 1867 )
3310 1787 3363 1852 δι
3392 1787 3479 1850 ad

532 1874 990 1938 ostendendam
1020 1895 1094 1937 ac
1118 1872 1579 1937 defendendam
1605 1873 1972 1939 libertatem
1995 1897 2178 1938 suam
2210 1874 2665 1952 Christianam,
2690 1876 2911 1958 aliqua
2934 1878 3153 1959 aperte
3176 1897 3349 1939 nunc
3372 1876 3479 1939 fa·-

533 1964 732 2041 ciunt,
779 1985 947 2047 quae
991 1965 1184 2025 antea
1233 1961 1338 2026 vix
1379 1965 1492 2025 aut
1537 1962 1767 2028 saltem
1814 1966 2035 2045 aperte
2058 1962 2269 2027 faeere
2294 1984 2419 2027 non
2445 1963 2671 2027 solent.
2720 1964 3190 2051 Dirumpamus
3215 1965 3481 2030 vincula

536 2071 778 2129 eorum,
831 2052 930 2117 &c.
966 2049 1142 2113 Psal.
1167 2050 1227 2113 2.
1253 2073 1312 2113 v.
1341 2050 1403 2112 3.
1457 2052 1534 2114 1η
1557 2051 1738 2115 verbo
1762 2051 1933 2137 quod
1963 2054 2206 2117 locutus
2229 2074 2298 2116 os
2321 2052 2407 2116 ad
2435 2072 2551 2116 nos
2582 2054 2653 2115 in
2684 2072 2823 2117 voce
2846 2053 3109 2127 domini,
3138 2072 3267 2116 non
3288 2074 3481 2137 pare·

537 2160 682 2204 mas
729 2140 857 2205 cibi.
905 2139 1024 2205 Sed
1071 2138 1360 2221 faciendo
1385 2139 1690 2223 faciemus
1719 2160 1908 2204 omne
1928 2139 2207 2215 verbum,
2236 2140 2406 2225 quod
2430 2160 2633 2225 syr-ess
2636 2162 2749 2205 um
2770 2153 2857 2206 est
2882 2142 2959 2205 de
2980 2161 3087 2205 ore
3106 2152 3345 2219 nostro,
3372 2142 3482 2206 &c-

536 2227 777 2291 Ierem.
824 2228 930 2291 44.
979 2250 1040 2291 v.
1079 2225 1316 2290 16.17.
1369 2228 1572 2311 Impio
1597 2240 1810 2293 autem
1833 2229 1993 2293 dixit
2021 2228 2215 2305 Deus,
2240 2228 2396 2314 quid
2416 2228 2527 2292 tibi
2549 2240 2618 2293 ut
2642 2249 2903 2294 enarres
2930 2229 3217 2294 instituta
3240 2251 3389 2295 mea
3418 2228 3489 2293 ἃ·

533 2336 832 2381 assumas
877 2327 1134 2399 pactum
1179 2336 1394 2381 meum
1416 2317 1487 2379 in
1512 2335 1620 2380 ore
1649 2328 1774 2381 tuo-
1832 2318 1927 2380 Tu
1958 2336 2100 2381 vero
2125 2317 2313 2382 odisti
2342 2317 2765 2400 disciplinam,
2788 2317 3102 2401 projecisti
3124 2318 3312 2383 verba
3340 2338 3487 2383 mea

531 2416 708 2559 post
722 2416 790 2470 te.
841 2402 1088 2556 Psplzm.
1131 2404 1237 2468 50.
1271 2426 1329 2468 v.
1364 2404 1467 2468 16.
1500 2405 1598 2472 17
1651 2403 1829 2469 Haec
1860 2405 2167 2488 mysteria
2198 2405 2481 2489 perversi
2507 2405 2733 2486 cordiS,
2760 2410 2807 2473 &
2830 2404 3129 2490 propriae
3154 2406 3489 2493 deceptio·

534 2514 634 2556 ms
702 2515 868 2558 erem
1050 2513 1108 2555 ι.
