3694 4871
264 342 729 412 D1sr.v11.
773 345 1435 409 Psonnsua'run
1482 366 1579 407 ns
1625 342 1978 409 Mani-ro
2027 343 2410 410 Cusrs'rl
2457 346 2685 409 Pius
2735 344 2849 409 [V.
2901 346 3029 409 209

116 532 157 594 a
174 530 437 615 gloriam
466 536 497 596 P
530 532 709 616 Hesp.
734 529 805 595 Si
831 530 985 614 quid
1015 529 1349 593 dicendum
1373 530 1479 605 sit,
1508 529 1802 593 videntur
1826 530 2107 595 rationes
2155 552 2268 614 pro
2316 534 2440 617 Aff.
2469 533 2506 595 a
2533 530 2868 614 posteriori
2900 530 3030 595 col-

114 618 217 703 ligi
260 640 467 703 posse,
518 642 595 684 ex
629 643 699 685 eo
732 620 899 703 quod
922 619 1085 683 nulli
1108 618 1346 703 gradus
1371 618 1850 683 excellentiores
1876 619 2144 684 actualis
2169 619 2316 682 fidei
2340 620 2387 683 δι
2419 619 2778 683 sanctitatis
2804 620 2872 683 iu
2903 640 3030 683 uno

112 728 313 771 eorum
344 708 731 792 deprehendi
762 707 984 791 possit,
1032 728 1224 789 quam
1274 706 1337 769 in
1388 706 1545 773 alio:
1600 707 1647 771 δι
1692 710 2149 789 consequenter
2174 708 2352 771 nulla
2375 708 2578 789 major
2601 706 2831 791 gratia,
2860 708 2906 773 a
2930 730 3029 771 se-

113 796 377 860 cundum
400 819 545 862 eam
570 796 951 861 conferenda
974 796 1177 877 major
1200 794 1427 879 gloria.
1478 794 1659 870 Quod
1683 795 1737 858 si
1762 795 1906 877 quis
1932 795 2120 860 malit
2149 795 2218 858 in
2249 795 2457 860 medio
2495 795 2872 879 relinquere,
2903 796 3030 860 uti-

110 906 221 966 que
242 907 367 949 non
398 906 852 969 repugnamus.
902 882 1145 948 Saltem
1176 905 1289 966 pro
1314 882 1772 965 inaequalitate
1795 905 1922 945 non
1947 886 2245 966 putamus
2278 882 2828 947 determinandum
2861 906 3030 959 esse3

110 992 237 1035 cum
260 974 513 1039 nullum
542 972 912 1057 Scripturas
942 972 1401 1047 testimonium,
1426 972 1605 1035 nulla
1630 971 1793 1033 ratio
1818 993 1933 1054 pro
1966 976 2038 1035 ea
2063 971 2371 1035 hactenus
2395 972 2594 1035 allata
2626 972 2732 1037 sit.
2753 972 2849 1057 [p.
2870 973 3030 1056 275]

186 1058 252 1127 3.
310 1062 518 1145 Atque
558 1062 865 1127 hactenus
891 1060 1251 1145 quaesitum
1277 1059 1431 1141 quid
1457 1058 1748 1123 Christus
1774 1058 2093 1123 salvandis
2118 1059 2384 1124 meritus
2409 1059 2514 1123 sit.
2563 1058 2810 1137 Restat,
2838 1081 3030 1143 quae-

112 1170 309 1211 ramus
336 1172 417 1213 an
444 1154 559 1213 aut
589 1152 740 1233 quid
764 1148 1071 1232 reprobis,
1098 1147 1365 1231 angeliS,
1390 1146 1513 1210 sibi
1540 1147 1660 1230 ipsi
1688 1146 2117 1229 acquisiverit.
2145 1146 2246 1211 Sit
2269 1170 2423 1233 ergo
2445 1146 2652 1211 XXII.
2687 1148 2894 1213 Probe.
2931 1150 3032 1213 An

116 1238 391 1319 reprobis
454 1239 735 1302 meritus·
767 1237 873 1306 sit.
920 1237 967 1301 δι
1015 1235 1231 1319 qualia
1277 1257 1351 1298 ac
1397 1240 1637 1317 quanta
1657 1240 1687 1299 Ρ
1740 1237 1918 1320 Hesp.
1973 1237 2257 1301 Becanus
2310 1247 2543 1321 quaest.
2589 1234 2674 1301 II.
2723 1258 3033 1320 praesup-

110 1326 275 1406 ponit
324 1348 401 1389 ex
446 1329 493 1392 St
541 1348 685 1390 cnm
748 1328 1019 1411 Vasquez
1065 1326 1227 1407 disp.
1266 1324 1367 1387 77.
1416 1345 1555 1406 cap.
1608 1325 1667 1386 5.
1725 1346 1926 1407 aeque
1983 1324 2112 1388 late
2157 1328 2376 1407 patere
2401 1322 2472 1382 τὸ
2495 1324 2632 1387 dari
2663 1324 3030 1389 hominibus

110 1412 337 1496 aliquid
384 1436 461 1479 ex
510 1415 759 1479 meritis
805 1412 1067 1485 Christi,
1118 1414 1164 1477 δι
1190 1412 1498 1495 applicari
1514 1411 1671 1495 ipsis
1698 1413 1926 1475 merita
1950 1411 2208 1475 Christi.
2261 1413 2429 1476 Idem
2456 1425 2688 1497 quaest.
2721 1413 2822 1477 10.
2849 1435 3028 1495 prae·

110 1507 393 1581 posuerat
438 1524 515 1565 ex
562 1502 881 1567 communi
924 1522 1233 1565 consensu
1280 1500 1402 1584 (uti
1451 1500 1569 1579 ait)
1617 1498 2171 1577 Scholasticorum,
2200 1500 2524 1565 Christum
2551 1500 2871 1565 salvandis
2895 1524 3030 1565 me-

110 1590 297 1653 ruisse
343 1590 501 1655 haec
554 1591 699 1656 tria.
750 1592 807 1653 1.
857 1590 1134 1674 gratiam
1179 1588 1639 1672 justificantem
1707 1588 2144 1653 remissionem
2206 1593 2629 1672 peccatorum.
2679 1592 2740 1652 2.
2797 1587 3029 1652 Omnia

112 1676 261 1740 dona
284 1678 554 1763 gratiae,
581 1700 743 1761 quae
769 1681 1121 1760 sequuntur
1145 1676 1417 1759 primam
1442 1676 1718 1761 gratiam
1738 1676 2214 1758 justificantem:
2243 1678 2592 1759 cujusmodi
2617 1682 2768 1741 sunt
2791 1678 3032 1741 auxilia

112 1766 365 1847 gratiae,
412 1768 645 1831 merita
692 1768 1003 1830 bonorum
1048 1786 1332 1848 operum,
1377 1768 1794 1849 augmentum
1819 1766 2090 1849 gratiae,
2117 1766 2350 1829 donum
2377 1766 2903 1849 perseverantiae,
2931 1788 3031 1829 re-

115 1853 317 1919 missio
342 1860 741 1937 peccatorum
760 1854 1125 1931 venialium,
1151 1853 1440 1917 remissio
1466 1876 1705 1936 poenae
1728 1854 2120 1936 temporalis
2149 1854 2208 1917 3.
2233 1852 2452 1917 Vitam
2471 1858 2814 1918 aeternam.
2837 1854 3032 1917 Addit

116 1940 332 2006 ibidem
380 1944 693 2027 disputari
740 1943 907 2007 inter
953 1941 1335 2006 recentiores
1385 1942 1581 2025 (apud
1648 1944 1918 2026 Vasquez
1965 1942 2051 2005 ad
2100 1944 2160 2004 3.
2211 1942 2373 2026 disp
2412 1944 2514 2005 77.
2545 1963 2680 2025 cap.
2712 1943 2762 2005 1.
2794 1944 2891 2006 cie.
2897 1943 2922 2023 )
2947 1965 3030 2006 an

116 2032 401 2097 meruerit
444 2031 909 2115 dispositioneS,
958 2031 1190 2114 quibus
1238 2051 1693 2113 praeparamur
1746 2031 1826 2094 ad
1873 2030 2148 2132 primam
2201 2030 2478 2113 gratiam
2497 2030 2951 2112 justificantem
2984 2030 3030 2095 δι

118 2118 537 2184 remissionem
584 2124 1007 2204 peccatorum,
1056 2118 1277 2201 quales
1326 2121 1475 2181 sunt
1520 2123 1730 2182 motus
1776 2119 1944 2195 fidei,
2001 2119 2136 2201 spei
2183 2118 2562 2196 dilectioniS,
2609 2118 3027 2182 contritionis,

124 2203 541 2279 ,Determinat
587 2230 723 2293 cap.
781 2208 879 2271 ll.
930 2210 1149 2271 contra
1203 2205 1585 2269 Calvinistas
1641 2206 1764 2289 (uti
1790 2206 2098 2289 loquitur)
2148 2206 2380 2271 merita
2426 2205 2666 2270 Christi
2721 2206 3030 2290 applicari

128 2296 439 2362 ,omnibus
488 2297 725 2361 adultis
770 2318 897 2359 non
945 2299 1201 2359 tantum
1248 2294 1762 2377 praedestinatis,
1810 2295 1920 2357 sed
1967 2293 2161 2359 etiam
2203 2295 2525 2377 reprobis:
2575 2297 2622 2359 8⁶
2646 2295 2838 2377 paulo
2861 2300 3026 2377 post.

128 2382 210 2458 ,2.
262 2386 459 2450 Commi
512 2385 809 2451 Meritum
857 2384 1086 2450 Christi
1136 2384 1343 2467 meipsa
1388 2404 1515 2448 esse
1558 2386 1794 2472 efficax,
1859 2383 2066 2471 quoad
2111 2383 2280 2448 dona
2326 2383 2565 2468 qratiae
2609 2383 2680 2448 in
2728 2382 2844 2448 Ιιάο
2895 2383 3028 2450 vitei.

128 2428 434 2558 :Denique
491 2475 551 2536 3.
586 2475 790 2540 Com-l.
816 2473 964 2538 Non
991 2471 1301 2556 applicari
1325 2472 1619 2536 omnibus
1646 2473 2020 2555 aequaliter.
2069 2471 2251 2546 Quod
2275 2472 2364 2536 sic
2389 2471 2686 2554 explicat,
2712 2472 2864 2555 quia
2887 2473 3027 2572 qui·

128 2559 411 2633 ,busdam
436 2563 622 2626 datur
644 2567 897 2626 tantum
922 2561 1133 2646 gratia
1157 2561 1523 2636 vocationis,
1550 2583 1677 2624 non
1686 2560 2181 2642 Justificatloms
2223 2560 2309 2623 Et.
2325 2561 2494 2624 mter
2508 2560 2647 2638 hos
2666 2561 2810 2624 aliis
2828 2562 3030 2640 maior

128 2650 353 2732 ‚gratia
399 2651 769 2726 vocationis,
810 2650 955 2713 aliis
978 2649 1203 2712 minor.
1254 2647 1458 2712 Addit
1476 2671 1665 2730 saepe
1688 2649 1849 2721 fieri,
1883 2653 1956 2712 ut
1980 2648 2090 2731 qui
2112 2648 2420 2730 majorem
2446 2649 2725 2732 gratiam
2749 2649 3026 2712 vocatio-

128 2737 249 2809 .nis
290 2745 399 2802 aut
415 2737 893 2822 justificationis
918 2737 1251 2819 acceperit,
1278 2741 1352 2800 ea
1380 2758 1510 2800 non
1534 2741 1773 2811 utatur,
1808 2737 1918 2820 qui
1951 2737 2283 2814 minorem,
2312 2741 2386 2800 ea
2411 2742 2670 2800 utatur:
2707 2740 2752 2802 a
2776 2740 3032 2800 contra-

128 2824 261 2896 ,ιίὸ.
306 2823 536 2890 Omnia
560 2831 773 2890 autem
804 2826 919 2888 illa
942 2825 1212 2909 pendere
1239 2825 1473 2907 partim
1497 2847 1575 2888 ex
1602 2823 1720 2888 Dei
1746 2825 2094 2903 voluntate,
2121 2826 2231 2909 qui
2257 2824 2680 2908 inaequaliter
2703 2824 3031 2889 distribuit

128 2934 325 2986 ‚suam
368 2914 645 2998 gratiam
694 2917 795 2980 Sto.
840 2913 1079 2996 partim
1128 2935 1203 2977 ex
1253 2913 1691 2995 cooperatione
1716 2913 2069 2988 hominum,
2098 2914 2208 2997 qui
2234 2914 2335 2976 vel
2359 2917 2668 2996 respuunt
2693 2914 2856 2978 dona
2883 2912 3024 2987 Dei,

129 3002 245 3072 ,vel
289 3002 419 3066 illis
466 3001 626 3066 bene
674 3007 961 3074 utuntur,
988 3003 1035 3067 ἃ
1059 3000 1223 3064 alius
1247 3001 1493 3083 majori,
1518 3000 1683 3064 alius
1714 3001 1947 3064 minori
1978 3006 2207 3065 conatu
2238 3001 2285 3065 St
2310 3001 2622 3065 industria
2647 3003 2894 3086 (Mami.
2922 3004 2996 3064 2ἴ
2985 3026 3028 3065 ›.

124 3089 215 3152 20
256 3091 301 3156 ἃ
353 3091 379 3153 l
438 3091 578 3155 Cor.
635 3091 697 3154 9.
744 3091 857 3172 24)
906 3088 1042 3154 Nos
1086 3089 1381 3152 omnibus
1426 3089 1557 3152 illis
1606 3089 1874 3152 humani
1905 3089 2146 3153 cerebri
2171 3091 2548 3152 commentis
2579 3091 2850 3172 reiectis,
2882 3091 3026 3172 Neq.

122 3173 423 3242 Christum
477 3179 613 3242 vice
661 3181 707 3244 δι
754 3179 890 3242 loco
921 3177 1421 3241 damnandorum
1445 3181 1752 3261 tanquam
1778 3175 2160 3259 Sponsorem
2184 3177 2230 3240 ἃ
2259 3175 2676 3241 Mediatorem
2707 3178 3026 3260 passivam

123 3263 163 3327 ἃ
180 3265 439 3330 activam
464 3266 893 3330 obedientiam
918 3265 1330 3348 praestitisse,
1358 3267 1403 3330 a
1428 3265 1517 3328 sic
1541 3265 1697 3348 ipsis
1716 3265 2062 3328 salutarem
2079 3264 2354 3348 gratiam
2375 3271 2416 3326 δι
2434 3265 2708 3348 gloriam
2727 3266 3026 3329 meritum

124 3373 255 3418 esse.
280 3353 457 3430 Quae
488 3356 703 3418 omnia
733 3354 981 3418 abunde
1004 3375 1265 3417 excussa
1291 3357 1441 3417 sunt
1464 3354 1547 3417 ab
1576 3354 2016 3436 Antagonistis
2041 3354 2321 3436 quinque
2346 3353 2522 3416 artic.
2554 3351 3025 3417 Remonstrant.

125 3441 163 3504 ἃ
187 3443 519 3506 novissime
545 3448 884 3506 renovatae
916 3441 1150 3505 alicubi
1176 3441 1489 3524 opinionis
1522 3442 1599 3506 de
1623 3443 1832 3524 gratia
1861 3442 2224 3506 universali.
2275 3439 2732 3506 xxlssstrobl.
2761 3439 3026 3504 Frustra

124 3547 255 3611 ergo
298 3537 567 3615 quaerat
613 3531 777 3614 quis,
833 3531 935 3594 An
982 3529 1249 3594 meritus
1303 3531 1387 3593 sit
1432 3531 1717 3613 reprobis
1764 3529 1839 3588 τό
1855 3527 2232 3604 ἀνεκτότερον
2273 3530 2488 3594 Manli.
2521 3531 2619 3592 ll.
2650 3531 2752 3591 22.
2791 3531 2894 3591 24.
2921 3527 3025 3592 An

126 3619 479 3702 temporalia
510 3619 819 3683 beneficia
849 3618 1064 3684 Malch.
1098 3622 1157 3682 5.
1187 3640 1331 3682 cum
1356 3619 1557 3682 Actor.
1590 3619 1695 3683 14.
1721 3617 1823 3680 An
1851 3617 2092 3680 auxilia
2116 3619 2494 3692 communia,
2521 3617 2798 3700 gratiam
2833 3617 3026 3700 repri-

128 3715 397 3786 mentem,
426 3707 826 3772 honestatem
873 3707 1145 3782 civilem,
1170 3706 1457 3770 hero‘l‘cos
1482 3711 1711 3782 motus,
1738 3706 2130 3788 agnitionem
2150 3710 2262 3768 aut
2279 3705 2602 3769 desension
2613 3727 2712 3768 em
2739 3705 3026 3769 veritatis

126 3793 161 3856 ἃ
196 3794 534 3871 Ecclesiae,
560 3795 947 3860 charismata
980 3796 1178 3860 Macth
1226 3795 1283 3858 7.
1316 3794 1368 3857 A
1376 3795 1768 3877 postolatum
1797 3793 1833 3858 J
1843 3795 2024 3870 udae
2059 3794 2461 3877 prophetiam
2492 3793 2778 3870 Bileami,
2805 3795 3025 3876 poeni-

124 3883 365 3948 tentiam
394 3883 667 3962 Achabi,
700 3883 1071 3948 dilationem
1098 3888 1208 3947 aut
1232 3882 1703 3966 mitigationem
1726 3904 2004 3966 poenarr.
2009 3905 2073 3945 m
2097 3883 2163 3945 in
2189 3883 2307 3946 hac
2341 3883 2490 3960 vita,
2523 3883 2625 3948 διο.
2678 3883 2857 3964 Hesp.
2903 3880 2988 3944 N
2971 3905 3025 3944 1

128 3967 240 4033 hil
222 3973 373 4056 ipsis
394 3973 657 4037 omnino
682 3972 949 4036 meritus
974 3975 1091 4047 est,
1118 3971 1229 4054 qui
1252 3975 1559 4054 tanquam
1582 3969 1861 4053 Sponsor
1886 3992 1998 4054 pro
2023 3971 2101 4034 iis
2127 3993 2193 4034 se
2217 3993 2341 4034 non
2359 3933 2614 4046 obtiilit,
2639 3991 2765 4032 non
2789 3971 3025 4032 sancti-

130 4055 333 4138 ficavit,
358 4083 471 4125 nec
518 4082 635 4144 pro
666 4060 746 4124 iis
770 4059 1130 4124 intercessit
1161 4065 1274 4122 aut
1298 4059 1835 4144 interceditlpag.
1844 4059 2006 4158 276]
2021 4060 2155 4123 doh.
2194 4059 2294 4123 17.
2326 4079 2481 4123 τετε.
2516 4059 2615 4122 19.
2641 4057 2854 4121 collat.
2882 4079 3024 4121 cum

133 4141 318 4212 Manli.
360 4149 417 4212 7.
468 4149 577 4212 23.
600 4147 782 4224 Quod
804 4149 883 4212 ad
906 4147 1215 4210 nonnulla
1246 4147 1409 4210 bona
1432 4151 1543 4210 aut
1575 4147 1737 4210 dona
1762 4147 2091 4223 recensita,
2119 4152 2430 4230 quatenus
2456 4169 2531 4210 ea
2558 4146 2828 4210 cedunt
2811 4169 2878 4208 in
2911 4146 3024 4208 bo-

134 4252 261 4297 num
301 4237 347 4302 a
391 4237 667 4301 salutem
714 4237 1079 4312 electorum,
1121 4236 1450 4299 dicendum
1498 4238 1615 4310 set,
1658 4235 1984 4299 Christum
2009 4236 2306 4298 meritum
2333 4257 2468 4300 esse
2493 4258 2568 4299 ea
2591 4235 2709 4298 hoc
2734 4239 3026 4318 respectu

136 4341 239 4384 non
278 4325 575 4410 reprobiS,
621 4325 731 4388 sed
779 4324 997 4388 electis
1020 4323 1175 4401 suiS,
1202 4346 1312 4388 seu
1338 4323 1660 4388 Ecclesiae
1686 4346 1858 4387 suae.
1909 4321 2145 4387 XXIV.
2200 4324 2409 4388 I’robl.
2441 4323 2588 4388 Huc
2611 4324 2910 4407 pertinet,
2943 4345 3022 4386 an

136 4409 171 4472 s
206 4413 499 4494 quomodo
548 4411 842 4478 Christus
886 4411 973 4475 sit
1017 4415 1209 4496 caput
1256 4411 1557 4561 omnium1
1572 4411 1926 4562 lliominum,
1961 4411 2154 4476 etiam
2179 4412 2610 4495 reproborum.
2665 4413 2844 4496 Hesp.
2877 4413 3025 4562 {el-31.
