3694 4871
610 337 739 402 318
1269 333 2884 404 D1sr.XLDESAanArnoeras‘rls.

1000 527 1208 624 DE
1300 525 2202 626 SABBATHO
2298 527 2484 624 ΕΤ
2573 529 3168 628 FESTIS.

1806 701 1973 754 PARS
2009 703 2258 754 ALTERA
2297 705 2350 766 ι).

704 863 769 932 l.
798 865 1011 932 Probl.
1039 864 1153 929 IV.
1191 865 1292 928 An
1318 866 1472 929 satis
1498 868 1787 930 accurate
1813 866 2176 950 loquantur,
2209 866 2320 951 qui
2344 865 2562 930 dicunt
2587 867 2786 931 libere
2813 869 2859 934 81
2889 873 3148 951 propter
3175 870 3504 933 scandalum

608 957 879 1030 tantum,
909 953 1301 1018 Christianos
1326 977 1571 1019 cessare
1596 954 1675 1018 ab
1702 977 1890 1038 opere
1917 954 2202 1020 &labore
2227 955 2464 1019 servili.
2495 955 2671 1038 Hesp.
2703 957 2851 1040 Ney.
2876 955 3050 1021 Nam
3075 961 3214 1021 tum
3243 957 3501 1022 sabbathi

610 1042 788 1105 nulla
834 1042 1003 1125 apud
1048 1064 1161 1106 nos
1210 1047 1374 1106 esset
1414 1043 1816 1121 conscientia,
1869 1066 1991 1107 non
2048 1043 2254 1128 magis
2307 1065 2500 1125 quam
2549 1066 2694 1108 esus
2741 1044 2950 1109 carnis
3007 1045 3072 1107 in
3098 1046 3356 1109 macello
3377 1069 3502 1110 ren-

606 1131 775 1194 ditae
806 1131 833 1192 1
877 1131 1150 1196 Corinth.
1182 1131 1283 1194 10.
1312 1152 1348 1195 v
1395 1133 1498 1194 25.
1531 1132 1788 1209 Deinde,
1814 1136 2184 1216 sequeretur
2215 1131 2296 1194 ad
2343 1132 2852 1197 observationem
2900 1133 3172 1217 alicujus
3191 1157 3334 1216 prae
3359 1134 3499 1218 cepti

608 1218 910 1303 decalogo
936 1219 1308 1302 praescripti
1331 1242 1445 1284 nos
1470 1241 1597 1284 non
1620 1220 1823 1283 teneri
1849 1224 2109 1304 propter
2131 1219 2578 1284 conscientiam
2605 1225 2911 1299 nostram,
2937 1222 3050 1285 sed
3075 1225 3322 1286 tantum
3348 1245 3502 1306 prop-

610 1310 707 1369 ter
755 1307 1203 1372 conscientiam
1228 1309 1510 1372 alterius.
1570 1309 1790 1386 Tertia,
1817 1310 2120 1372 deberent
2144 1329 2296 1392 ergo
2323 1308 2440 1384 illi,
2467 1309 2579 1391 qui
2611 1309 2702 1373 ita
2727 1310 3036 1386 sentiunt,
3063 1314 3279 1394 aperte
3305 1334 3374 1374 ex
3399 1311 3504 1376 01111

609 1394 1068 1479 hypothesibus
1121 1397 1416 1460 omnibus
1463 1397 1862 1480 persuadere,
1887 1419 1967 1460 ne
1994 1396 2291 1482 religiose
2317 1397 2700 1461 sabbathum
2728 1398 2990 1481 aliquod
3015 1397 3450 1463 hebdomadale
3469 1401 3504 1464 ἃ

607 1483 861 1566 quidem
908 1487 1115 1549 totum
1169 1485 1333 1550 diem
1382 1485 1739 1563 observent,
1790 1489 1860 1548 ut
1881 1485 1974 1549 ita
1998 1484 2361 1549 libertatem
2386 1507 2568 1550 suam
2593 1490 2896 1551 tueantur
2923 1487 2969 1552 81
2995 1509 3248 1551 0111110111
3268 1489 3504 1570 speciem

606 1572 643 1633 ,1
654 1573 923 1637 udaismi
970 1572 1243 1658 fugiant.
1296 1572 1495 1656 Atqui
1543 1574 1932 1638 eontrarium
1989 1572 2266 1649 faciunt3
2295 1575 2340 1639 81
2373 1575 2758 1638 contrarium
2787 1577 3074 1640 clamant
3101 1581 3424 1658 perpetuae
3450 1597 3506 1639 ae

608 1661 894 1725 infinitae
933 1661 1066 1726 fere
1090 1662 1385 1745 querelae
1411 1662 1487 1726 de
1511 1661 1952 1745 profanatione
1978 1661 2311 1739 sabbathi3
2337 1684 2453 1726 nec
2485 1685 2612 1727 non
2640 1685 2833 1746 quam
2859 1664 3140 1747 plurima
3167 1665 3505 1747 synodorum

605 1749 979 1830 gravamina
1032 1772 1105 1814 ac
1150 1751 1422 1828 decreta,
1458 1750 1533 1814 de
1566 1749 1964 1834 imploranda
1987 1773 2108 1834 ope
2134 1748 2635 1834 Magistratuum
2662 1753 2741 1815 ad
2765 1753 3145 1816 coercendas
3169 1753 3450 1836 speciales
3469 1753 3506 1818 2(

608 1837 1014 1903 multimodas
1040 1840 1322 1923 quasque
1348 1838 1843 1923 profanationes.
1871 1839 2038 1915 Quid
2061 1837 2115 1903 si
2141 1837 2562 1924 Magistratus
2588 1862 2666 1903 ex
2686 1839 3028 1924 hypothesi
3048 1841 3354 1923 opinionis
3371 1841 3506 1904 anti-

609 1926 1040 2006 sabbathicae,
1095 1927 1524 2011 responderet,
1572 1927 2136 1992 sanctificationem
2187 1926 2484 1991 sabbathi
2511 1929 2994 1996 hebdomadalis
3019 1951 3156 1993 esse
3183 1930 3245 1992 111
3271 1951 3334 1993 00
3357 1930 3504 1993 adia·

608 2014 898 2099 phorum,
948 2017 994 2082 81,
1033 2017 1322 2100 querelas
1348 2038 1421 2081 ac
1443 2015 1783 2100 petitiones
1809 2017 2191 2100 synodorum
2215 2015 2536 2080 incurrere
2559 2017 2624 2080 in
2653 2017 3017 2082 libertatem
3045 2015 3450 2081 Christianam
3471 2020 3508 2084 ἃ

608 2104 1006 2168 subditorum
1054 2127 1127 2169 ac
1149 2105 1192 2168 J
1194 2105 1521 2169 udaizare
1506 2110 1535 2148 ‘³
1584 2105 1749 2180 Quid
1781 2105 1835 2168 si
1861 2105 1938 2168 ad
1965 2104 2327 2187 exemplum
2359 2125 2588 2188 regum
2612 2104 2988 2170 Britanniae
3012 2105 3239 2170 Jacobi
3261 2107 3303 2171 81
3327 2105 3506 2170 Caroli

609 2193 814 2257 edicta
862 2215 974 2278 pro
1000 2193 1274 2278 public-is
1298 2193 1566 2274 choreis,
1592 2192 1862 2294 aliisque
1887 2192 2382 2257 recreationibus
2413 2193 2847 2258 sabbathicis
2829 2217 2894 2256 111
2924 2193 3154 2278 Belgio
3176 2199 3382 2258 nostro
3409 2195 3508 2258 sub

612 2285 849 2365 papatu
899 2283 942 2347 81
990 2285 1212 2366 postea
1259 2281 1650 2365 aliquamdiu
1678 2280 1933 2346 usitatis
1961 2281 2476 2365 promulgarent.
2460 2285 2490 2328 9
2517 2280 2681 2355 Quid
2705 2287 3077 2367 regererent
3104 2282 3289 2366 hujus
3313 2285 3356 2348 8⁹.
3385 2282 3507 2346 affi-

606 2369 782 2434 nium
809 2369 1181 2455 opinionum
1207 2375 1539 2455 sequaces?
1566 2369 1645 2433 V.
1672 2369 1769 2433 An
1804 2370 1937 2434 dies
1969 2369 2317 2433 dominicus
2341 2368 2426 2432 sit
2450 2369 2729 2434 delectus
2746 2392 2899 2454 prae
2916 2370 3082 2448 aliis;
3101 2371 3265 2455 quod
3279 2370 3508 2434 charac-

604 2460 903 2524 terizatus
922 2464 1088 2524 esset
1099 2459 1404 2524 beneficio
1421 2460 1898 2524 resurrectionis
1917 2458 2173 2534 Christi,
2191 2460 2236 2524 &
2254 2458 2392 2522 ideo
2409 2458 2742 2523 institutus
2761 2459 2843 2523 ab
2859 2459 3166 2542 apostolis
3181 2464 3250 2523 ut
3261 2460 3510 2523 celebra-

606 2570 689 2611 re·
676 2553 781 2612 ,111·
802 2552 1109 2631 tanquam
1141 2548 1395 2633 signum
1420 2548 1786 2613 memoriale
1814 2546 2108 2647 ejusdem·
2127 2546 2648 2611 resurrectionis?
2701 2549 2878 2632 Resp-
2903 2546 3010 2611 Sic
3035 2549 3287 2637 quidem
3311 2548 3510 2612 Patres

607 2660 731 2700 non
758 2636 942 2720 pauci
966 2638 1011 2703 &
1036 2658 1113 2701 ex
1140 2637 1594 2701 recentioribus
1626 2637 1984 2720 complures
2004 2634 2111 2719 qui
2130 2634 2275 2699 illos
2292 2658 2488 2719 sequu
2497 2640 2662 2699 ntur.
2713 2634 2838 2699 Ut
2822 2658 3101 2720 mgenue
3125 2637 3342 2715 dicam,
3365 2637 3508 2719 quod

606 2726 830 2804 senti0,
882 2726 1071 2789 velim
1119 2725 1337 2790 audire
1370 2725 1715 2809 scripturas
1748 2726 1793 2789 &
1818 2724 2116 2788 rationes
2169 2722 2399 2787 Fateor
2424 2723 2679 2807 quidem
2712 2724 2823 2788 illo
2847 2724 2949 2789 die
2973 2724 3296 2789 Christum
3323 2747 3506 2789 resur-

606 2814 861 2891 rexisse,
910 2816 955 2879 &
1000 2815 1205 2878 multa
1251 2814 1378 2877 alia
1426 2813 1864 2877 memorabilia
1912 2817 1949 2877 a
1991 2812 2128 2876 Deo
2183 2815 2383 2897 gesta,
2437 2834 2597 2894 quae
2631 2813 2826 2897 vulgo
2856 2818 3308 2878 enumerantur
3335 2812 3502 2899 (Vide

606 2902 837 2968 Ludov.
888 2904 1114 2989 Baylly
1140 2903 1379 2987 praa-in
1398 2902 1670 2986 pietatis)
1698 2902 1805 2966 sed
1828 2901 1976 2965 inde
2000 2922 2128 2964 non
2151 2900 2439 2982 sequitur
2462 2898 2658 2965 fuisse
2692 2901 2803 2964 illa
2835 2901 3144 2967 divinitus
3175 2902 3504 2967 coordinata

604 2995 910 3075 tanquam
949 2990 1133 3073 signa
1158 2992 1203 3055 81,
1236 2992 1511 3075 signata,
1536 2994 1608 3054 ut
1634 2994 1815 3075 gesta
1849 2988 2034 3053 istius
2059 2987 2183 3053 diei
2209 2987 2326 3052 sub
2366 2986 2440 3051 V.
2469 2987 2544 3052 Τ.
2569 2989 2778 3073 typice
2804 2989 3204 3074 designarint
3228 2990 3388 3055 diem
3409 3012 3497 3053 no·

607 3083 809 3143 strum
857 3078 1261 3157 dominicum,
1310 3084 1423 3143 aut
1460 3079 1592 3143 dies
1619 3078 1969 3142 dominicus
1997 3081 2164 3141 esset
2188 3076 2444 3160 signum
2475 3078 2844 3142 memoriale
2869 3099 2994 3159 quo
3023 3078 3418 3161 peculiariter
3441 3100 3505 3141 ex

606 3166 901 3231 instituto
933 3167 1064 3231 sive
1088 3131 1302 3231 divirio
1328 3168 1531 3253 [pag.
1539 3166 1743 3253 1253]
1770 3165 1901 3230 sive
1929 3165 2351 3229 ecclesiastico
2384 3166 2846 3248 repraesentari
2878 3165 3110 3231 debeat
3139 3164 3502 3231 Resurrectio

606 3254 879 3332 Christi3
927 3278 1077 3319 nam
1101 3260 1239 3319 tum
1265 3260 1431 3320 esset
1455 3258 1943 3332 sacramentum,
1977 3257 2049 3317 ut
2079 3275 2272 3318 coena
2296 3254 2534 3318 domini
2559 3254 2816 3338 signum
2843 3255 3330 3319 memorativum
3357 3277 3500 3319 mor·

607 3345 688 3408 tis
744 3342 1002 3420 Christi,
1028 3349 1138 3407 aut
1162 3344 1391 3409 saltem
1416 3344 1671 3428 aliquod
1704 3342 2182 3408 sacramentale.
2236 3343 2492 3419 Deinde,
2519 3346 2890 3425 sequeretur
2915 3366 3100 3426 posse
3123 3344 3336 3427 plures
3362 3344 3500 3425 ejus-

606 3432 775 3497 modi
818 3433 950 3496 dies
988 3432 1387 3497 memoriales
1428 3434 1473 3498 &
1514 3433 1701 3497 horas
1726 3431 1927 3496 cultui
1951 3431 2163 3494 divino
2191 3430 2702 3495 hebdomadatim
2729 3432 3085 3495 consecrari
3109 3436 3182 3495 ut
3205 3454 3302 3497 ex.
3327 3454 3412 3517 gr.
3445 3432 3500 3493 in

607 3521 979 3585 memoriam
1007 3519 1250 3600 mertia,
1276 3521 1657 3585 ascensionis
1684 3524 1783 3587 &c.
1828 3520 2047 3585 Tertio.
2075 3518 2346 3583 Videtur
2371 3520 2654 3584 enervari
2681 3524 3134 3604 argumentum
3177 3525 3498 3584 nostrorum

606 3613 825 3673 contra
876 3608 1067 3674 Festa
1113 3608 1471 3688 Pontificia,
1506 3612 1551 3675 &
1574 3610 1764 3673 horas
1790 3608 2155 3673 canonicas:
2192 3606 2376 3671 Omni
2414 3612 2696 3691 tempore
2728 3608 3040 3673 beneficia
3070 3630 3186 3691 per
3209 3608 3500 3673 Christum

606 3698 838 3761 collata
864 3719 999 3761 esse
1024 3696 1407 3761 recordanda
1433 3721 1447 3774 ς
1497 3700 1953 3781 consequenter
1999 3696 2187 3760 certis
2219 3695 2394 3759 horis
2443 3699 2553 3759 aut
2576 3695 2798 3759 diebus
2832 3697 3332 3761 recordationem
3352 3697 3500 3760 illam

605 3808 731 3850 non
759 3784 1164 3870 affigendam.
1215 3786 1519 3872 Denique,
1553 3791 1687 3849 tum
1712 3788 2083 3869 sequeretur
2111 3784 2278 3848 diem
2302 3783 2686 3848 dominicum
2709 3806 2847 3849 esse
2879 3783 3119 3849 festum
3167 3783 3252 3849 N.
3291 3784 3360 3849 Τ.
3385 3806 3498 3868 111-0·

606 3873 742 3955 prie
790 3874 1048 3951 dictum,
1088 3876 1134 3939 &
1180 3874 1347 3938 diem
1406 3874 1687 3938 laetitiae
1734 3892 1842 3943 3119
1885 3888 2002 3943 mis
2054 3876 2243 3955 atque
2273 3872 2427 3936 adeo
2458 3894 2780 3956 nunquam
2809 3874 3056 3937 luctum
3088 3894 3202 3937 seu
3219 3873 3497 3957 jejunium

606 3961 931 4043 publicum
960 3961 1029 4025 in
1053 3961 1236 4025 illum
1268 3984 1449 4045 posse
1474 3962 1767 4026 incidere.
1816 3960 1915 4026 De
1949 3982 2072 4045 quo
2100 3963 2344 4044 quaest.
2394 3961 2678 4043 proxime
2710 3962 3022 4045 sequenti.
3071 3960 3212 4025 Has
3247 3960 3498 4026 conside·

602 4070 653 4111 1·
639 4048 881 4119 itiones
922 4072 1092 4113 meas
1147 4051 1405 4114 candide
1452 4050 1787 4134 impartio:
1838 4054 1908 4113 ut
1955 4072 2054 4113 res
2079 4050 2238 4113 haec
2261 4049 2560 4132 penitiuS,
2585 4046 3080 4124 ἃὰκοιβεστὲρως
3106 4050 3496 4114 examinetur.

606 4134 776 4199 Nam
801 4137 855 4199 si
878 4135 1044 4200 iuter
1060 4138 1415 4220 probabilia
1440 4142 1552 4202 aut
1582 4138 2032 4224 conjecturalia
2057 4142 2307 4201 tantum
2333 4138 2650 4201 numerari
2685 4140 2898 4219 queat
2947 4160 3075 4201 non
3129 4142 3284 4221 puto
3323 4136 3496 4203 conci·

608 4223 833 4285 onibus
882 4226 926 4287 81,
958 4224 1194 4289 libellis
1227 4226 1521 4307 practicis
1554 4227 1723 4310 plebi
1756 4225 2161 4290 Christianae
2208 4226 2300 4289 ita
2323 4226 2814 4309 proponendum,
2843 4226 2987 4289 acsi
3019 4226 3166 4289 fidei
3193 4230 3238 4293 a
3272 4224 3496 4310 pietatis

3344 4312 3499 4379 Chri-

687 4534 727 4593 1)
764 4530 912 4593 Resp.
944 4530 1149 4582 Jacoso
1184 4533 1345 4583 Hovxo
1378 4536 1813 4589 'fwischa-Batax’.
1851 4540 1933 4589 Ad
1966 4542 2110 4591 diem
2149 4541 2212 4591 14
2246 4542 2449 4606 Aprilis
2481 4542 2630 4594 1638.
