3694 4871
574 292 615 354 6
1314 285 1555 351 D1sr.
1626 284 1677 350 Ι.
1750 286 1870 351 ΒΕ
1942 283 2345 350 RA'rioNs
2417 284 2795 352 HunANA

572 475 733 555 vari,
756 495 890 540 non
912 485 1063 540 sunt
1086 472 1373 551 Ecclesia,
1398 472 1551 557 quia
1585 492 1713 536 non
1735 484 2080 556 aynoscmzt
2115 471 2440 538 Urbanum
2465 471 2644 538 VIII.
2672 495 2795 540 esse
2817 494 2932 557 cap
2941 485 3002 538 ιιι
3025 473 3516 561 &casm-‚quia

576 585 708 632 non
730 563 1039 647 recipi-um
1071 562 1421 628 Concilium
1454 560 1912 639 Tridentimom,
1940 563 2040 627 Sec.
2066 559 2265 624 Prout
2290 563 2328 624 a
2351 562 2534 626 nobis
2550 563 2797 627 ostendi
2813 563 3161 646 postulant,
3177 562 3378 646 Papa.
3395 584 3517 628 non

574 666 661 720 est
685 664 873 737 caput
896 651 1216 729 Ecclesiae,
1244 646 1437 715 Missa
1468 669 1601 714 non
1631 661 1717 714 est
1742 650 2139 738 sacrificium,
2172 650 2540 716 nullumcst
2566 651 3041 736 Pmyatorium,
3071 651 3173 715 &a
3211 649 3320 714 Ita
3349 653 3516 715 vide-

575 743 741 808 bunt
776 739 1154 806 Methodum
1201 735 1617 814 Verronicam
1643 739 1712 802 in
1736 739 1910 823 ipsos
1937 760 2324 816 conversam,
2351 739 2396 802 a
2421 763 2538 822 par
2559 741 2700 824 pari
2722 743 3030 818 retusum,
3059 761 3190 803 non
3225 741 3432 804 aliter
3451 763 3514 804 ae

578 831 880 898 dilemma
902 826 1173 893 Euathli
1197 826 1563 891 dilemmate
1588 825 2004 912 Protagorae,
2032 827 2108 890 de
2137 848 2264 910 quo
2288 828 2561 912 Aycllius
2588 829 2690 894 lib.
2728 829 2786 892 5.
2821 850 2956 913 cap.
2987 828 3088 891 10.

666 916 1000 986 Sententia
1023 919 1243 982 nostra
1266 918 1382 995 est,
1408 915 1475 979 in
1500 912 1889 1000 Theologica
1911 915 2215 994 Electica,
2241 938 2352 980 seu
2375 917 2441 980 in
2465 917 2849 982 refutatione
2873 916 3179 981 falsitatis
3197 940 3260 981 e.
3281 940 3349 1003 g.
3373 941 3515 1002 pur·

579 1007 836 1095 gatorii,
878 1005 1442 1090 indulgentiarum,
1490 1005 1591 1071 &c.
1633 1004 1943 1084 discursu,
1981 1006 2028 1070 a
2067 1005 2534 1088 consequentiis
2578 1007 2884 1071 utendum
2927 1027 3083 1086 esse,
3123 1005 3172 1070 ὦ
3195 1007 3514 1090 siquidem

579 1095 977 1182 praefractus
1016 1093 1413 1159 adversarius
1459 1115 1566 1158 eas
1597 1096 1810 1178 neget,
1844 1093 2038 1158 etiam
2063 1093 2546 1176 probationibus
2572 1095 3188 1178 consequentiarum,
3213 1117 3354 1160 non
3381 1100 3516 1160 tan-

579 1189 720 1251 tum
758 1207 836 1250 ex
866 1182 1061 1249 sacris
1084 1180 1339 1262 litteris,
1365 1182 1475 1247 sed
1499 1182 1693 1246 etiam
1718 1205 1795 1246 ex
1819 1180 2160 1246 axiomatis
2185 1183 2231 1248 a
2251 1181 2581 1267 principiis
2607 1183 2866 1248 luminis
2891 1183 3204 1247 naturalis
3235 1185 3380 1250 sive
3412 1209 3516 1250 na-

578 1273 876 1340 turaliter
920 1271 1051 1338 sive
1098 1269 1385 1336 technice
1432 1293 1511 1335 ex
1547 1269 1964 1354 Philosophia
2003 1272 2048 1336 δι
2093 1268 2330 1355 Logica
2365 1271 2555 1351 notis,
2597 1276 2670 1336 ut
2694 1275 3000 1356 appareat
3022 1275 3176 1356 apta
3205 1275 3516 1338 connexio

581 1362 778 1428 medii
822 1359 1081 1426 termini
1126 1381 1268 1425 cum
1318 1359 1546 1443 majori
1592 1363 1908 1424 extremo:
1957 1357 2319 1423 Veritatem
2365 1381 2512 1424 vero
2537 1361 2996 1425 sententiarum
3021 1383 3134 1425 seu
3165 1363 3515 1427 terminum

582 1450 862 1516 medium
886 1450 933 1513 ὦ
963 1447 1418 1514 connexionem
1448 1447 1639 1512 medii
1664 1469 1809 1512 cum
1839 1446 2070 1512 minori
2094 1451 2374 1512 extremo
2398 1470 2474 1512 ex
2490 1449 2686 1513 solius
2711 1449 3060 1532 scripturae
3078 1449 3233 1534 (nisi
3261 1456 3518 1517 senten-

581 1539 712 1605 tiae
742 1537 1107 1624 pertineant
1129 1536 1209 1601 ad
1232 1533 1652 1622 Theologiam
1682 1537 2060 1615 naturalem,
2094 1536 2313 1619 quales
2340 1559 2416 1602 ex
2439 1537 2756 1622 scriptura¹
2777 1537 3100 1622 primari0,
3119 1538 3167 1603 ἃ
3185 1561 3262 1602 ex
3282 1539 3516 1604 lumine

585 1627 865 1693 naturali
902 1623 1273 1691 secundario
1312 1625 1510 1689 etiam
1553 1625 1933 1709 probantur)
1974 1625 2106 1689 sive
2150 1625 2463 1710 expressis
2506 1625 2735 1705 verbiS,
2768 1649 2880 1690 seu
2912 1626 3518 1710 aequipollentibuS,

586 1715 719 1781 sive
758 1737 872 1800 per
906 1714 1143 1778 bonam
1180 1713 1696 1797 consequentiam
1737 1713 2292 1779 demonstrandam
2333 1736 2490 1778 esse.
2537 1713 2844 1779 Rationes
2869 1719 3124 1779 nostrae
3157 1721 3317 1780 sunt
3341 1716 3520 1795 istae,

591 1805 652 1870 1.
705 1801 871 1880 Quia
922 1803 1061 1866 tota
1098 1799 1453 1888 Theologia
1493 1801 1767 1886 positiva
1806 1806 1906 1868 est
1947 1802 2482 1887 argumentative,
2511 1804 2746 1887 primo,
2787 1803 2939 1886 quia
2971 1807 3069 1868 est
3105 1805 3438 1888 sapientia
3481 1809 3521 1872 ἃ

586 1891 887 1959 scientia:
940 1912 1069 1955 non
1108 1888 1359 1955 deducit
1394 1890 1612 1974 itaque
1652 1891 2085 1956 conclusiones
2124 1889 2272 1954 fidei
2313 1913 2391 1955 ex
2429 1891 2759 1975 principiis
2783 1891 2916 1956 suis
2941 1892 3182 1977 absque
3209 1893 3518 1959 discursu.

587 1980 850 2060 Deinde,
889 1978 1041 2065 quia
1077 1978 1281 2044 omnis
1318 1979 1765 2064 interpretatio
1804 1979 2177 2064 scripturae,
2225 1981 2272 2046 8⁵
2311 1980 2596 2059 assertiO,
2623 2003 2735 2046 seu
2760 1980 2961 2044 thesis
2985 1981 3356 2066 theologica
3379 1983 3520 2048 inde

586 2069 855 2136 deducta
876 2068 1065 2134 debet
1088 2088 1223 2132 esse
1248 2067 1591 2134 secundum
1616 2068 1980 2154 analogiam
2009 2067 2177 2147 fidei,
2205 2067 2475 2136 Roman.
2507 2068 2610 2134 12.
2636 2090 2690 2133 v.
2721 2071 2780 2132 6.
2809 2067 3067 2155 (Confer
3094 2071 3398 2137 Ireneum
3421 2072 3520 2139 lib.
3627 2147 3629 2158 Ι

588 2159 651 2224 6.
692 2179 829 2246 cap.
871 2157 975 2221 46.
1014 2155 1121 2223 47.
1157 2153 1222 2222 ἃ·
1245 2157 1347 2224 lib.
1374 2156 1436 2221 4.
1462 2177 1510 2222 c.
1546 2155 1650 2221 63.
1683 2156 1747 2224 ἃ·
1768 2156 1820 2223 A
1855 2156 2109 2243 Lapidc,
2137 2157 2418 2258 aliosque
2437 2169 2946 2223 commentatores
2975 2159 3062 2224 ad
3086 2160 3362 2238 Roman.
3397 2161 3522 2242 12.)
3627 2161 3629 2170 “

589 2245 3524 2422 {iegiaiisssiffrgiffieffiffiu'viilffiiffffirffiee‘ffi?iffssefississ’onssiisstnssitffit{3322ss
3627 2335 3629 2404 ÷

588 2447 807 2492 omnes
832 2421 1220 2503 pontificios,
1246 2446 1324 2488 ex
1357 2423 1615 2503 Thema,
1640 2443 1705 2507 p.
1733 2423 1792 2487 1.
1826 2446 1885 2511 q.
1915 2423 1974 2488 1.
1998 2445 2059 2488 a.
2093 2424 2153 2487 8.
2201 2421 2287 2487 II.
2314 2421 2478 2499 Quia
2509 2422 2865 2509 Theologia
2896 2424 3202 2490 elenctica
3232 2423 3524 2511 Prophe-

590 2518 804 2579 tarum
826 2515 873 2580 &
898 2511 1355 2596 Apostolorum
1376 2516 1472 2577 est
1497 2513 2012 2596 argumentativa
2037 2512 2082 2577 8ι
2106 2511 2626 2592 formalitatibuS,
2653 2536 2724 2578 ac
2747 2514 3039 2579 terminis
3065 2522 3529 2599 argumentan-

590 2603 754 2667 tium
778 2604 1045 2666 utuntur
1069 2599 1331 2687 [pag.8]
1359 2599 1694 2683 scriptores
1726 2603 2127 2675 Seowvew‘roe,
2159 2604 2231 2665 ut
2255 2603 2630 2679 λογίζεσὲκι,
2657 2604 2874 2676 κρίνειν,
2904 2606 3228 2677 συνκρίνειν,
3271 2603 3528 2672 δικνάας

592 2689 921 2766 δοκιμάζειν
951 2689 1129 2754 Rom.
1157 2690 1220 2752 3.
1247 2688 1353 2752 28.
1387 2690 1433 2754 &
1460 2688 1520 2753 6.
1552 2691 1654 2754 11.
1688 2688 1870 2753 Hebr.
1915 2690 2016 2754 11.
2055 2689 2158 2755 19.
2188 2690 2249 2753 1.
2285 2689 2423 2753 Cor.
2454 2688 2556 2752 14.
2585 2689 2689 2753 29.
2729 2690 2787 2753 1.
2819 2692 2957 2757 Cor.
2986 2691 3046 2752 2.
3079 2692 3180 2753 13.
3208 2694 3255 2757 ὣ
3283 2694 3388 2756 10.
3424 2693 3526 2757 16.

593 2777 640 2843 δι
689 2776 793 2840 11.
832 2776 937 2840 13.
978 2776 1130 2841 Heb.
1178 2776 1238 2840 4.
1285 2778 1385 2840 12.
1434 2775 1480 2841 δι
1507 2776 1566 2843 5.
1597 2776 1701 2841 14.
1726 2776 1854 2843 Act.
1886 2778 1986 2841 17.
2025 2778 2128 2843 11.
2155 2776 2877 2862 Eph.1.18.1.pec.1.
2908 2778 3011 2842 13.
3043 2778 3089 2843 δι
3115 2780 3174 2845 2.
3207 2780 3343 2847 Pet.
3375 2782 3525 2848 3.1.

598 2864 656 2929 1.
708 2864 882 2931 Thes.
921 2864 981 2929 5.
1033 2865 1139 2930 21.
1182 2868 1228 2932 δι
1274 2865 1444 2932 Phil.
1490 2866 1547 2930 l.
1585 2868 1687 2955 10.
1738 2864 1844 2931 Sic
1867 2866 2063 2931 etiam
2094 2868 2279 2941 λόγον
2300 2862 2668 2941 ὃρὲοτομεῒν,
2703 2865 3116 2941 διαλέγεσθαι.
3179 2870 3241 2931 2.
3267 2868 3440 2935 Tim.
3467 2872 3528 2937 4.

598 2953 703 3019 15.
734 2955 781 3020 ἃ
807 2954 866 3017 2.
897 2951 997 3017 15.
1024 2952 1153 3019 Act.
1182 2954 1286 3018 17.
1313 2956 1376 3020 2.
1410 2958 1469 3020 3.
1494 2976 1618 3015 κατ
1659 2952 1988 3029 ἀναλογίαν
2011 2962 2118 3025 τῆς
2137 2958 2408 3021 πίστεως.
2442 2953 2619 3018 Rom.
2650 2953 2751 3017 12.
2779 2954 2840 3019 6.
2867 2957 2914 3021 ἃ
2943 2952 3081 3025 τοὺς
3097 2953 3532 3031 ἀντιλέγοντας

594 3038 883 3121 ἐλέγχειν.
946 3042 1061 3108 Tit.
1121 3044 1178 3107 1.
1227 3042 1290 3106 9.
1338 3040 1619 3122 ἐπίδειξις.
1670 3040 1797 3109 Aet.
1850 3046 1955 3108 18.
2001 3065 2056 3107 υ.
2106 3044 2216 3109 ull.
2246 3042 2292 3107 &
2329 3042 2384 3104 1.
2417 3043 2554 3105 Cor.
2586 3042 2687 3106 11.
2723 3043 2821 3108 13.
2854 3044 2954 3106 14.
2979 3048 3212 3117 κρίνατε
3236 3048 3338 3112 ἃς..
3365 3047 3532 3127 5055«,-

596 3127 877 3204 διδάσκει,
922 3132 1024 3197 8ιο.
1048 3131 1197 3197 Heb,
1228 3131 1289 3196 7.
1318 3132 1376 3196 ¹7.
1404 3138 1581 3211 χῶρις
1605 3128 1667 3189 δὲ
1688 3133 1888 3202 πάσης
1914 3130 2276 3204 ἀντιλογίας,
2308 3134 2407 3193 8ῑο.
2461 3128 2578 3193 III.
2629 3128 2792 3205 Quia
2818 3131 3130 3211 Christus,
3163 3134 3532 3218 Prophetae

597 3218 643 3284 δι
683 3218 980 3302 Apostoli
1018 3241 1135 3303 per
1173 3220 1654 3303 consequentias
1702 3221 2004 3305 dogmata
2027 3242 2141 3283 sua
2173 3218 2628 3296 demonstrant,
2664 3220 3049 3285 &falsitates
3077 3228 3381 3307 arguunt.
3425 3222 3532 3289 Ita

597 3306 855 3387 Paulus,
902 3306 1168 3392 Apollos
1216 3308 1455 3391 aliique
1494 3309 1701 3373 valide
1728 3309 2052 3373 evicerunt
2081 3311 2300 3372 contra
2331 3305 2373 3369 J
2379 3306 2628 3385 udaeos,
2652 3306 2696 3371 J
2699 3330 2877 3373 esum
2902 3331 3036 3374 esse
3067 3310 3374 3376 Messiam
3399 3314 3531 3379 Aa.

603 3395 705 3461 18.
746 3396 850 3460 28.
898 3395 1059 3460 nihil
1101 3401 1320 3461 tamen
1351 3396 1628 3461 dicentes
1660 3401 1839 3461 extra
1864 3396 2110 3461 Mosem
2141 3402 2184 3458 δι
2206 3394 2582 3478 Prophetas,
2616 3398 2748 3463 Act.
2776 3398 2879 3460 26.
2909 3400 3012 3462 22.
3063 3399 3210 3482 lpse
3235 3398 3534 3466 Christus

598 3505 935 3568 personam
978 3486 1025 3552 δῦ
1048 3485 1330 3550 officium
1350 3508 1539 3549 suum
1562 3487 1874 3569 quomodo
1896 3486 2145 3570 probat,
2179 3484 2225 3550 81
2251 3483 2642 3549 adversarios
2667 3507 2742 3549 ex
2767 3485 2945 3551 Mose
2971 3490 3016 3552 δι
3040 3487 3386 3572 Prophetis
3415 3513 3532 3555 re-

598 3572 875 3658 darguit,
914 3574 1094 3638 Ioan.
1141 3574 1200 3638 5.
1233 3576 1280 3640 &
1326 3574 1388 3637 8.
1426 3580 1467 3635 St
1514 3576 1614 3637 10.
1638 3576 1788 3640 Lice.
1812 3576 1918 3638 24.
1951 3576 2051 3637 12.
2079 3578 2108 3638 Ρ
2156 3572 2316 3637 Cum
2340 3571 2494 3635 dicit
2517 3570 2762 3639 Mosem
2787 3582 2831 3637 Sc
2855 3574 3210 3660 Prophetas
3236 3579 3312 3643 'de
3339 3602 3408 3643 se
3429 3582 3532 3645 te-

599 3660 757 3726 stari
804 3683 877 3726 ac
902 3662 1229 3745 scripsisse
1257 3662 1437 3726 Ιοαη.
1474 3663 1533 3726 5.
1563 3662 1667 3727 39.
1688 3664 1792 3725 26.
1820 3664 1911 3727 sic
1936 3664 2082 3729 Mat.
2112 3662 2217 3724 22.
2241 3681 2298 3724 υ.
2328 3660 2432 3723 44.
2461 3659 2700 3727 Probat
2727 3686 2794 3728 se
2816 3687 2951 3729 esse
2976 3665 3305 3730 dominum
3330 3666 3532 3731 Davi-

599 3748 731 3826 dis;
772 3752 819 3815 ἃ
854 3770 917 3815 υ.
956 3750 1060 3816 29.
1105 3750 1337 3835 probat
1376 3750 1901 3815 resurrectionem
1922 3754 2352 3816 mortuorum:
2387 3770 2654 3832 eamque
2685 3752 2838 3817 dicit
2863 3752 3177 3837 scriptura
3199 3756 3532 3831 contineri,

600 3837 892 3922 quamvis
929 3838 1246 3903 conclusio
1288 3839 1603 3921 expressis
1641 3840 1854 3903 verbis
1879 3840 1973 3903 ibi
2001 3862 2129 3902 non
2156 3842 2578 3920 compareret:
2630 3840 2848 3905 eodem
2873 3843 3057 3907 modo
3083 3842 3534 3927 disputabatur

599 3924 667 3989 in
698 3926 961 3991 concilio
986 3924 1354 4011 Apostolico
1379 3925 1508 3991 Act.
1537 3927 1637 3990 15.
1663 3948 1720 3992 v.
1758 3930 1817 3993 8.
1846 3929 1906 3993 9.
1931 3927 2032 3990 16.
2056 3926 2158 3990 17.
2187 3931 2231 3987 δι
2262 3926 2353 3989 sic
2377 3924 2721 4009 Apostolus
2745 3931 2920 4013 epist.
2934 3932 3036 3995 ad.
3057 3932 3234 3997 Rom.
3260 3934 3307 3998 ἃ
3326 3934 3532 4000 Galat.

600 4013 887 4097 disputat
934 4014 1010 4079 de
1040 4015 1525 4099 justificatione3
1564 4018 1611 4082 8η
1656 4016 1711 4080 1.
1763 4015 1902 4084 Cor.
1952 4016 2050 4080 15.
2093 4016 2170 4079 de
2201 4014 2681 4095 resurrectione,
2709 4018 2754 4083 8ι
2784 4019 2992 4084 Actor.
3025 4020 3126 4085 17.
3159 4021 3262 4085 16.
3297 4022 3400 4085 17.
3427 4022 3531 4085 18.

600 4100 1025 4168 Athenienses
1053 4104 1469 4187 philosophos
1493 4127 1619 4169 non
1644 4104 1952 4170 refutavit
1976 4105 2215 4187 absque
2248 4106 2735 4186 consequentiis,
2789 4106 3012 4173 Petrus
3037 4106 3170 4173 Act.
3199 4111 3258 4173 2.
3287 4112 3335 4176 St
3367 4111 3428 4173 3.
3454 4110 3532 4175 de

600 4190 903 4256 missione
927 4190 1097 4276 Spir.
1122 4190 1187 4257 S.
1220 4193 1533 4277 passione,
1559 4193 2039 4273 resurrectione,
2067 4193 2341 4257 adventu
2376 4191 2636 4260 Christi.
2685 4194 2799 4259 IV.
2855 4196 3019 4271 Quia
3042 4196 3325 4279 plurima
3347 4198 3530 4263 Chri·

602 4279 920 4345 stianismi
947 4281 1248 4367 dogmata
1269 4304 1396 4346 non
1430 4286 1682 4347 exstant
1708 4280 2024 4361 αὕτολέὲξει,
2063 4282 2172 4346 sed
2202 4284 2457 4344 tantum
2481 4281 2638 4345 κατὰ
2661 4282 2905 4343 διάνοιαν
2929 4288 3042 4348 aut
3073 4286 3284 4351 verbis
3309 4291 3534 4371 aequi-

603 4368 992 4452 pollentibus
1036 4369 1104 4434 in
1152 4370 1484 4455 scriptura,
1519 4375 1593 4436 ut
1612 4374 1743 4437 tres
1766 4394 2071 4457 personae
2095 4369 2376 4435 Dictatis
2399 4371 2660 4436 realiter
2683 4370 3056 4452 distinctae„
3067 4373 3238 4439 filius
3267 4375 3534 4450 ὅμοὺσως

3342 4462 3531 4546 patri,
