3694 4871
653 325 738 388 68
1244 322 2993 392 D1sp.HLDzJcnnnJusmmian.

651 600 956 664 moralem
979 601 1364 664 revocandae
1389 600 1434 664 &
1459 601 1803 664 secundum
1827 623 1969 664 eam
1995 602 2452 664 mensurandae
2478 600 2609 664 sint
2634 601 2911 665 actiones
2936 601 3002 665 in
3026 601 3301 666 externis
3314 602 3555 683 quibus-

650 689 796 752 dam
841 689 921 752 ad
967 689 1167 752 vitam
1215 687 1490 753 hominis
1527 687 1887 765 animalem,
1938 691 1983 754 &
2007 691 2259 754 civilem
2296 690 2839 754 conversationem
2864 690 3293 774 spectantibus
3322 695 3391 752 ut
3412 690 3555 766 cibo,

647 795 818 860 potu.
845 798 1086 854 somno,
1113 799 1418 853 sermone,
1446 778 1752 859 gestibuS,
1781 778 2085 851 vestibuS,
2111 779 2388 862 corporis
2414 779 2590 842 cultu
2606 779 2705 843 διο.
2746 781 2791 844 δι
2824 801 2907 842 an
2932 778 3477 842 determinationes
3498 778 3549 842 in

648 865 857 948 specie
905 888 1017 929 seu
1063 866 1372 948 objective
1427 865 1593 930 circa
1633 866 1746 929 illa
1801 866 1939 930 fieri
1986 868 2231 950 possint
2286 889 2359 932 ac
2398 866 2739 932 debeant&
2766 867 3187 931 conscientiae
3210 868 3327 930 rite
3347 867 3552 930 instrui

641 955 826 1036 juxta
851 955 1106 1037 regulas
1123 955 1287 1036 juris
1313 955 1582 1018 divini&
1605 956 1938 1018 naturalis.
1990 957 2167 1039 Hesp.
2198 959 2243 1020 Α
2251 960 2319 1041 ff.
2348 979 2423 1018 ex
2458 957 2513 1018 1.
2544 957 2825 1020 Corium.
2858 956 2958 1018 10.
2986 957 3093 1018 31.
3124 957 3393 1039 Philipp.
3422 963 3479 1018 4.
3500 955 3553 1018 8.
3655 967 3658 1018 ζ

653 1043 706 1106 1.
745 1041 1020 1109 Corinth.
1061 1044 1160 1105 11.
1193 1045 1292 1104 13.
1327 1042 1427 1107 14.
1455 1045 1792 1109 Deuteron.
1823 1046 1927 1105 22.
1958 1045 2018 1105 5.
2046 1044 2237 1108 lesui.
2264 1046 2323 1106 3.
2358 1044 2461 1107 16.
2488 1045 2595 1105 24.
2648 1047 2703 1106 1.
2740 1045 2905 1109 Petr.
2940 1046 3001 1107 3.
3038 1045 3101 1109 2.
3144 1046 3205 1106 3.
3244 1044 3423 1108 Plura
3446 1045 3549 1107 huc

648 1130 950 1196 facientia
967 1131 1106 1195 vide
1129 1131 1196 1194 in
1221 1130 1364 1215 disp
1409 1133 1646 1196 nostris
1677 1133 1752 1196 (Ie
1779 1133 2048 1196 Excelsis
2078 1133 2324 1197 mundi.
2354 1133 2619 1196 Accedit
2642 1133 2807 1196 ratio
2833 1133 2945 1196 illa
2974 1155 3051 1196 ex
3078 1133 3323 1216 epistol.
3370 1133 3553 1198 dudae
3655 1137 3658 1194 ῗ

645 1240 804 1284 ver8.
857 1221 958 1283 10.
1008 1218 1187 1295 Quod
1235 1219 1524 1284 homines
1561 1221 1628 1284 in
1661 1221 1760 1291 iis,
1787 1243 1951 1304 quae
1976 1221 2055 1284 ad
2082 1222 2277 1284 vitam
2302 1221 2647 1284 animalem
2670 1221 3013 1304 pertinent.
3040 1222 3411 1285 naturaliter
3432 1243 3547 1286 cor·
3655 1211 3658 1310 Ι

643 1312 1042 1392 rumpuntur.
1093 1307 1295 1373 Immo
1342 1331 1532 1391 quam
1583 1310 1859 1392 plurima
1904 1309 1949 1372 &
1972 1307 2361 1382 εὖπερίστκτκ
2388 1315 2643 1392 peccata
2688 1310 2755 1372 in
2810 1309 2890 1372 iis
2916 1309 3224 1392 obrepere
3248 1311 3547 1392 possunt&
3655 1315 3658 1373 :

644 1397 882 1460 solent:
933 1401 1152 1460 contra
1201 1419 1362 1480 quae
1409 1398 1690 1480 quotidie
1739 1397 2227 1482 invigilandum.
2280 1397 2456 1461 Adeo
2480 1403 2551 1460 ut
2583 1398 2932 1480 periculose
2956 1399 3055 1461 illi
3088 1399 3425 1482 disputent,
3452 1399 3543 1480 qui

644 1484 758 1549 illa
781 1485 972 1549 titulo
993 1486 1428 1561 minutiarum,
1458 1491 1570 1549 aut
1595 1486 1816 1549 vilium
1840 1489 1885 1552 a
1912 1485 2226 1549 sterilium
2264 1486 2787 1568 speculationum,
2814 1491 2928 1550 aut
2952 1486 3266 1552 leviorum
3286 1491 3545 1570 peccatu-

648 1574 873 1648 lorum.
901 1577 1012 1637 aut
1051 1596 1262 1637 rerum
1307 1575 1590 1638 civilium
1617 1577 1662 1640 δι
1687 1575 2111 1658 politicorum,
2136 1573 2661 1639 consuetudinum
2684 1596 2758 1639 ac
2787 1597 3055 1640 morum.
3083 1578 3121 1638 a
3152 1597 3301 1640 cura
3324 1575 3546 1638 theolo—

645 1661 790 1746 giae
815 1665 862 1728 St
888 1662 1306 1726 conscientiae
1345 1665 1708 1727 amandant.
1758 1662 1990 1727 Confer
2021 1663 2185 1746 disp.
2234 1668 2518 1727 nostram
2542 1665 2616 1728 de
2640 1663 2821 1749 [pag.
2850 1663 3012 1748 396]
3053 1665 3373 1748 Theoloyia
3392 1685 3547 1747 prac-

647 1753 783 1816 tica.
833 1750 947 1815 VI.
1003 1751 1212 1816 Probl.
1263 1749 1368 1814 An
1412 1774 1596 1816 omne
1645 1752 1803 1815 illud
1850 1752 2051 1835 possit
2076 1753 2197 1815 dici
2236 1755 2406 1816 mere
2434 1753 2867 1835 adiaphorum.
2896 1775 3011 1815 nec
3036 1753 3433 1816 determinari
3458 1774 3549 1835 per

644 1839 855 1924 legem
881 1844 1146 1904 naturae
1170 1845 1280 1903 aut
1304 1841 1628 1915 moralem,
1654 1840 1820 1924 quod
1845 1844 1891 1906 &
1916 1841 2065 1922 quia
2090 1863 2214 1903 non
2240 1840 2325 1903 sit
2350 1863 2599 1924 semper
2622 1843 2668 1907 8⁶
2696 1841 2983 1904 absolute
3001 1841 3341 1906 observatu
3364 1863 3547 1904 neces·

645 1929 904 2005 sarium,
952 1928 1042 1992 ita
1091 1933 1160 1992 ut
1214 1929 1572 2012 oppositum
1597 1931 1732 2012 ejus
1767 1929 2106 2012 aliquando
2132 1933 2169 1992 a
2193 1927 2329 1992 Deo
2359 1930 2668 1993 mandari.
2696 1932 2740 1995 ἃ
2768 1929 2847 1992 ab
2879 1928 3141 1994 homine
3168 1929 3303 1994 sine
3326 1933 3545 2014 peccato

645 2016 782 2082 fieri
814 2017 1013 2101 possit
1038 2022 1068 2080 ⁴?
1119 2018 1294 2100 Hesp.
1349 2019 1494 2102 Neq.
1519 2017 1559 2082 J
1568 2041 1640 2082 us
1665 2023 1952 2094 naturae,
1980 2017 2025 2081 δι
2049 2023 2506 2099 consequenter
2530 2019 2633 2081 lex
2660 2023 2849 2100 atque
2876 2017 3161 2082 officium
3194 2019 3471 2092 hominis,
3492 2019 3541 2080 in

645 2107 813 2190 quod
865 2128 933 2170 se
981 2105 1298 2183 diffundit,
1332 2111 1430 2169 est
1462 2107 1556 2170 vel
1591 2107 1949 2172 absolu-tum
1981 2109 2073 2170 vel
2104 2107 2585 2190 hypotheticum.
2635 2107 2807 2171 Illud
2854 2110 2951 2170 est
2982 2108 3154 2190 quod
3200 2130 3408 2172 omnes
3448 2107 3543 2170 ho-

647 2194 848 2258 mines
889 2194 1198 2262 absolute.
1257 2196 1302 2260 ἃ
1349 2195 1428 2258 ad
1469 2218 1719 2278 semper
1773 2196 2040 2278 obligat,
2090 2195 2180 2258 ita
2230 2199 2301 2257 ut
2346 2201 2525 2258 actus
2550 2197 2881 2279 oppositus
2903 2217 3233 2278 nunquam
3258 2193 3545 2260 honestari

644 2284 862 2367 possit.
897 2305 949 2347 e.
978 2305 1072 2367 gr.
1107 2281 1527 2366 blasphemia,
1555 2285 1961 2361 adulterium,
1997 2283 2231 2347 falsum
2256 2283 2717 2346 testimonium.
2760 2283 2942 2347 Istud
2965 2289 3064 2348 est
3094 2286 3261 2366 quod
3290 2284 3545 2348 absolute

645 2373 690 2439 δι
736 2371 816 2435 ad
863 2393 1112 2456 semper
1150 2393 1367 2437 omnes
1412 2371 1702 2437 homines
1743 2373 1834 2437 ita
1881 2393 2006 2435 non
2056 2373 2323 2455 obligat,
2355 2372 2791 2457 utaliquando
2816 2377 2996 2437 actus
3028 2373 3357 2457 oppositus
3380 2373 3545 2437 hone·

643 2462 801 2525 stari
854 2462 899 2525 ἃ
943 2462 1080 2525 sine
1126 2466 1384 2544 peccato
1425 2462 1563 2525 fieri
1587 2484 1713 2525 non
1742 2462 1957 2545 possit.
2036 2460 2323 2543 Suntque
2352 2462 2541 2545 hujus
2566 2462 2692 2525 tria
2716 2483 2953 2546 genera
2977 2466 3090 2525 aut
3114 2463 3369 2547 gradus,
3396 2464 3447 2525 l.
3471 2464 3547 2524 est

643 2572 862 2614 eorum
889 2572 1050 2633 quae
1077 2553 1304 2613 sonant
1336 2550 1400 2612 in
1426 2551 1688 2626 malum,
1714 2552 1759 2615 a
1787 2554 2244 2633 consequenter
2272 2550 2500 2633 prima,
2530 2550 2843 2625 absoluta,
2896 2573 2969 2614 ac
2992 2550 3227 2633 potiori
3262 2548 3543 2633 proaeresi
3610 2560 3619 2567 ’

641 2638 780 2702 fieri
825 2660 952 2701 non
999 2644 1282 2721 possunt,
1332 2638 1440 2703 sed
1493 2643 1746 2703 tantum
1777 2638 2185 2714 succedanea,
2214 2638 2440 2720 positis
2468 2639 2603 2702 scil.
2632 2638 2971 2723 ponendis:
3000 2639 3089 2703 sic
3123 2662 3249 2703 non
3274 2639 3543 2703 debemus

641 2725 930 2789 homines
955 2726 1264 2799 occidere;
1291 2726 1479 2791 debet
1511 2732 1726 2791 tamen
1761 2726 2181 2811 Magistratus
2214 2727 2279 2789 in
2302 2728 2477 2807 justo
2502 2727 2693 2805 bello,
2741 2728 2786 2791 St
2811 2730 2883 2790 ut
2910 2728 3141 2811 puniat
3166 2728 3536 2795 facinorosos.

642 2815 688 2879 &
711 2814 997 2897 privatus
1022 2814 1288 2897 quisque
1313 2814 1380 2878 in
1411 2838 1560 2880 casu
1583 2816 1949 2899 inculpatae
1974 2816 2235 2879 tutelae.
2288 2816 2346 2877 2.
2396 2816 2517 2879 Est
2566 2838 2805 2894 eorum,
2854 2837 3019 2899 quae
3070 2816 3379 2891 absolute,
3404 2836 3539 2879 com·

643 2903 920 2967 muniter
946 2904 990 2968 81
1015 2902 1333 2967 ordinario
1357 2904 1494 2967 fieri
1517 2926 1642 2968 non
1669 2906 1933 2968 debent:
1962 2904 2069 2967 sed
2098 2905 2255 2967 bene
2285 2905 2806 2981 extraordinario,
2840 2904 3104 2987 speciali
3128 2906 3261 2969 scil.
3286 2927 3395 2969 seu
3426 2924 3543 2987 par-

643 2991 895 3055 ticulari
943 2991 1086 3075 lege
1130 2992 1576 3056 intercedente.
1611 2992 1788 3067 Quae
1816 2994 1918 3056 lex
1944 2992 2135 3055 variis
2163 2992 2363 3055 modis
2390 2993 2775 3070 notificatur,
2794 2998 2905 3057 aut
2924 2993 3225 3077 explicite
3250 2996 3293 3059 δι
3310 2996 3543 3066 exserte,

643 3084 756 3143 aut
780 3079 1106 3163 implicite.
1135 3082 1249 3144 Illo
1275 3081 1475 3158 modo,
1503 3102 1754 3145 rursum
1779 3082 2134 3163 dupliciter,
2164 3085 2275 3142 aut
2298 3102 2411 3163 per
2440 3081 2647 3165 legem
2675 3082 2965 3166 pluribus
2992 3084 3541 3147 communemssoex·

642 3170 822 3233 terne
859 3168 1348 3253 promulgatam,
1375 3170 1667 3233 omnibus
1693 3169 2035 3232 individuis
2062 3169 2311 3232 casibus
2338 3170 2620 3253 ejusdem
2646 3170 2872 3253 speciei
2904 3170 3369 3253 applicandam.
3397 3170 3536 3244 Qua·

641 3257 720 3321 lis
769 3263 866 3321 est
911 3257 987 3319 de
1040 3257 1321 3321 ducenda
1369 3257 1554 3321 vidua
1609 3258 1827 3321 fratris
1878 3258 2213 3323 Deuteron.
2266 3258 2369 3319 25.
2397 3258 2471 3321 de
2502 3258 2911 3322 detondendis
2939 3260 3229 3341 captivae
3258 3258 3539 3323 foeminae

643 3345 892 3429 capillis
927 3346 1176 3411 Denter.
1206 3346 1311 3409 21.
1337 3346 1412 3409 de
1439 3346 1680 3410 alendis
1706 3346 1901 3410 comis
1930 3345 2360 3409 Nazareorum
2406 3348 2663 3413 Nic-mer.
2694 3349 2755 3411 ὃ.
2781 3346 2968 3409 aliter
2993 3370 3067 3410 ac
3092 3348 3233 3429 lege
3259 3342 3540 3413 communi

649 3435 703 3497 1.
766 3435 1041 3499 Corinth.
1095 3435 1118 3495 l
1142 3434 1195 3497 1.
1247 3432 1380 3497 Aut
1423 3457 1536 3517 per
1584 3436 1792 3517 legem
1819 3434 2145 3517 propriam
2172 3435 2218 3499 &
2244 3440 2571 3499 externam
2596 3436 2919 3499 individuo
2946 3438 3369 3520 propositam:
3398 3440 3459 3499 ut
3484 3433 3541 3495 de

643 3522 1003 3587 venditione
1035 3522 1318 3586 omnium
1348 3522 1651 3586 bonorum
1681 3524 1895 3587 ΜαιιΙι.
1933 3524 2027 3588 19.
2080 3524 2176 3587 De
2201 3523 2532 3605 punitione
2560 3523 2961 3587 innoxiorum
2980 3524 3327 3589 liberorum
3352 3523 3537 3589 Achan

645 3610 875 3675 Josuac
926 3613 984 3674 7.
1033 3612 1108 3675 de
1163 3610 1522 3675 auferendis
1559 3612 1722 3675 vasis
1775 3612 2240 3695 Aegyptiorum
2274 3613 2471 3677 Emod.
2506 3613 2604 3675 12.
2656 3614 2790 3676 Aut
2812 3634 2925 3695 per
2950 3613 3162 3698 legem
3186 3610 3539 3697 propriam&

644 3699 962 3763 internam
1007 3700 1119 3763 uni
1166 3699 1510 3777 individu0,
1561 3702 1605 3765 &
1654 3701 1911 3781 quidem
1940 3700 2191 3763 interno
2224 3700 2530 3764 instinctu
2562 3724 2635 3765 ac
2660 3706 2835 3765 motu
2860 3702 3232 3781 revelatam,
3268 3707 3337 3765 ut
3358 3701 3539 3765 Elizeo

646 3788 707 3852 2.
752 3789 893 3872 Req.
943 3788 1002 3855 2.
1047 3788 1094 3851 δι
1123 3786 1308 3851 Eliae
1340 3789 1400 3853 2.
1431 3790 1573 3871 Rey.
1615 3791 1668 3851 1.
1689 3790 1834 3852 coll.
1868 3809 2013 3851 cum
2038 3790 2181 3853 Luc.
2211 3792 2268 3850 9.
2320 3789 2406 3851 Et
2430 3788 2707 3853 Pinehas
2742 3791 3076 3855 Numeror.
3102 3792 3205 3853 25.
3258 3792 3343 3855 Et
3366 3786 3536 3853 levitis

646 3876 843 3941 Exod.
895 3876 998 3939 32.
1048 3875 1190 3940 coll.
1241 3898 1384 3939 cum
1423 3878 1758 3941 Deuteron.
1810 3878 1917 3940 33.
1948 3898 2004 3940 v.
2040 3878 2099 3941 9.
2149 3876 2237 3940 Et
2264 3877 2635 3941 Abrahamo
2672 3880 2884 3943 Genea.
2915 3880 3024 3943 22.
3072 3877 3205 3943 Isto
3226 3880 3404 3943 modo
3424 3893 3536 3939 cum

643 3962 952 4047 implicite
983 3962 1105 4028 hoc
1150 3985 1262 4047 per
1305 3986 1520 4027 casum
1558 3964 1888 4028 absolutae
1916 3969 2026 4027 aut
2058 3965 2318 4048 majoris
2344 3967 2741 4030 necessitatis
2768 3967 2847 4030 ab
2872 3968 3015 4049 ipsa
3042 3967 3187 4053 lege
3212 3982 3536 4033 concessum

645 4054 759 4115 aut
802 4056 1138 4134 exceptum
1181 4051 1707 4137 subintelligitur.
1757 4052 1830 4116 E.
1868 4074 1965 4137 gr.
2013 4052 2133 4117 Jus
2183 4054 2550 4118 absolutum
2598 4060 2715 4133 est,
2748 4058 2792 4120 ἃ
2820 4056 2981 4139 legis
3006 4062 3274 4120 naturae
3302 4062 3371 4121 ut
3390 4070 3537 4119 nemo

645 4158 898 4201 carnem
943 4140 1264 4222 propriam
1311 4141 1453 4204 odio
1501 4140 1738 4204 habeat
1769 4145 1882 4204 aut
1932 4142 2164 4219 laedat,
2216 4145 2328 4204 aut
2382 4144 2658 4219 mutilet,
2710 4144 2817 4207 sed
2866 4148 3085 4207 contra
3132 4145 3351 4209 foveat
3372 4145 3536 4227 ipsam

649 4224 872 4308 Ephes.
916 4228 975 4287 5.
1021 4226 1110 4289 Et
1147 4231 1362 4289 tamen
1401 4230 1580 4293 docet
1603 4230 1770 4292 idem
1789 4230 1894 4312 jus
1928 4252 2001 4292 ac
2034 4230 2133 4293 lex
2164 4235 2429 4295 naturae
2456 4231 2523 4296 in
2554 4256 2703 4296 casu
2728 4234 2773 4297 δι
2798 4254 2874 4295 ex
2902 4232 3246 4317 hypothesi
3278 4249 3535 4317 praesen·

647 4311 882 4375 tissimi
926 4314 1211 4396 periculi,
1260 4314 1534 4399 digitum
1581 4317 1970 4393 abscindere,
2022 4322 2134 4381 aut
2186 4340 2412 4401 corpus
2468 4322 2819 4397 vulnerare,
2852 4326 2925 4383 ut
2949 4326 3161 4385 totum
3190 4316 3533 4387 hominem&

649 4420 1017 4483 gangraena
1056 4400 1305 4478 liberes,
1357 4409 1468 4487 aut
1513 4405 1836 4487 praesenti
1883 4406 2077 4469 morti
2124 4429 2199 4470 ex
2247 4428 2497 4473 carcere
2546 4414 2656 4474 aut
2696 4432 2861 4493 aqua
2900 4432 3043 4473 eum
3070 4411 3329 4494 eripias.
3376 4406 3535 4473 Docet

3348 4503 3533 4564 natura

650 533 794 576 rum
845 511 1004 574 illud
1057 511 1372 594 prosequi,
1408 511 1578 575 istud
1625 511 1849 596 fugere
1896 515 2169 576 tenetur.
2196 510 2279 576 V.
2318 511 2527 576 Probe.
2556 511 2659 575 An
2684 513 2879 577 etiam
2902 513 2985 576 ad
3010 512 3219 597 legem
3246 512 3557 576 naturae&
3655 437 3658 660 Ι

3655 869 3658 952 Ι
