3694 4871
394 320 563 385 Dlsr.
614 319 693 383 V.
766 317 879 384 Aa
926 319 1333 384 Gulusa-us
1380 341 1529 392 QUA
1577 319 2012 383 Manu-ron
2059 339 2181 381 s1¹r
2229 322 2739 382 AvonAunus?
2926 317 3047 380 121

129 506 328 590 magis
381 506 465 569 sit
504 505 583 569 de
628 505 878 569 ratione
906 505 1161 570 formali
1188 505 1455 569 actionis
1478 505 1801 570 ‘medianda‘
1824 509 1937 568 aut
1968 503 2296 567 relationis
2319 503 2697 580 vitodiatoris,
2724 523 2916 585 quam
2955 506 3053 566 est

130 595 201 659 de
231 594 474 658 ratione
507 593 764 658 formali
790 595 1205 668 substantiae,
1240 595 1655 660 human-itatis
1678 593 1811 657 scil.
1836 593 1904 656 in
1944 593 2218 656 Christo.
2253 591 2398 669 Vel,
2431 591 2536 654 An
2561 613 2680 654 non
2711 590 3051 654 adorabili-

130 688 243 760 taS,
268 705 432 765 quae
464 683 771 746 fundatur
809 684 875 746 in
922 684 1057 747 sola
1090 682 1305 747 divina
1352 682 1749 760 excellentia,
1789 682 2146 763 majestate,
2189 683 2234 746 δι
2275 680 2482 764 gloria
2507 683 2723 764 (quam
2749 679 2933 743 alteri
2957 679 3046 742 rei

130 773 271 835 dare
318 794 445 835 non
468 775 704 854 potest,
728 772 853 835 nisi
877 771 1055 836 illam
1082 771 1356 846 deificet3
1399 773 1567 854 quod
1590 771 1967 853 simpliciter
1989 769 2410 852 impossibile)
2434 769 2520 832 sit
2541 768 2618 830 de
2649 767 2892 831 ratione
2919 767 3050 833 dei-

130 861 275 924 tatis
300 864 369 925 ut
394 861 487 924 sic
503 866 534 924 ἱ)
559 861 667 924 An
700 865 847 924 vero
874 860 959 924 sit
983 861 1059 923 de
1089 860 1335 924 ratione
1361 859 1785 937 mediationiS,
1812 862 1884 922 ut
1909 859 1996 922 sie
2017 863 2046 922 ⁸?
2096 857 2199 920 An
2233 857 2445 941 potius
2499 859 2839 939 utrumque
2863 855 3052 919 simul

128 951 169 1014 a
190 948 565 1032 aequaliter,
596 950 673 1012 de
698 949 945 1012 ratione
972 948 1249 1012 Deitatis
1276 954 1347 1011 ut
1372 949 1483 1026 sio,
1512 951 1557 1014 8⁶
1582 949 1657 1011 de
1690 947 1935 1012 ratione
1961 946 2364 1010 mediationis
2391 950 2462 1009 ut
2488 945 2578 1009 sic
2597 951 2626 1008 ἵ*
2653 944 2756 1008 An
2781 944 3052 1027 denique

130 1038 198 1100 de
221 1038 465 1101 ratione
492 1037 825 1120 utriusque.
850 1038 959 1101 sed
980 1037 1440 1120 inaequaliter:
1491 1037 1746 1101 deitatis
1772 1035 2026 1118 quidem
2053 1035 2378 1118 primariO,
2405 1057 2518 1116 per
2553 1033 2916 1111 essentiam,
2943 1056 3053 1096 na-

128 1126 436 1202 turaliter,
484 1126 873 1190 recessario:
924 1126 1324 1190 mediationis
1378 1147 1525 1189 vero
1556 1125 1950 1202 secundario,
1999 1123 2398 1207 participate,
2454 1146 2566 1204 per
2612 1122 2890 1206 gratiam
2945 1143 3055 1184 seu

132 1215 471 1298 gratiosam
495 1215 1131 1279 communicationem
1151 1215 1196 1279 &
1222 1215 1627 1279 donationem
1646 1219 1675 1278 ⁸?
1701 1213 1803 1278 An
1829 1213 2046 1295 itaque
2073 1211 2404 1275 dicendum
2427 1212 2515 1274 sit
2539 1210 2745 1296 magis
2770 1211 3057 1276 Christ-as

132 1305 431 1367 mediator
459 1315 546 1367 est
592 1304 964 1368 adorandus
998 1305 1129 1389 qua
1154 1305 1476 1379 mediator,
1512 1325 1726 1386 quam,
1754 1302 2045 1366 Christus
2071 1301 2262 1364 homo
2289 1305 2386 1364 est
2410 1300 2607 1376 DenS,
2655 1303 2783 1383 qua
2829 1299 3054 1364 homo:

131 1389 413 1455 Christus
441 1391 615 1455 Deus
639 1395 737 1456 est
763 1393 973 1470 homo,
999 1395 1127 1474 qua
1151 1391 1345 1457 Deus„
1396 1391 1687 1456 Christus
1712 1391 1886 1455 Deus
1911 1393 2200 1454 mortuus
2234 1393 2329 1452 est
2361 1392 2489 1472 qua
2512 1387 2722 1462 Deus;
2763 1387 3058 1451 Christus

132 1479 308 1543 homo
354 1485 677 1558 aeternus,
734 1482 782 1546 St
828 1481 1067 1544 creavit
1096 1481 1424 1551 muudum,
1472 1485 1601 1563 qua
1630 1481 1840 1544 homo.
1893 1478 2186 1543 Christus
2225 1478 2516 1541 infirmus
2544 1477 2694 1542 vicit
2712 1480 2983 1540 mortem
3010 1477 3056 1540 δι

130 1569 399 1651 seipsum
451 1569 805 1646 suscitavit,
851 1573 979 1652 qua
1022 1569 1331 1633 infirmus
1382 1569 1745 1646 Quaeritur,
1802 1591 1880 1632 au
1938 1570 1984 1633 a
2017 1588 2128 1630 cur
2157 1589 2376 1630 omnes
2399 1566 2550 1630 illae
2581 1564 3057 1630 enunciationes

134 1657 521 1721 roetrictivae
560 1657 692 1720 sint
729 1659 1057 1732 absurdae,
1093 1681 1255 1742 quae
1304 1658 1584 1721 limitent
1622 1657 1979 1740 subjectum
2011 1678 2124 1739 per
2149 1655 2467 1738 adjuncta,
2495 1677 2657 1736 quae
2681 1654 2748 1717 in
2773 1659 3056 1736 tempore

132 1750 523 1810 accesserunt
576 1745 711 1809 filio
756 1746 913 1820 Dei;
964 1747 1277 1829 adjuncta,
1320 1747 1603 1830 inquam,
1634 1745 1870 1828 partim
1895 1744 2339 1822 substantiale,
2367 1743 2462 1806 uti
2495 1743 2883 1820 humanitaS,
2911 1765 3058 1824 par-

136 1834 241 1897 tim
287 1834 729 1912 accidentalia,
777 1835 1055 1899 actiones
1104 1835 1239 1899 scil.
1287 1834 1632 1918 passiones,
1671 1834 2043 1916 relationes:
2101 1833 2146 1896 ἃ
2195 1855 2307 1896 cur
2358 1833 2495 1896 sola
2533 1833 2647 1896 illa
2701 1830 3059 1895 enuntiatio

133 1923 441 1999 (Christ-as
462 1925 593 2008 qua
625 1924 931 1988 mediato-r
954 1935 1039 1988 est
1070 1924 1415 1988 adorabilis
1446 1923 1507 1988 ἃ
1529 1923 1929 2007 adorandas)
1956 1943 2118 2005 quae
2145 1921 2382 1986 limitat
2412 1943 2526 2004 per
2551 1920 2868 1985 actionem
2901 1922 3060 2004 (me-

138 2011 313 2094 diate)
337 2017 455 2075 aut
479 2011 855 2076 relationem
889 2013 1247 2096 (mediator)
1278 2035 1404 2077 non
1432 2013 1517 2076 sit
1548 2012 1823 2076 absurda
1840 2017 1872 2075 P

220 2098 283 2167 5.
329 2099 667 2164 Habemus
705 2123 871 2164 nunc
894 2104 1135 2165 statum
1160 2101 1644 2176 controversiae;
1672 2099 2152 2164 Praemittimus
2183 2100 2494 2181 quaedam
2522 2095 2815 2170 διδόμενα.
2847 2097 3059 2160 Erunt

140 2191 341 2252 autem
371 2189 509 2252 illa.
545 2187 597 2252 I.
633 2187 803 2252 Data
827 2191 873 2254 81
897 2212 1191 2254 concessa
1216 2193 1253 2252 a
1274 2189 1477 2254 nobis.
1512 2188 1597 2254 II.
1632 2187 2126 2271 Praesupposita
2159 2187 2204 2252 δι
2232 2187 2639 2270 hypotheseS,
2675 2185 2752 2249 de
2783 2207 3058 2267 quorum

142 2277 393 2341 veritate
443 2277 745 2360 utrinque
784 2282 1053 2342 constat.
1085 2277 1205 2343 III.
1240 2278 1571 2343 Postulata
1602 2301 1766 2362 quae
1792 2277 1896 2342 hic
1919 2277 2334 2353 solummodo,
2369 2296 2618 2339 sumere
2642 2273 2880 2348 licebit,
2907 2296 3058 2337 cum

142 2364 281 2428 alibi
316 2388 395 2430 ex
436 2365 726 2451 professo
774 2367 1138 2449 probentur.
1180 2367 1593 2430 Concedimus
1619 2389 1771 2451 ergo
1796 2367 1922 2430 ista
1952 2366 2008 2428 1.
2037 2365 2320 2430 Christus
2341 2365 2533 2429 homo
2558 2365 2604 2428 &
2631 2362 2963 2441 mediator,
2989 2361 3058 2425 iu

142 2475 313 2518 carne
358 2462 405 2526 ἃ
452 2478 599 2520 cum
632 2477 840 2533 carne,
888 2456 957 2519 in
1001 2456 1048 2519 a
1093 2478 1237 2520 cum
1284 2455 1494 2521 officio
1548 2456 1923 2521 mediatorio
1949 2457 2048 2519 est
2077 2455 2431 2518 adorandus
2458 2475 2472 2516 ε
2509 2454 2602 2517 ita
2633 2456 2705 2516 ut
2730 2452 3059 2535 objectum

141 2544 649 2613 considerationis
680 2547 932 2608 nostrae
972 2544 1058 2607 sit
1088 2544 1325 2609 Christi
1358 2567 1628 2627 persona
1672 2568 1816 2609 cum
1839 2543 2134 2609 omnibus
2160 2565 2322 2625 quae
2347 2543 2444 2607 illi
2470 2542 2705 2617 insunt,
2732 2563 2844 2605 seu
2867 2544 3040 2605 totus

143 2629 439 2703 Christus.
484 2633 745 2717 proprie
786 2633 1183 2697 enim-honor
1226 2634 1547 2697 emhibetur
1578 2634 1685 2699 toti
1714 2634 1805 2697 rei
1826 2632 2204 2709 subsistenti,
2231 2635 2302 2696 ut
2329 2634 2493 2695 reete
2529 2631 2800 2696 Thomas
2821 2650 2965 2717 pay.
2993 2632 3058 2693 3·

142 2733 357 2803 quaest.
408 2728 516 2789 25.
566 2742 627 2785 a.
666 2722 722 2783 l.
758 2718 823 2785 N
825 2744 895 2785 ec
941 2726 1090 2785 sunt
1113 2721 1482 2786 dividendae
1508 2726 1795 2799 naturae,
1822 2726 1934 2785 aut
1961 2721 2256 2804 adjuncta
2275 2720 2492 2803 aliqua
2517 2724 2556 2783 a
2580 2722 2848 2802 persona
2874 2719 3056 2804 [pag·

148 2808 297 2893 527]
325 2813 530 2888 λὸγευ.
588 2812 649 2873 2.
675 2808 747 2873 In
785 2833 858 2873 eo
890 2810 1001 2893 qui
1026 2811 1325 2874 adoratur
1349 2812 1471 2876 duo
1498 2816 1763 2893 possunt
1785 2809 2190 2886 considerari,
2216 2809 2272 2872 is
2297 2809 2538 2873 scilicet
2561 2808 2662 2871 cui
2686 2807 2888 2871 honor
2912 2807 3065 2871 ado‘

144 2895 390 2960 rationis
438 2897 799 2975 exhibetur,
848 2902 893 2964 8⁶
939 2920 1165 2962 causae
1220 2900 1626 2963 adorationis
1677 2898 1886 2964 Unius
1934 2897 2319 2961 adorationis
2369 2900 2634 2980 possunt
2660 2918 2796 2959 esse
2824 2899 2862 2959 a
2886 2900 3067 2979 parte

145 2991 345 3049 nostra
391 2985 608 3049 variae
656 3008 883 3050 causae
929 3009 1041 3051 seu
1072 2987 1350 3051 rationes
1398 2988 1463 3051 in
1490 3010 1724 3072 genere
1750 2989 1843 3052 ita
1867 2986 2072 3051 dictae
2099 3008 2112 3049 ε
2143 2986 2327 3051 modo
2352 3008 2479 3049 non
2507 2988 2826 3068 ponantur
2851 2986 3066 3067 plures

144 3094 353 3142 causae
385 3074 635 3137 essendi
681 3075 1026 3157 proximae,
1076 3075 1487 3157 adaequatae,
1512 3076 2044 3149 fundamentales»,
2071 3075 2118 3138 a
2145 3077 2182 3137 a
2207 3073 2427 3157 priori,
2456 3096 2620 3157 quae
2647 3073 2778 3137 sint
2803 3074 3066 3137 rationis

149 3160 453 3240 formaleS,
480 3165 527 3228 &
552 3164 719 3226 unde
751 3164 836 3227 sit
862 3186 999 3228 esse
1033 3165 1299 3228 formale
1325 3165 1793 3229 adorabilitatis
1818 3165 1886 3228 in
1912 3186 2001 3241 se,
2029 3186 2140 3226 seu
2168 3166 2206 3225 a
2236 3168 2417 3245 patre
2452 3162 2581 3239 rei3
2606 3184 2755 3226 nam
2786 3162 2900 3225 illa
2924 3165 3068 3225 tan·

150 3253 273 3313 tum
296 3252 481 3315 unica
506 3256 623 3329 est,
650 3252 1027 3316 excellentia
1050 3252 1187 3316 scil.
1221 3255 1267 3317 δι
1292 3254 1591 3337 majestas
1618 3253 1984 3336 singulariS,
2013 3274 2283 3341 summa,
2319 3252 2544 3334 prima,
2572 3251 3068 3333 &independens

152 3342 429 3403 aeternae
456 3340 681 3403 deitas,
733 3340 794 3403 3.
844 3340 1005 3405 Caro
1032 3340 1273 3405 Christi
1297 3342 1486 3405 simul
1520 3343 1820 3407 adoratur
1852 3364 1976 3405 non
2001 3344 2131 3398 καθ’
2177 3338 2382 3410 ἐαυτὲν
2408 3362 2525 3424 per
2547 3362 2614 3403 se
2645 3361 2760 3403 nec
2791 3338 2852 3397 δι’
2866 3338 3071 3409 ἑοῑωῆν

150 3440 393 3511 propter
438 3429 663 3512 ipsam,
713 3430 823 3492 sed
870 3434 1127 3512 propter
1164 3431 1482 3513 conjuncti
1508 3431 1677 3496 illi&
1701 3431 1892 3495 simul
1919 3432 2166 3495 unitam
2198 3430 2520 3507 deitatem,
2546 3428 2639 3492 ita
2663 3431 2736 3490 ut
2758 3425 3070 3491 terminus

151 3514 467 3581 ultimatus
492 3517 883 3581 adorationis
908 3518 1145 3582 nonsit
1176 3540 1321 3582 caro
1346 3520 1452 3583 sed
1478 3519 1724 3583 Deitas
1777 3518 2062 3583 Thomas
2095 3521 2272 3583 artic.
2301 3519 2410 3582 cit.
2440 3520 2581 3585 Non
2604 3517 2798 3581 decim
2808 3537 2880 3580 us
2902 3516 3071 3600 qaod

152 3624 367 3671 manus
392 3606 669 3671 hominis
694 3606 1053 3684 hono-retur,
1093 3607 1201 3671 sed
1226 3609 1395 3692 qaod
1418 3609 1622 3673 homo,
1673 3608 1760 3671 Et
1786 3609 1842 3671 si
1873 3611 2250 3694 quandoque
2271 3608 2609 3690 concitique,
2634 3604 2802 3690 quod
2823 3605 3073 3669 dicatur

152 3692 437 3758 honorari
452 3715 688 3760 manus
712 3696 1003 3779 alicujus,
1028 3697 1140 3761 hoc
1162 3716 1294 3760 non
1312 3697 1545 3761 dieitur
1558 3718 1631 3761 ea-
1648 3698 1906 3771 ratione,
1931 3698 2101 3783 quod
2125 3696 2488 3781 hujzcsmodi
2500 3706 2709 3778 partes
2725 3693 3072 3759 secanda-m

156 3800 212 3843 se
230 3782 633 3863 honorentur,
660 3785 768 3849 sed
790 3786 941 3869 quia
978 3782 1049 3848 in
1089 3785 1222 3849 istis
1256 3785 1465 3868 partib
1475 3808 1549 3850 as
1574 3786 1926 3851 hono-ratur
1951 3798 2167 3851 totu-m.
2195 3786 2282 3849 Et
2306 3786 2462 3849 haec
2488 3787 2586 3847 est
2609 3782 2926 3847 sententia
2950 3781 3071 3865 Sy-

155 3869 288 3932 nodi
314 3871 679 3956 Ephesinae
727 3872 792 3935 in
840 3874 1195 3958 apoloqetie.
1244 3874 1559 3939 anathem.
1610 3876 1671 3937 8.
1707 3876 1753 3939 81
1787 3876 1850 3939 in
1885 3876 2120 3959 epistol.
2169 3874 2456 3961 Synodic.
2489 3871 2818 3938 Athanasii
2854 3882 3074 3936 eontra

158 3958 443 4025 Arrianos
492 3962 669 4026 Orat.
704 3962 763 4024 5.
791 3963 1018 4046 dialoq.
1068 3965 1131 4026 3.
1163 3974 1381 4027 contra
1410 3964 1673 4028 eosdem.
1708 3965 1929 4050 Cym-illi
1952 3964 2100 4030 libri
2125 3964 2186 4027 2.
2209 3984 2344 4047 cap.
2373 3964 2476 4024 92.
2513 3963 2584 4026 in
2604 3960 2877 4025 lohann.
2908 3958 2971 4025 ἃ·
3000 3961 3076 4025 de

161 4046 460 4114 Inearnat.
517 4050 829 4134 Uniyeniti
874 4070 1009 4135 qap.
1067 4052 1171 4114 26.
1207 4050 1411 4125 Quam
1445 4056 1798 4135 sequuntur
1819 4052 2023 4116 nostri
2047 4052 2112 4115 in
2144 4050 2470 4134 Disputat.
2505 4053 2724 4114 contra
2749 4047 3073 4132 Ubiquiti-

162 4136 277 4199 stas
300 4159 445 4202 mox
468 4138 725 4202 citandi.
752 4137 835 4203 II.
865 4137 1293 4222 HypotheseS,
1318 4162 1481 4223 quae
1506 4140 1805 4223 utrinque
1831 4142 1879 4205 81
1909 4141 2328 4205 communiter
2361 4143 2581 4203 contra
2613 4138 3073 4204 haeterodoxos

162 4230 747 4309 praesupponuntur
780 4230 947 4291 sunt.
980 4232 1035 4291 1.
1068 4228 1389 4293 Christum
1417 4250 1552 4293 esse
1576 4229 1745 4313 patri
1774 4229 2092 4303 ὲμοοέσιον.
2145 4230 2202 4293 2.
2235 4229 2377 4296 Non
2402 4250 2540 4293 esse
2573 4228 2728 4292 duos
2745 4226 2941 4305 Deos,
2969 4228 3078 4291 sed

166 4331 360 4377 unum.
390 4318 449 4379 3.
488 4316 883 4400 proprietatis
906 4338 1124 4382 omnes
1148 4315 1267 4381 Dei
1296 4339 1441 4381 cum
1463 4316 1602 4400 ipso
1620 4318 1903 4383 converti
1928 4320 1976 4384 ἃ
2007 4338 2144 4381 6886
2159 4317 2370 4401 ipsum
2388 4315 2619 4381 Deum.
2647 4316 2709 4380 4.
2731 4316 2872 4381 Non
2890 4337 3076 4399 posse

165 4398 333 4465 alteri
362 4404 650 4485 subjecto
686 4404 945 4471 realiter
983 4404 1231 4471 diverso
1256 4405 1729 4487 communicari,
1753 4408 1950 4473 immo
1977 4428 2057 4471 ne
2083 4428 2276 4471 unam
2301 4405 2581 4489 quidem.
2630 4404 2690 4468 5.
2717 4403 3073 4469 Adorabili-

774 4534 781 4539 ·
2890 4503 3076 4557 talem
