3694 4871
33 0 507 12 --—-—---—-—-—-
522 1 543 3 —-
568 1 637 4 ----
660 1 667 3 -
718 1 745 4 -v
920 1 923 3 v
1216 1 1225 3 -
1298 1 1317 4 -
1568 1 1575 4 -
1734 1 1757 4 —-
1792 1 1947 6 —---—-—
1987 1 2000 4 -

315 274 531 385 lhsr,
577 315 754 384 VII.
801 318 1463 388 Psosnnusruu
1509 343 1604 388 οι
1653 321 2008 389 Msaxro
2056 321 2439 390 Cuius-rr
2484 323 2713 390 PAas
2759 324 2812 392 Ι.
2910 326 3037 393 177

111 511 190 574 ut
235 507 508 592 probent
551 529 630 570 ex
675 503 1002 589 Scriptura
1027 506 1210 593 [pag.
1238 507 1398 591 233]
1433 506 1770 594 (siquidem
1801 509 2143 594 excipienti
2168 509 2550 575 affimantis
2574 532 2912 595 personam
2944 511 3051 576 in-

32 681 34 684 *
107 597 338 662 duenti
369 593 662 679 probatio
685 593 1022 678 incumbit)
1047 595 1208 660 tales
1233 595 1498 679 phrases
1523 597 1598 662 de
1622 597 1839 681 aliqua
1862 619 2133 682 persona
2164 602 2279 662 aut
2301 621 2369 664 re
2392 598 2711 683 usurpari,
2743 605 2857 665 aut
2881 600 3046 665 talia

105 685 482 770 praedicata
533 682 746 748 omnia
793 682 1166 767 praedicari,
1213 684 1324 748 ubi
1371 686 1549 750 nulla
1579 685 1664 750 sit
1703 686 2073 766 satisfactiO,
2106 687 2357 752 nullum
2380 685 2717 770 Sponsoris
2744 687 3051 753 meritum

104 773 372 859 proprie
404 771 664 837 dictum.
713 770 1072 836 Secundum
1096 776 1212 851 est,
1247 777 1319 836 ut
1373 795 1518 839 cum
1555 776 1736 838 extra
1767 772 2130 858 Scripturas
2160 775 2751 860 pseudo-axiomata
2768 775 3051 859 juridica

105 868 226 928 aut
282 859 734 943 Philosophica
777 859 1018 944 absque
1049 881 1306 945 corpore
1329 861 1515 944 juria,
1564 861 1806 945 absque
1843 862 2109 927 rationis
2136 863 2377 928 lumine
2404 885 2481 928 ex
2502 862 2761 948 proprio
2788 865 3049 928 cerebro

105 949 414 1030 fundunt,
447 971 522 1013 ea
551 947 764 1011 omnia
794 951 1128 1032 negentur,
1155 951 1201 1015 a
1225 949 1518 1031 probatio
1549 951 1939 1034 postuletur:
1975 972 2170 1035 quam
2199 952 2255 1015 si
2280 951 2493 1016 moliri
2516 973 2633 1016 nec
2656 951 2905 1036 possint
2926 973 3047 1017 nec

107 1041 336 1118 velint,
375 1039 676 1122 poterunt
715 1057 792 1100 ex
825 1036 1196 1115 abundanti,
1230 1037 1393 1102 tales
1424 1037 1624 1102 falsae
1657 1037 2068 1122 hypotheses,
2096 1039 2143 1104 ἃ
2167 1039 2762 1123 pseudo-axiomata
2784 1040 2919 1104 solo
2968 1046 3056 1117 τῷ

103 1128 292 1196 &vr-54·
311 1125 420 1208 ἔφα
444 1123 656 1190 Socini
673 1125 771 1190 Sne.
793 1122 1081 1202 subnixa,
1109 1125 1432 1190 instantiis
1458 1126 1839 1209 quibusdam
1866 1131 1979 1192 ant
2002 1127 2403 1212 argumentis
2429 1127 2821 1210 deplumari:
2850 1131 2968 1193 aut
3000 1127 3057 1192 si

103 1219 176 1282 in
224 1217 362 1280 suis
403 1233 691 1299 quaeque
734 1212 1088 1296 disciplinis
1113 1213 1264 1295 quid
1297 1213 1428 1278 veri
1451 1213 1754 1294 habeant,
1781 1215 1953 1279 mala
1986 1236 2212 1279 eorum
2236 1215 2579 1298 applicatio
2603 1215 2872 1281 ostendi.
2906 1217 3058 1284 Ter-

103 1307 276 1372 tium
324 1309 442 1376 est,
488 1305 562 1365 ut
607 1301 687 1364 ad
720 1303 1098 1384 argumenta
1123 1301 1168 1364 &
1189 1301 1270 1366 ad
1293 1301 1640 1367 solutiones
1666 1301 1963 1367 informa
1994 1303 2555 1387 constringantur3
2582 1303 2629 1368 ἅ
2659 1305 2715 1367 si
2740 1325 2915 1369 more
2938 1325 3055 1368 suo

101 1388 716 1458 rhetoricationibus
763 1393 876 1453 aut
911 1388 1122 1472 longis
1168 1389 1333 1474 logis
1376 1389 1734 1458 nuditatem
1758 1394 1977 1475 tegere
2003 1391 2316 1471 laborent,
2339 1412 2455 1456 nos
2485 1391 2773 1456 involuta
2797 1393 3054 1456 evolva-

103 1505 254 1548 mus
297 1480 344 1545 δι
396 1477 690 1543 distincte
735 1475 803 1540 in
851 1476 1058 1540 forma
1089 1477 1485 1562 syllogistica
1533 1499 1986 1562 proponamus.
2032 1477 2324 1563 Denique
2372 1493 2725 1565 urgeantur
2747 1479 3050 1560 absurda,

103 1570 350 1654 quibus
395 1564 732 1633 Sociniana
762 1566 1077 1630 sententia
1108 1565 1419 1646 obruitur,
1452 1567 1498 1632 a
1524 1567 1604 1630 ad
1634 1566 1792 1632 haec
1816 1568 1942 1631 duo
1980 1589 2230 1632 summa
2262 1589 2337 1631 ac
2354 1567 2677 1653 generalia
2700 1569 2914 1652 capita
2938 1591 3043 1634 re·

103 1660 436 1724 vocentur.
493 1655 549 1718 1.
581 1653 764 1735 Quod
787 1651 919 1718 scil.
955 1658 1218 1718 evacuet
1247 1657 1454 1719 totum
1483 1655 1859 1738 mysterium
1882 1653 2250 1741 Euangelii,
2284 1658 2331 1722 ἃ
2354 1656 2498 1720 novi
2528 1655 2823 1736 foederis,
2850 1656 3045 1721 illud-

106 1745 335 1832 quein
361 1745 572 1830 legem
593 1742 639 1807 a
666 1745 848 1805 vetus
873 1740 1094 1806 foedus
1125 1763 1388 1825 operum
1413 1741 1859 1822 transformet3
1907 1747 2101 1827 atque
2124 1743 2281 1808 adeo
2308 1744 2693 1829 religionem
2718 1743 3047 1810 Christia-

103 1857 264 1900 nam
290 1836 329 1898 a
351 1829 734 1896 naturaliter
753 1832 904 1893 nota
930 1830 1356 1894 essentialiter
1377 1851 1505 1895 non
1537 1829 1915 1917 distinguat.
1962 1831 2023 1895 2.
2056 1831 2239 1913 Quod
2264 1853 2517 1897 omnem
2545 1832 3049 1898 consolationem

104 1924 168 1987 in
225 1919 583 1988 tentatione
621 1918 667 1984 83
697 1917 760 1981 it
789 1920 992 1982 morte
1017 1917 1418 1982 conscientiis
1444 1918 1772 1984 subducat.
1799 1918 1941 1984 Hoc
1962 1921 2238 2004 practice
2263 1919 2722 1985 deducendum.
2747 1918 2897 1984 VH.
2924 1919 3051 1984 At·-

103 2033 236 2095 que
293 2009 454 2074 haec
504 2007 574 2071 in
617 2005 858 2070 directa
893 2005 1186 2089 probatio
1209 2007 1541 2090 septimam
1573 2007 1840 2072 classem
1864 2007 2249 2072 constituere
2272 2009 2506 2092 potest,
2532 2010 2579 2074 ἃ
2602 2008 2905 2091 specialia
2930 2008 3049 2072 ab-

105 2100 310 2164 surda
331 2093 802 2182 quamplurima
824 2098 1042 2158 contra
1067 2091 1460 2178 Scripturam
1493 2094 1540 2160 &
1567 2094 1714 2159 fidei
1737 2095 2104 2180 analogiam
2130 2117 2207 2160 ex
2228 2095 2359 2160 illis
2386 2095 2793 2182 generalibus
2816 2095 3041 2160 deduci

104 2191 224 2252 aut
249 2187 370 2251 sub
395 2184 524 2249 illis
551 2181 856 2248 subsumi.
904 2179 1085 2246 VHI.
1133 2181 1238 2246 Ex
1263 2181 1613 2247 abundanti
1646 2183 1833 2268 adjici
1857 2188 2069 2267 potest
2100 2182 2479 2270 universalis
2502 2183 2701 2248 totius
2728 2181 3037 2248 Christia-

106 2275 329 2354 nismi,
352 2278 496 2338 tum
517 2271 765 2355 antiqui
789 2274 929 2335 tum
954 2269 1241 2334 hodierni
1266 2292 1640 2336 consensus:
1676 2271 1828 2356 quin
1876 2272 2069 2336 etiam
2094 2294 2172 2336 ex
2197 2270 2616 2336 Ethnicorum
2640 2271 3041 2356 aliorumque

105 2369 560 2430 extraneorum
597 2358 951 2444 Theologia
981 2358 1058 2422 de
1081 2357 1454 2424 necessitate
1487 2359 1908 2445 purgationi8‚
1936 2361 1982 2427 83
2006 2359 2391 2445 expiationis
2414 2363 2817 2444 peccatorum
2842 2380 3040 2448 argu-

105 2456 402 2519 mentum
428 2448 685 2532 aliquod
709 2448 788 2512 ad
810 2447 1136 2513 hominem
1159 2451 1571 2532 proponatur.
1622 2448 1786 2514 Vide
1825 2470 1990 2533 quae
2013 2449 2081 2513 in
2107 2448 2275 2514 hunc
2299 2449 2491 2514 finem
2516 2447 2793 2513 indicata
2826 2453 2977 2517 sunt
3003 2452 3043 2513 a

109 2542 353 2620 Grotio,
393 2538 478 2605 ad
505 2540 697 2627 finem
733 2536 877 2602 libra·
898 2537 974 2603 de
999 2537 1437 2622 satisfactione,
1464 2536 1510 2602 ἃ
1534 2535 1901 2603 conferatur
1924 2536 2087 2603 liber
2112 2538 2333 2603 Johan.
2366 2537 2683 2605 Guilielmt‘
2706 2536 2944 2603 Stuckii
2967 2536 3044 2602 de

111 2629 441 2717 sacrificiis
470 2626 827 2694 Gentilium.

198 2716 270 2787 3.
319 2714 605 2783 Secunda
657 2712 1085 2781 Controversia
1131 2713 1443 2796 capitalis,
1491 2735 1656 2798 quae
1687 2712 2176 2779 Christianismo
2206 2734 2350 2779 cum
2376 2713 2757 2798 quibusdam
2778 2714 3037 2779 hetero-

103 2806 291 2871 doxis
316 2802 940 2891 (Remonstrantibus
963 2800 1096 2866 scil.
1123 2802 1190 2865 in
1214 2799 1462 2886 Belgio,
1489 2798 1664 2866 Viris
1687 2801 1892 2866 sinon
1917 2800 2311 2881 Socinianae,
2336 2803 2566 2867 saltem
2583 2801 2813 2867 dubiae
2832 2800 3045 2867 Theo-

105 2895 346 2980 logiae)
395 2889 748 2970 intercedit,
797 2893 894 2955 est
931 2889 1008 2955 de
1033 2889 1259 2954 merito
1292 2887 1532 2954 Christi
1553 2910 1668 2974 pro
1691 2889 1898 2970 nobis,
1924 2889 2044 2955 hoc
2069 2894 2187 2971 est,
2215 2891 2349 2955 vice
2381 2890 2427 2956 ἃ
2450 2891 2588 2955 loco
2611 2895 2848 2967 nostre,
2876 2893 2923 2958 ἃ
2946 2892 3041 2956 sic

105 2983 176 3046 in
230 2983 472 3046 bonum
493 2982 782 3045 nostrum
805 2977 1142 3043 actualiter
1164 2977 1492 3061 praestito,
1518 3000 1630 3041 seu
1656 2977 1730 3041 de
1755 2977 2191 3043 satisfactione
2215 2979 2405 3062 plena
2426 3000 2501 3044 ac
2530 2979 2783 3064 proprie
2808 2979 3046 3044 dictaaea

105 3070 368 3137 Christo
390 3066 724 3152 Sponsore,
751 3066 888 3131 loco
909 3069 1126 3130 nostro
1148 3064 1438 3149 justitiae
1470 3064 1721 3130 divinae
1743 3067 2075 3150 praestita.
2122 3064 2227 3131 Illi
2252 3065 2753 3133 satisfactionem
2778 3069 2825 3134 δι
2853 3068 3045 3132 meri-

105 3163 250 3223 tum
295 3156 538 3223 Christi
584 3156 674 3221 sic
715 3153 1054 3239 accipiunt,
1099 3154 1284 3237 quasi
1307 3153 1471 3217 nihil
1497 3153 1670 3218 aliud
1694 3153 1780 3217 sit
1811 3175 2005 3238 quam
2037 3155 2238 3237 partis
2262 3155 2541 3219 offensae
2566 3155 2716 3219 talis
2741 3156 3042 3239 placati0,

107 3251 238 3332 qua
287 3245 526 3311 offenso
571 3244 877 3308 hactenus
923 3241 1174 3320 satisfit,
1203 3245 1275 3306 ut
1299 3241 1366 3305 in
1389 3240 1666 3327 gratiam
1692 3241 1896 3307 redire
1924 3242 2097 3319 velit,
2124 3262 2267 3307 cum
2292 3264 2389 3323 ec,
2414 3243 2525 3328 qui
2548 3243 2833 3321 offendit,
2860 3245 2907 3309 &
2931 3264 3046 3326 per

105 3356 308 3419 quam
352 3332 642 3399 Christus
687 3330 824 3397 Deo
857 3330 1034 3394 Patri
1050 3330 1154 3413 jus
1179 3329 1224 3395 δι
1255 3330 1651 3395 voluntatem
1675 3330 2085 3414 acquisiverit
2106 3353 2342 3396 novum
2366 3330 2588 3395 foedus
2612 3331 2871 3395 ineundi
2898 3352 3043 3395 cum

105 3422 500 3489 hominibus.
548 3422 628 3487 In
670 3420 820 3486 actis
865 3418 1104 3505 Synodi
1151 3418 1502 3485 Nationatis
1551 3418 1935 3483 Dordracen.
1963 3419 2035 3484 in
2056 3420 2341 3504 explicat.
2368 3421 2543 3485 artic.
2577 3418 2640 3482 2.
2673 3416 2749 3481 In
2770 3420 3037 3503 consess.

105 3533 249 3599 cap.
300 3511 361 3576 8.
391 3511 426 3595 5
459 3510 518 3574 9.
546 3508 757 3573 collat.
781 3528 928 3572 cum
957 3505 1260 3592 Apoloqia
1283 3527 1417 3591 cap.
1445 3506 1506 3571 8.
1532 3506 1589 3591 5.
1616 3506 1676 3571 9.
1703 3504 1889 3572 Unde
1914 3511 2281 3590 sequeretur
2305 3505 2631 3572 Christum
2656 3505 2838 3591 [pag.
2874 3505 3037 3591 234]

105 3622 334 3667 revera
355 3597 737 3683 Sponsorem
759 3598 1045 3660 nostrum
1068 3616 1194 3659 non
1217 3594 1435 3674 fuisse,
1460 3616 1576 3660 nec
1599 3594 1734 3659 loco
1759 3598 1975 3659 nostro
1999 3616 2277 3679 passum,
2302 3615 2418 3659 nec
2439 3593 2623 3658 nobis
2644 3593 2863 3677 propri
2888 3593 3041 3676 quid

107 3686 522 3773 acquisivisse
569 3690 682 3751 aut
727 3684 1122 3769 impetrasse,
1167 3704 1284 3749 nec
1329 3682 1398 3747 in
1444 3703 1624 3748 cruce
1676 3704 2011 3768 personam
2059 3684 2401 3747 electorum
2430 3680 2839 3745 sustinuisse:
2872 3682 3041 3766 quod

108 3780 506 3862 postremum
547 3774 708 3839 haut
753 3773 1016 3837 obscure
1049 3771 1277 3836 asserit
1302 3772 1610 3838 Corvinus
1631 3790 1766 3856 cap.
1808 3771 1913 3836 27.
1941 3772 1998 3856 5.
2023 3770 2083 3834 6.
2114 3769 2181 3836 ἃ·
2202 3770 2305 3833 28.
2332 3770 2391 3855 5.
2424 3770 2529 3833 30.
2576 3768 2673 3832 De
2699 3768 3042 3853 acceptila-

107 3867 286 3931 tione
311 3870 356 3927 ἃ
385 3866 570 3948 pacto
592 3860 760 3927 inter
782 3859 1107 3926 Christum
1137 3882 1211 3923 ac
1233 3858 1490 3924 Patrem
1515 3858 1672 3923 inito
1697 3859 1904 3927 Jacob.
1930 3859 2265 3924 Arminius
2292 3858 2361 3922 {n
2382 3858 2557 3923 artic.
2579 3856 3039 3942 perpendendis

107 3976 260 4041 paq.
307 3952 457 4016 963.
480 3952 554 4017 in
591 3950 654 4015 8.
679 3949 888 4015 collat.
917 3970 1060 4013 cum
1083 3968 1244 4032 resp.
1277 3949 1362 4014 ad
1383 3948 1559 4013 artic.
1586 3948 1690 4013 31.
1716 3947 1779 4014 ἃ·
1801 3948 1906 4011 34.
1949 3947 2222 4013 Vorstius
2250 3946 2323 4010 in
2344 3947 2599 4030 cataloq.
2623 3965 2913 4010 errorum
2939 3944 3043 4009 Si-

112 4041 348 4108 brandi
387 4040 536 4126 paq.
583 4039 689 4104 31.
739 4038 844 4102 38.
894 4038 999 4101 61.
1049 4037 1154 4101 68.
1204 4036 1248 4103 δι
1302 4038 1551 4102 Parasc.
1599 4056 1762 4121 resp.
1803 4036 1890 4100 ad
1937 4035 2316 4101 Piscatorem
2356 4053 2503 4119 paq.
2540 4032 2644 4096 25.
2673 4034 2720 4098 8⁶
2749 4034 3043 4098 Oratione

111 4132 368 4217 Apoloq.
415 4148 557 4216 paq.
607 4127 712 4190 47.
759 4124 1056 4190 Breviter
1098 4126 1168 4190 in
1203 4124 1523 4203 Catechesi,
1548 4124 1951 4208 consessione,
1979 4125 2025 4189 a
2050 4122 2311 4207 liturqia
2340 4119 2657 4206 Baptismi
2678 4142 2751 4185 ac
2784 4118 3039 4201 Comme,

111 4221 270 4285 item
313 4227 710 4303 aeqrotorum
731 4214 1150 4281 consolatione
1171 4214 1450 4279 studiose
1474 4211 1599 4277 sibi
1620 4216 1844 4277 cavent
1870 4209 2391 4275 Remonstrantes
2418 4212 2457 4273 a
2479 4230 2629 4274 voce
2652 4206 3041 4273 satisfactio-

110 4309 242 4387 nis;
291 4328 408 4371 nec
434 4304 652 4371 dicunt
674 4302 1002 4368 Christum
1025 4301 1386 4368 obedientia
1409 4322 1526 4367 sua
1548 4300 1855 4365 meruisse
1876 4300 1922 4365 a
1950 4297 2273 4383 peperisse
2295 4296 2478 4362 nobis
2502 4296 2975 4362 immunitatem
3000 4301 3040 4361 a

111 4393 635 4462 condemnatione
683 4394 729 4460 ἃ
751 4391 1107 4477 praemium
1131 4390 1300 4457 vitae
1323 4394 1623 4540 aeternpg
1634 4388 1802 4474 quod
1825 4392 2042 4452 tamen
2058 4386 2323 4471 antiqua
2337 4384 2625 4451 Ecclesia
2638 4387 2685 4453 δι
2699 4385 3040 4536 Ιιοᾶὰθιὲῃαο

2827 4494 2898 4538 re
2927 4494 3039 4535 or-
