3694 4871
926 237 2317 305 DoeuartsnnSS.T31N1⁷1-Arr.
2987 246 3070 309 87

145 426 401 491 culiares
445 450 602 491 usus
653 427 840 511 hujus
881 427 1196 509 dogmatis
1221 427 1616 512 agnoverint.
1643 426 1813 492 Hinc
1837 429 1973 511 ejus
2005 428 2322 511 dogmatis
2348 429 2656 513 professio
2685 428 3067 515 exigebatur

147 517 182 577 ῐι
216 514 611 599 baptizandis
642 517 810 602 (vide
843 516 1098 600 Disput.
1127 517 1202 579 de
1225 516 1514 602 Symbolo
1539 518 1872 600 apostolico
1906 518 2054 582 thes.
2086 520 2143 581 2.
2171 520 2217 583 ἃ
2242 530 2486 583 autores
2510 518 2595 582 ibi
2622 518 2753 603 cit.)
2786 520 3069 583 rudiores

147 603 218 665 de
263 626 338 667 eo
386 605 966 681 catechizabantur,
1016 605 1184 687 quod
1233 605 1424 669 etiam
1459 606 1798 670 sarcastice
1822 606 1979 689 ipsis
2005 607 2225 689 objicit
2248 608 2565 673 Lueianus
2592 608 2663 671 in
2694 608 3067 693 philopatri.

150 692 442 767 Quamvis
491 694 758 758 lat-obus
801 695 1088 778 Micyllus
1115 694 1183 757 in
1214 695 1380 758 notis
1406 694 1540 757 suis
1559 695 1645 759 ad
1675 696 2030 759 Lucianum
2058 696 2321 759 dubium
2346 700 2627 771 moveat3
2653 718 2735 759 an
2757 700 3068 761 tractatus

149 780 250 845 ille
297 783 382 845 sit
412 781 701 846 Luciani.
749 780 870 847 Sed
895 782 1142 846 nullam
1173 783 1507 846 dubitandi
1533 783 1846 847 rationem
1875 784 2149 848 adducit.
2199 783 2447 860 Preces,
2472 784 2518 849 &
2544 785 2916 869 doxologiae
2938 808 3069 869 pu-

151 869 306 933 blice
353 872 594 935 fiebant
643 871 720 935 ad
747 893 1048 955 personas
1075 869 1412 935 Trinitatis
1438 872 1819 954 conjunctim
1847 873 1893 937 δι
1920 872 2183 937 seorsim
2206 897 2219 947 ς
2248 877 2321 936 ut
2352 874 2652 956 colligere
2678 877 2776 937 est
2798 895 2876 937 ex
2899 894 3071 959 sym-

147 956 272 1023 bolo
317 960 671 1025 Athanasii.
725 959 1003 1043 liturgiis
1056 962 1100 1025 δε
1156 959 1570 1043 scriptoribus
1621 960 1967 1043 liturgicis3
2016 961 2273 1045 hymnis
2298 965 2437 1025 tum
2464 962 2905 1027 ecclesiasticis
2928 968 3068 1027 tum

151 1046 406 1127 privatis
454 1049 520 1112 in
569 1049 773 1112 filium
802 1053 914 1112 aut
951 1048 1246 1130 spiritum
1273 1071 1347 1126 3.,
1376 1048 1543 1112 inter
1566 1071 1723 1131 quos
1749 1050 2045 1113 celebris:
2098 1050 2240 1115 Veni
2261 1062 2501 1115 crea-tor
2522 1051 2805 1134 spiritu-3,
2841 1052 3071 1116 Mentes

147 1147 392 1201 tuorum
421 1138 520 1202 ἃς..
549 1138 638 1201 Et
672 1136 962 1220 Hymnus
997 1137 1349 1201 Ambrosii:
1377 1138 1519 1201 lam
1544 1138 1696 1202 lueis
1722 1150 1857 1203 orto
1883 1139 2100 1220 sydere
2122 1141 2247 1215 διο..
2282 1140 2327 1204 δι
2355 1139 2519 1203 alius
2548 1139 2831 1221 ejusdem
2857 1160 2872 1202 :
2905 1141 3063 1205 Con-

147 1224 308 1289 ditor
351 1228 513 1291 alme
567 1226 866 1309 syderum
916 1228 1014 1291 810.
1064 1226 1152 1290 Et
1176 1226 1340 1289 alius
1366 1227 1680 1307 ejusdem:
1730 1228 1873 1291 Veni
1896 1227 2204 1293 redemtor
2232 1229 2573 1293 Gentilium
2597 1228 2698 1293 διο.
2733 1230 2781 1294 δι
2803 1228 3061 1293 incerti:

157 1314 210 1376 T
205 1334 243 1375 u
267 1316 566 1380 trinitatis
589 1318 812 1379 ‘unitas
847 1312 960 1379 850.
987 1314 1072 1379 Et
1097 1315 1260 1379 alius
1285 1316 1528 1390 incerti,
1564 1317 1740 1381 Deus
1762 1328 2001 1381 creator
2025 1318 2311 1381 omnium
2344 1319 2445 1382 Sic.
2470 1316 2559 1381 Et
2582 1317 2777 1381 alius:
2809 1318 2865 1382 0
2884 1329 3068 1401 pater

149 1414 364 1477 sancte,
415 1405 581 1469 mitis
623 1416 808 1490 atque
849 1405 950 1486 pie
996 1406 1095 1469 Sic.
1145 1404 1192 1468 δι
1239 1404 1490 1468 Bedae:
1528 1406 1747 1469 Primo
1780 1406 1953 1470 Deus
1986 1407 2134 1470 coeli
2161 1405 2411 1491 9lobum
2446 1404 2559 1471 dfe.
2584 1404 2672 1469 Et
2697 1403 3061 1471 Prudentii:

155 1491 246 1553 Da
289 1514 446 1576 puer
494 1496 805 1577 plectrum
853 1494 955 1557 &c.
989 1493 1034 1557 &
1083 1492 1373 1556 Paulini:
1435 1495 1712 1577 Hesulyet
1736 1495 1914 1558 omni
1938 1496 2069 1559 luce
2090 1496 2375 1561 mundus
2397 1496 2594 1561 aureti
2619 1496 2718 1559 &a
2770 1493 2857 1581 Et
2882 1494 3061 1559 Ano-

153 1582 353 1663 uymi:
405 1582 634 1649 Adesto
682 1593 898 1646 sancta
940 1582 1235 1646 Trinitas.
1263 1580 1399 1645 Hos
1427 1581 1713 1665 aliosque
1745 1582 2017 1664 hymnos
2042 1583 2184 1647 vide
2208 1584 2505 1647 collectos
2538 1586 2577 1646 ὲ.
2606 1583 2770 1648 Lud.
2798 1584 3053 1649 Cliehto·

155 1688 249 1731 veo
271 1692 408 1733 cum
438 1671 933 1747 commentariis,
959 1671 1024 1733 in
1050 1671 1213 1734 libro
1238 1670 1338 1734 cui
1363 1670 1463 1733 tit.
1494 1672 2017 1736 Elueidiatorium
2048 1674 2539 1737 Ecclesiasticum
2565 1671 2675 1737 ἂὉ.
2700 1670 2854 1735 Post
2869 1694 3061 1756 quem

155 1756 310 1821 idem
354 1762 398 1825 8c
444 1760 556 1824 alii
584 1760 1062 1844 praestiterunt,
1095 1760 1262 1822 inter
1293 1781 1450 1839 quos
1479 1761 1783 1843 Georqius
1818 1761 2173 1825 Cassander
2202 1761 2275 1825 in
2299 1760 2654 1845 Lituryicis,
2680 1759 2792 1823 ubi
2816 1761 2863 1825 a
2894 1761 3063 1825 notis

156 1866 254 1909 eos
277 1846 634 1913 illustravit.
671 1848 835 1912 Vide
860 1850 906 1913 s
932 1847 1366 1914 Prudentium
1391 1849 1461 1911 in
1481 1849 1748 1932 praefat.
1775 1850 2161 1933 apotheosi-33
2186 1850 2232 1914 δι
2253 1850 2324 1913 in
2346 1850 2489 1932 ipst‘i
2518 1848 2855 1931 apotheosi.
2888 1847 3066 1914 Inter

159 1935 383 2000 mediae
410 1938 642 2001 aetatis
669 1936 1006 2019 scriptores
1036 1936 1430 2001 Hildebertus
1455 1937 1632 2019 pium
1659 1936 1969 2021 hymnum
1996 1940 2071 2001 de
2097 1936 2415 2001 Trinitate
2440 1937 2841 2019 conscripsit:
2869 1959 3061 2021 quem

157 2023 286 2087 vide
335 2028 496 2107 apud
524 2026 987 2113 ‚Honsdorfium
1014 2026 1084 2089 in
1116 2024 1377 2090 Tlteatro
1401 2027 1486 2089 ad
1511 2028 1571 2089 3.
1595 2047 1802 2110 praec.
1828 2027 1938 2089 ubi
1964 2027 2120 2091 citat
2160 2026 2543 2091 Vincentium
2570 2026 3061 2091 Bellonae-ensem

159 2110 252 2174 lib.
304 2115 399 2176 25.
432 2136 480 2179 e.
513 2116 658 2177 114.
701 2114 1078 2181 possevinus
1109 2115 1178 2178 in
1211 2126 1531 2198 apparat-u
1555 2135 1732 2180 sacro
1756 2116 1825 2178 in
1858 2116 2271 2192 Hildebertus,
2298 2116 2391 2178 ait
2415 2114 2686 2197 hymnos
2708 2113 2855 2178 illos
2880 2114 3059 2179 inve-

161 2199 268 2262 niri
313 2204 468 2285 apud
511 2204 862 2268 Antonium
913 2204 1344 2287 (Vim-entium
1399 2202 1602 2267 voluit
1647 2203 1880 2285 dicere)
1922 2205 2155 2287 sepecuti
2177 2204 2318 2268 hist.
2347 2205 2434 2268 tit.
2469 2203 2571 2266 16.
2596 2223 2644 2267 c.
2672 2204 2731 2266 3.
2758 2200 2883 2267 Sed
2906 2202 3059 2286 quia

167 2284 510 2356 Vincentius
557 2293 638 2355 ad
685 2314 944 2357 manum
971 2314 1098 2355 non
1134 2296 1263 2355 est:
1321 2292 1628 2355 lectorum
1653 2292 2004 2356 industriae
2038 2293 2243 2357 locum
2272 2291 2718 2376 inquirendum
2742 2290 3055 2373 relinquo.

158 2375 376 2451 Quibus
429 2380 550 2446 hoc
601 2404 724 2446 non
773 2384 977 2458 vacat,
1012 2382 1230 2465 legant
1257 2380 1490 2445 eumin
1519 2380 1888 2470 Honsdorfii
1922 2382 2204 2447 Theatra.
2238 2380 2296 2446 N
2304 2403 2387 2444 on
2418 2402 2621 2465 pauca
2647 2379 2863 2458 etiam,
2890 2402 3055 2464 quae

157 2463 266 2530 huc
287 2469 536 2546 faciant,
571 2471 862 2554 conquiri
885 2474 1152 2554 possunt
1177 2493 1254 2535 ex
1279 2471 1685 2553 scriptoribus
1710 2470 1784 2535 de
1809 2472 2063 2536 Divinis
2087 2471 2324 2559 officiis,
2356 2493 2481 2534 uno
2508 2469 2830 2533 volumine
2864 2467 3054 2533 Colo-

159 2554 282 2620 niae
329 2560 512 2623 1568.
555 2560 744 2623 editis
771 2581 882 2643 per
913 2560 1306 2642 llistorpium
1327 2584 1349 2635 ,·
1373 2559 1483 2642 qui
1508 2559 1700 2622 iidem
1725 2560 1974 2623 collecti
2006 2565 2249 2624 tomum
2275 2559 2521 2623 faciunt
2546 2558 2612 2621 in
2638 2558 2909 2624 biblioth.
2934 2579 3054 2641 pa-

160 2653 306 2708 trum
343 2650 616 2734 Maryar.
642 2649 718 2712 de
745 2649 806 2714 la
833 2649 1050 2731 Biqne.
1108 2648 1385 2712 Exstant
1417 2647 1611 2712 etiam
1644 2649 1961 2730 Liturqiea
1994 2648 2245 2716 Claudii
2272 2649 2348 2714 de
2378 2649 2675 2714 Sainetes.
2720 2647 2809 2710 Et
2830 2648 3053 2713 Licur-

155 2733 276 2812 9iae
300 2737 694 2816 Graec-ovum,
724 2737 1054 2823 Syrorum,
1085 2738 1582 2812 Armotriorum,
1616 2737 2051 2821 Cophtitarum
2079 2738 2259 2824 [pag.
2289 2737 2452 2822 484]
2475 2759 2584 2801 seu
2602 2737 3051 2821 Aeqyptiorum

159 2821 243 2885 διο..
290 2847 443 2907 quae
501 2849 722 2890 omnes
770 2826 1093 2890 celebrant
1139 2824 1522 2889 Trinitatem
1568 2825 1634 2888 in
1684 2827 1950 2890 unitate.
2002 2826 2433 2893 Nazianzenus
2481 2829 2642 2890 sent.
2670 2825 2824 2908 spir.
2854 2825 2961 2889 lib.
2992 2826 3051 2889 3.

161 2909 354 2971 Πάντα
390 2913 498 2989 μὲν
522 2913 634 2974 αἰὲν
660 2913 876 2988 ἄριστα
917 2918 1017 2981 &c.
1066 2914 1186 2978 hoc
1240 2918 1356 2990 est,
1403 2915 1655 2998 Optima
1693 2935 1971 3002 quaeque
2001 2915 2159 2980 decet
2186 2915 2491 2980 divinitus
2514 2915 2690 2979 edere
2710 2916 2895 2999 fact-a,
2925 2914 3054 2978 Im-

155 2999 358 3079 primis
392 3004 652 3068 Truzdos
676 3005 783 3069 sed
812 3005 1170 3069 meminisse
1199 3024 1430 3068 sacrae.

524 3179 703 3246 Idem
727 3181 792 3245 in
825 3183 1095 3265 praefat.
1122 3189 1196 3245 ad
1224 3181 1506 3246 carmina
1531 3204 1679 3246 sua:
1707 3173 1843 3241 Οἴου
1866 3179 1992 3255 ἐμοὶ
2012 3179 2193 3256 κτεάρ
2212 3178 2383 3241 ἔσκεν
2406 3181 2506 3245 διο.
2531 3180 2653 3245 hoc

1080 3275 1177 3335 est
1199 3271 1546 3353 interprete
1569 3270 1719 3335 Joh.
1746 3270 2001 3354 Lango:

749 3450 822 3514 In
848 3449 1031 3514 rebus
1063 3449 1265 3524 duris,
1295 3450 1498 3514 luctus
1524 3451 1806 3513 solamen
1827 3449 2050 3527 acerbi,

844 3539 1056 3604 Unum
1077 3539 1493 3622 praesidium,
1519 3559 1658 3621 spes
1683 3539 1806 3622 fuit
1838 3558 1976 3601 una
2000 3537 2179 3612 onitu,

840 3629 1206 3694 Communis
1229 3627 1527 3710 splendor
1560 3627 1810 3691 Triadis
1834 3627 1945 3691 ac.
1971 3626 2059 3690 Et
2081 3627 2147 3689 in
2172 3625 2332 3687 fine:

750 3719 804 3782 Ο
823 3717 984 3781 mihi
1014 3717 1092 3781 sit
1110 3728 1346 3799 parata
1387 3718 1442 3780 Τ
1436 3717 1587 3792 rias,
1614 3737 1788 3781 nune
1809 3715 2093 3794 undique
2118 3714 2250 3780 telis

840 3807 1048 3888 Quam
1069 3807 1332 3890 pulsant
1349 3829 1368 3868 .·
1395 3804 1620 3871 bellu-m
1647 3805 1976 3889 supprime
1996 3815 2213 3869 saneta
2256 3803 2453 3867 Trias.

235 3975 296 4042 ln
345 3987 485 4046 voto
532 3986 578 4050 8⁶
617 3983 982 4066 juramento
1029 3982 1368 4066 episcopali
1417 3982 1825 4066 peculiariter
1866 4003 2147 4046 amorem
2180 4000 2365 4044 suum
2390 3978 2670 4041 declarat
2694 3998 2852 4061 erga
2879 3978 3044 4042 veri-

165 4065 326 4132 tatem
352 4071 424 4136 de
449 4070 766 4161 Trinitate
788 4055 1088 4146 :''ss,a0⁰·ot
1111 4069 1220 4129 τὲν
1240 4073 1424 4144 λόγον
1449 4073 1548 4137 &c.
1578 4071 1642 4136 h.
1667 4093 1723 4134 e.
1749 4071 2099 4154 interprete
2123 4068 2167 4133 J
2170 4069 2359 4132 ohan.
2387 4065 2607 4152 Lango
2631 4086 2782 4150 pag.
2812 4067 2916 4130 50.
2937 4067 3047 4132 51.

747 4250 872 4315 Per
891 4250 1148 4315 verbum
1159 4251 1336 4334 jum,
1357 4270 1476 4333 per
1504 4269 1746 4314 numen
1768 4249 1987 4313 scilicet
2012 4249 2253 4331 inqens,

831 4339 1150 4423 Principis
1179 4340 1414 4404 aeterni
1435 4339 1947 4422 principiumque
1970 4336 2211 4413 Patris,
2816 4423 3015 4488 Arche
