3694 4871
582 246 712 310 264
919 245 1132 312 D1sp.
1180 243 1292 309 IX.
1340 242 1452 308 Du
1499 241 1752 307 S'rAru
1799 241 2277 308 Enec'roaun
2322 263 2507 306 Ama
2554 242 3177 308 Conveasxonzn.

582 436 766 497 turae
790 432 870 498 ad
893 433 1084 498 fidem
1117 435 1162 500 81
1185 429 1684 516 resipiscentiam
1714 429 2027 494 actualem
2062 429 2514 512 perducuntur.
2566 429 2827 496 Priores
2864 435 3020 495 sunt
3050 431 3189 494 nati
3216 429 3523 497 &edueati

581 521 682 586 vel
716 526 898 586 extra
931 522 1282 600 ecclesiam,
1309 520 1409 584 vel
1432 519 1605 583 intra
1632 539 1794 583 eam.
1842 516 1941 582 De
1974 519 2317 597 extraneis,
2352 518 2586 584 adultis
2610 517 2657 582 8z
2682 519 2749 582 in
2774 524 3041 603 peccato
3065 519 3445 584 viventibus
3464 540 3525 582 ae

585 610 1006 675 morientibus
1029 611 1199 676 idem
1215 609 1627 694 judicandum
1650 607 1818 690 quod
1851 606 1927 671 de
1958 605 2105 670 aliis
2128 608 2423 673 omnibus
2454 607 2819 672 infidelibus
2845 610 2893 674 a
2926 607 3527 692 impoenitentibus:

585 700 662 763 de
689 700 1008 764 extraneis
1032 721 1182 763 vero
1206 697 1560 762 infantibus
1583 695 1651 760 in
1673 695 1953 759 infantia
1980 694 2418 775 morientibus,
2444 697 2613 760 idem
2638 697 3056 762 statuendum
3080 699 3263 780 quod
3300 697 3381 762 de
3402 697 3528 760 aliis

585 787 942 852 infantibus
975 785 1347 852 Gentilium.
1397 784 1494 849 De
1547 783 1889 849 foederatis
1928 785 1975 850 &
2002 783 2173 848 intra
2196 785 2527 850 ecclesiam
2551 785 2743 858 natis,
2768 787 2823 849 si
2850 787 2917 849 in
2942 786 3234 850 infantia
3262 785 3529 851 morian-

585 881 712 954 tur,
758 877 925 940 idem
976 875 1330 949 dicendum,
1378 873 1546 957 quod
1590 893 1790 957 supra
1816 872 2017 957 probl.
2069 873 2175 937 25.
2222 871 2321 938 De
2356 873 2697 938 foederatis
2728 873 2775 938 &
2798 875 2975 938 intra
3000 877 3357 940 ecclesiam
3380 875 3529 938 natis

587 967 780 1048 atque
813 965 1114 1038 educatis,
1141 963 1455 1047 siquidem
1479 960 1862 1037 ἀπρόσκοπον
1884 961 2342 1026 conscientiam
2388 984 2601 1028 coram
2646 961 2785 1027 Deo
2810 964 2858 1028 ἃ
2890 962 3284 1028 hominibus
3308 963 3531 1028 retine-

590 1057 722 1131 ant,
771 1055 817 1118 &
863 1052 944 1117 ad
988 1053 1273 1136 aliquam
1320 1049 1644 1136 euangelii
1680 1050 2111 1134 cognitionem
2136 1072 2249 1132 per
2271 1051 2457 1135 signa
2480 1051 2759 1114 sermoni
2784 1052 3303 1135 aequavalentia
3324 1051 3531 1118 adduci

589 1141 855 1224 possint,
903 1144 949 1208 81
993 1141 1183 1205 fidem
1213 1163 1394 1205 suam
1440 1139 1574 1203 suis
1627 1139 1830 1224 signis
1875 1139 2153 1203 vicissim
2201 1139 2651 1222 profiteantur3
2700 1140 2869 1205 nihil
2916 1141 3098 1206 aliud
3114 1141 3533 1224 judicandum

592 1251 786 1313 quam
817 1231 892 1294 de
917 1230 1062 1295 aliis
1089 1228 1383 1294 fidelibus
1409 1229 1597 1292 fidem
1625 1249 1806 1291 suam
1830 1249 1938 1292 ore
1964 1229 2007 1294 &
2040 1248 2230 1310 opere
2253 1227 2721 1311 profitentibus,
2771 1227 2945 1294 Hinc
2972 1233 3093 1304 est,
3146 1231 3335 1312 quod
3356 1231 3533 1295 etiam

591 1319 754 1382 tales
777 1319 953 1383 surdi
977 1318 1320 1402 aliquando
1345 1317 1424 1381 ad
1448 1337 1678 1381 coenae
1701 1315 2213 1380 communionem
2238 1316 2498 1382 admissi
2521 1316 2669 1380 sint.
2721 1316 2961 1382 Confer
2986 1321 3259 1384 Melam.
3284 1320 3378 1382 in.
3402 1339 3533 1382 61111-

589 1407 748 1473 siliis
797 1420 964 1491 parc.
995 1409 1054 1470 1.
1075 1429 1146 1492 p.
1172 1406 1326 1472 268.
1351 1407 1396 1472 81
1419 1416 1585 1490 part.
1613 1407 1674 1468 2.
1687 1426 1754 1489 p.
1773 1405 1924 1469 284.
1973 1403 2049 1468 In
2072 1403 2341 1468 historia
2364 1405 2655 1470 lanienae
2672 1427 2788 1488 per
2814 1405 3201 1472 Pontificios
3228 1408 3533 1472 exercitae

589 1496 658 1559 in
689 1496 856 1560 valle
904 1494 1133 1561 Telina
1178 1517 1236 1561 a.
1289 1495 1480 1558 1620.
1537 1493 1812 1558 refertur
1836 1493 2202 1576 exemplum
2232 1493 2406 1558 surdi
2432 1496 2479 1560 &
2502 1493 2687 1568 muti,
2712 1495 2827 1576 qui
2852 1500 3133 1560 mortem
3162 1497 3395 1561 subire
3416 1518 3535 1558 1118-

595 1584 737 1661 luit,
763 1605 956 1667 quam
980 1585 1239 1648 mistam
1285 1582 1713 1667 frequentare.
1739 1580 1865 1646 Sed
1890 1582 1945 1646 si
1971 1581 2370 1664 impietatem
2393 1583 2527 1646 vita
2551 1584 2598 1648 &
2619 1583 2909 1648 moribus
2932 1607 3063 1648 non
3086 1586 3535 1668 profiteantur,

593 1694 710 1736 nec
760 1676 976 1737 tamen
1007 1695 1085 1737 ex
1115 1672 1266 1737 ullis
1289 1671 1492 1757 signis
1515 1670 1756 1754 percipi
1793 1669 1997 1753 possit
2028 1691 2135 1734 eos
2166 1670 2611 1752 promissiones
2636 1672 2965 1756 euangelii
2986 1673 3337 1757 percipere
3360 1675 3411 1738 a
3433 1673 3536 1736 fide

595 1761 924 1844 amplecti;
950 1761 1085 1826 sine
1110 1782 1238 1844 qua
1266 1765 1482 1824 tamen
1505 1759 1710 1824 adulti
1733 1758 1969 1823 salvari
1998 1781 2126 1823 non
2158 1763 2456 1842 possunt:
2485 1760 2561 1824 de
2593 1759 2883 1842 ipsorum
2908 1762 3122 1826 salute
3156 1763 3535 1827 censendum

597 1849 852 1935 (saltem
907 1849 1075 1932 quod
1121 1849 1200 1914 ad
1232 1849 1549 1914 defectum
1581 1848 1730 1912 fidei
1777 1847 2048 1912 actualis
2072 1847 2140 1910 111
2164 1847 2539 1931 Christum),
2574 1849 2743 1930 quod
2770 1849 2847 1914 de
2874 1849 3285 1928 infantibus3
3314 1857 3431 1915 aut
3450 1851 3538 1933 ip-

596 1961 812 2004 sorum
843 1961 1036 2003 causa
1081 1937 1204 2002 Dei
1241 1937 1480 2022 judicio
1526 1936 1961 2019 relinquenda.
2010 1935 2099 2000 Et
2128 1935 2280 2000 hinc
2302 1941 2484 2020 patet
2506 1935 2660 2021 quid
2682 1939 3207 2020 respondendum
3236 1941 3325 2004 ad
3356 1961 3539 2023 qnae·

601 2027 893 2093 stionem.
942 2027 1048 2091 An
1096 2027 1265 2090 inter
1286 2027 1508 2091 surdos
1531 2024 1887 2090 foederatos
1912 2026 2095 2089 detur
2124 2025 2353 2090 electio
2377 2029 2423 2092 &
2447 2025 2835 2110 reprobatio,
2862 2027 3190 2110 quomodo
3214 2030 3541 2113 quaeritur

598 2117 675 2180 de
699 2115 1054 2179 infantibus
1079 2114 1460 2180 foederatis
1443 2138 1510 2178 m
1533 2113 1808 2178 infantia
1832 2113 2271 2178 morientibus.
2320 2112 2649 2203 Siquidem
2679 2115 3058 2198 posterioris
3082 2117 3357 2201 generis
3380 2115 3539 2182 surdi

598 2205 746 2282 sint,
795 2204 906 2287 qui
951 2204 1226 2287 positiva
1270 2203 1649 2268 infidelitate
1699 2207 1812 2266 aut
1839 2201 2253 2286 improbitate
2278 2195 2691 2286 reproborum
2727 2225 2859 2268 non
2880 2203 3217 2283 insistant,
3242 2207 3293 2271 ἃ
3320 2229 3393 2270 36
3415 2205 3540 2290 ipso

601 2315 788 2377 opere
839 2315 1060 2356 revera
1098 2297 1290 2374 8111116
1315 2293 1563 2356 interne
1587 2313 1714 2355 non
1737 2291 2095 2356 foederatos
2127 2312 2253 2355 non
2279 2292 2648 2357 ostendant.
2684 2292 2911 2375 utique
2946 2293 3025 2357 de
3058 2293 3311 2358 talibus
3336 2293 3539 2360 foede-

599 2381 777 2461 ratis,
811 2381 1101 2464 quamvis
1126 2380 1211 2446 sit
1235 2381 1518 2447 defectus
1543 2378 1812 2446 actualis
1837 2379 1985 2445 fidei
2018 2378 2337 2445 salvificae
2362 2380 2619 2466 (saltem
2643 2381 2814 2463 quod
2844 2381 2929 2445 ad
2952 2385 3247 2447 nostram
3274 2382 3541 2469 cogniti-

601 2431 816 2553 oneni)
841 2470 1210 2534 malumus
1193 2493 1260 2534 m
1284 2470 1520 2535 bonam
1547 2474 1796 2553 partem
1821 2469 2080 2548 sentire,
2108 2490 2295 2551 quam
2318 2470 2604 2554 reprobis
2622 2489 2731 2534 eos
2756 2492 3117 2536 accensere.
3144 2470 3364 2536 'Nulla
3390 2472 3547 2535 6111111

603 2559 808 2624 3011118
859 2558 1026 2623 ratio
1074 2559 1155 2622 ad
1200 2558 1321 2623 hoc
1359 2558 1669 2641 judicium
1725 2580 1839 2621 uos
1887 2558 2079 2642 cogit.
2128 2555 2196 2621 Si
2250 2556 2395 2641 quis
2420 2559 2607 2623 malit
2628 2562 2841 2621 totum
2865 2558 3032 2623 hoc
3012 2582 3083 2623 111
3108 2561 3329 2625 medio
3358 2561 3545 2625 relin-

601 2670 815 2731 quere,
840 2647 1136 2711 nolumus
1161 2669 1304 2711 cum
1326 2647 1439 2711 illo
1465 2646 1646 2733 [pag.
1673 2646 1837 2731 425]
1862 2647 2261 2711 contendere.
2294 2643 2391 2710 De
2416 2647 2663 2711 surdis
2646 2667 2715 2711 111
2737 2645 2997 2712 foedere
3020 2648 3197 2713 natis
3223 2648 3405 2713 idem
3430 2650 3549 2713 fene

601 2735 830 2800 statuit
856 2736 1172 2819 Alcmyius
1206 2737 1410 2802 Theol.
1445 2736 1705 2813 „elidant
1731 2737 1840 2800 loc.
1872 2734 1974 2797 ll.
1996 2756 2061 2819 p.
2101 2734 2247 2799 181.
2275 2732 2643 2813 Sui-dorum,
2668 2736 2904 2823 inquit,
2931 2736 3065 2801 alia
3087 2736 3285 2819 paulo
3320 2744 3537 2821 (quam

610 2824 990 2902 „infantium
1047 2824 1183 2888 scil.
1231 2827 1278 2892 ἃ
1316 2824 1694 2907 amentium)
1735 2823 1985 2887 videtur
2024 2846 2160 2888 esse
2214 2823 2399 2889 ratio.
2446 2822 2538 2887 Hi
2590 2825 2763 2889 enim
2808 2846 2941 2888 non
2964 2827 3154 2889 modo
3184 2826 3537 2910 participes

611 2913 786 2991 „fieri
808 2917 1075 2996 possunt
1098 2914 1444 2977 vocationis
1468 2914 1776 2991 internae,
1800 2934 2022 2976 verum
2055 2911 2247 2976 etiam
2272 2915 2604 2977 externae.
2639 2936 2767 2976 non
2799 2914 3061 2996 quidem
3087 2936 3205 2997 per
3226 2914 3542 2987 auditum,

613 3002 760 3080 ,3611
804 3024 916 3085 per
959 3000 1188 3080 visum,
1234 3002 1482 3085 quoties
1507 3000 1800 3066 Christus
1833 3000 2169 3065 crucifixus
2202 3022 2413 3065 coram
2438 3002 2807 3087 depingitur
2831 3002 3184 3067 fidelibus
3166 3024 3235 3066 111
3258 3025 3543 3087 euange-

605 3090 694 3154 lio
741 3092 787 3157 81
834 3090 1269 3169 386188168113,
1321 3094 1391 3155 ut
1438 3094 1535 3154 est
1582 3091 1785 3157 Galat.
1837 3092 1895 3153 3.
1938 3091 1994 3153 1.
2023 3088 2153 3153 Ubi
2182 3090 2553 3169 notandum,
2579 3090 2749 3173 quod
2772 3095 2946 3155 recte
2978 3091 3171 3167 dicat,
3196 3092 3547 3175 participes

607 3178 746 3243 fieri
791 3200 974 3261 posse
1032 3179 1378 3243 vocationis
1409 3182 1741 3243 externae:
1791 3200 1939 3242 nam
1966 3199 2206 3256 0181163,
2247 3178 2438 3242 etiam
2464 3201 2590 3242 non
2614 3178 2907 3261 improbe
2932 3180 3246 3255 1111611163,
3270 3180 3357 3244 116
3382 3180 3545 3244 facto

609 3266 951 3352 participes
977 3266 1114 3330 fieri
1147 3290 1263 3350 per
1286 3289 1642 3332 sermonem
1666 3267 2017 3351 signorum,
2043 3266 2352 3331 hactenus
2376 3270 2549 3331 certo
2572 3271 2867 3333 constare
2898 3290 3025 3332 non
3052 3269 3285 3352 potuit.
3338 3267 3547 3333 Maxi·

611 3378 716 3420 ma
761 3354 931 3419 enim
982 3356 1028 3421 &
1073 3354 1208 3419 fere
1239 3355 1710 3438 inexplicabilis
1734 3354 2082 3421 difficultas
2108 3358 2221 3433 est,
2255 3356 2323 3419 in
2346 3356 2669 3440 euangelii
2693 3356 3233 3439 promissionibus
3254 3358 3301 3421 ἃ
3328 3380 3547 3423 neees-

610 3444 779 3508 saria
810 3443 1081 3507 historia
1135 3444 1291 3528 ipsis
1339 3444 1777 3529 significanda.
1823 3442 1909 3508 II.
1972 3446 2221 3526 Quaest.
2260 3441 2424 3519 Quid
2478 3444 2862 3509 censendum
2888 3446 2968 3509 de
2992 3450 3169 3510 statu
3193 3446 3545 3511 amentium

609 3532 1124 3598 foederatorum?
1174 3535 1352 3617 Hesp.
1403 3533 2085 3617 praecognoscendum,
2111 3532 2263 3614 quid
2286 3533 2372 3596 sit
2404 3533 2683 3597 amentia
2714 3555 2814 3617 gr.
2839 3533 3023 3592 ἄνοια.
3056 3533 3251 3619 Apud
3271 3535 3543 3599 medices

612 3620 1032 3704 distinguitur
1077 3621 1317 3685 ablatio
1350 3624 1396 3687 ἃ
1439 3620 1804 3685 imminutio
1844 3620 2325 3705 imaginationis
2350 3624 2397 3687 &
2421 3620 2929 3686 ratiocinationis
2960 3622 3045 3686 ab
3072 3624 3419 3687 earundem
3438 3623 3541 3686 de-

613 3708 1006 3792 pravatione,
1055 3730 1249 3792 quam
1272 3710 1716 3789 παραφροσύνην
1739 3732 1851 3774 seu
1877 3710 2172 3773 delirium
2190 3710 2553 3793 appellant3
2578 3710 2759 3793 cujus
2784 3709 2997 3775 varias
3022 3711 3265 3795 species
3286 3732 3537 3775 enume-

614 3800 778 3860 rant.
825 3795 1130 3861 Amentia
1176 3798 1456 3881 pertinet
1505 3798 1585 3861 ad
1623 3797 2033 3862 ablationem.
2084 3796 2388 3873 Quamvis
2412 3798 2493 3863 ab
2520 3798 2803 3862 amentia
2826 3804 3139 3903 cognatas
3162 3800 3535 3872 affectiones,

615 3906 741 3948 non
767 3907 1016 3967 semper
1040 3891 1330 3951 accurate
1355 3886 1783 3970 distinguant.
1834 3886 2256 3951 communiter
2286 3890 2502 3951 tamen
2526 3888 2875 3952 amentiam
2899 3910 3013 3952 seu
3044 3890 3333 3963 μὼρωσιν,
3360 3888 3429 3953 111
3448 3892 3533 3953 est

616 3972 960 4036 stultitiam
984 3978 1289 4057 tanquam
1324 3996 1675 4075 synonyma
1700 3980 2031 4058 usurpant,
2059 3996 2325 4058 eamque
2357 3975 2686 4054 definiunt,
2718 3996 2867 4041 cum
2886 3976 3237 4078 phantasia
3270 3974 3333 4042 ἃ·
3354 3979 3529 4041 παίο-

616 4061 843 4125 cinatio
876 4062 963 4125 ila
1011 4064 1178 4128 laesa
1199 4074 1305 4141 est,
1329 4075 1401 4128 ut
1425 4084 1535 4127 nec
1554 4064 1876 4148 principia
1898 4075 2237 4149 coynoscal,
2262 4085 2372 4129 nec
2393 4066 2556 4129 ullos
2578 4076 2910 4149 conceptas
2932 4067 3189 4151 yiqnere
3204 4067 3421 4149 possit.
3440 4064 3531 4129 Sic

618 4148 895 4231 epitome
935 4147 1148 4216 Instit.
1207 4150 1535 4227 „Sennerti
1578 4151 1688 4215 lib.
1739 4154 1800 4215 2.
1849 4156 2014 4235 part.
2049 4154 2111 4217 3.
2145 4156 2298 4217 sect.
2334 4154 2394 4216 1.
2422 4174 2557 4235 cap.
2594 4152 2655 4216 7.
2682 4149 2829 4236 Ipse
2854 4154 3253 4220 Sennercus
3228 4176 3297 4219 m
3318 4172 3528 4238 nmque

631 4255 847 4317 „opere
870 4238 978 4299 loc.
1011 4240 1108 4301 cit.
1143 4239 1348 4302 addit.
1375 4240 1668 4323 exempla
1697 4239 1889 4341 houjus
1934 4241 2026 4307 rei
2050 4241 2249 4306 vitam
2282 4263 2681 4306 communem
2720 4242 2967 4326 passim
2990 4243 3419 4327 suppeditare,
3446 4246 3525 4306 at·

635 4342 794 4404 „que
834 4342 941 4385 eos
987 4323 1306 4405 exhibere,
1355 4327 1584 4410 quibus
1631 4328 2055 4407 ratiocinatio,
2105 4328 2445 4413 phantasia
2490 4330 2537 4395 ἃ
2558 4330 2869 4395 memoria
2892 4332 2987 4396 ita
3010 4330 3425 4396 debilitantur
3446 4328 3527 4393 vel

3324 4419 3525 4497 ,etiam
