3694 4871
616 281 743 348 184
853 280 1086 349 D1sr.
1137 277 1286 346 VH.
1332 278 1998 344 Paosnmu'ruu
2044 300 2139 344 nn
2185 277 2549 344 Manli-o
2597 277 2981 344 canisi-1
3028 278 3269 344 Pius
3314 277 3397 342 Π.

696 465 766 536 2.
815 464 867 532 Ι.
915 467 1276 550 Quaeritur,
1321 468 1424 532 An
1445 463 1786 531 rationalis
1814 469 2111 530 creatura
2140 463 2277 530 Deo
2301 467 2623 552 obligetur
2646 465 2691 532 δι
2716 465 2943 530 debeat
2966 463 3429 548 subjectionem
3450 488 3543 530 ra-

608 555 935 636 tionalem,
983 577 1095 620 seu
1122 554 1582 620 obedientiam:
1611 554 1702 620 ita
1741 558 1816 619 ut
1845 554 2155 619 relaxatio
2182 558 2292 618 aut
2317 553 2635 638 exemptio
2658 553 2740 617 ab
2762 553 2883 618 hoc
2902 553 3194 617 naturali
3218 553 3487 625 vinculo,
3507 556 3548 619 ἃ

611 644 692 709 ab
715 644 837 709 hac
863 643 1284 727 dependentia¹
1303 643 1366 708 in
1395 665 1532 708 esse
1555 642 1814 722 morali,
1845 643 2405 708 contradictionem
2430 643 2805 727 implicaret.
2852 641 2939 706 II.
2966 640 3075 706 An
3098 639 3352 705 defectu
3374 641 3545 706 istius

612 732 1030 810 obedientiae,
1083 731 1408 817 obligetur
1453 730 1533 796 ad
1579 731 2167 817 compensationem
2212 731 2563 816 poenalem,
2610 753 2732 794 non
2776 733 3029 794 tantum
3054 751 3135 794 ex
3158 729 3225 792 vi
3256 729 3487 794 decreti
3506 733 3545 795 ἃ

614 819 780 906 legis
830 819 1103 899 divinae,
1153 820 1262 884 sed
1309 819 1504 884 etiam
1552 842 1628 884 ex
1675 819 1740 883 vi
1777 819 2069 904 justitiae
2116 820 2459 884 naturalis:
2494 820 2585 884 ita
2611 823 2684 884 ut
2707 819 3071 902 oppositum
3098 818 3259 901 ejuS,
3286 819 3543 882 exemtio

619 907 758 973 scil.
793 907 874 971 ab
907 907 1032 972 ista
1053 929 1279 992 poena,
1306 908 1352 974 ἃ
1377 907 1669 972 remissio
1692 911 2094 992 peccatorum
2119 908 2255 972 sine
2272 907 2725 986 satisfactione,
2743 906 3121 990 implicaret.
3160 904 3300 970 Nos
3316 911 3540 970 utrum·

619 1017 752 1080 que
799 994 868 1058 in
913 995 1076 1080 disp.
1126 997 1202 1061 de
1240 996 1399 1061 dure
1433 994 1496 1062 ἃ
1518 995 1775 1061 «Iustitia
1798 997 1939 1074 Dei,
1962 1001 2075 1083 aff.
2122 995 2211 1060 Et
2234 1019 2426 1080 supra
2456 995 2871 1060 indicavimus
2903 993 3188 1059 Antores
3222 994 3544 1074 ὁμσψὴφπις,

620 1083 856 1149 saltem
909 1087 1156 1148 exserte
1180 1084 1345 1168 quod
1371 1084 1450 1148 ad
1471 1084 1786 1169 posterius
1819 1083 2030 1148 Probl.
2054 1109 2069 1162 ;
2096 1085 2333 1169 quippe
2355 1084 2583 1168 prioris
2616 1083 2907 1148 distincte
2930 1085 2979 1149 δι
3009 1083 3078 1145 in
3100 1083 3401 1147 terminis
3422 1105 3544 1146 om-

621 1193 738 1236 nes
765 1194 891 1236 non
925 1171 1016 1236 ita
1039 1173 1485 1251 meminerunt,
1509 1174 1798 1256 quamvis
1821 1173 2177 1237 necessario
2200 1171 2831 1257 praesupponendum
2862 1171 2977 1235 sit:
3010 1169 3163 1236 Uno
3188 1170 3365 1234 enim
3386 1171 3547 1234 affir-

623 1264 817 1338 mat0,
859 1262 906 1327 δῦ
952 1261 1223 1326 alterum
1263 1260 1574 1326 affirmari
1612 1261 1818 1340 debet,
1858 1265 1971 1325 aut
2001 1265 2339 1344 utrumque
2362 1261 2607 1346 negari.
2656 1257 2774 1324 III.
2799 1260 2901 1324 An
2922 1263 3267 1343 peccatum
3298 1258 3376 1323 de
3396 1258 3547 1324 facto

619 1352 943 1413 mereatur
987 1371 1257 1434 poenam
1305 1349 1624 1414 infinitam
1643 1352 1673 1413 P
1720 1347 1869 1428 Seu,
1908 1349 2009 1414 An
2050 1371 2127 1414 ex
2152 1349 2215 1414 vi
2239 1349 2370 1414 sive
2394 1349 2707 1414 naturalis
2724 1347 3015 1432 justitiae
3038 1346 3189 1428 Dei,
3218 1347 3357 1410 sive
3378 1347 3549 1412 liberi

625 1435 862 1502 decreti
911 1437 986 1501 de
1040 1437 1171 1501 'ure
1209 1440 1532 1502 mereatur
1553 1440 1668 1502 aut
1691 1437 1922 1501 mereri
1944 1437 2147 1521 possit
2170 1459 2437 1521 poenam
2462 1437 2779 1501 infinitam
2798 1439 2828 1500 P
2877 1437 3059 1520 Resp.
3102 1438 3391 1522 Vasquez
3412 1437 3475 1500 in
3496 1437 3547 1498 1.

626 1525 688 1589 2.
713 1537 944 1612 quaest.
974 1459 1080 1590 Si.
1106 1537 1225 1590 art.
1253 1525 1313 1588 4.
1339 1524 1538 1590 refert
1561 1525 1932 1591 Pontificios
1963 1525 2271 1609 quosdam
2300 1525 2643 1591 affirmare.
2691 1523 2835 1609 Ipse
2859 1528 3100 1603 tamen,
3126 1523 3377 1608 aliique
3400 1547 3549 1588 com-

625 1615 1013 1678 mentatores
1037 1613 1457 1678 communiter
1481 1636 1622 1678 cum
1659 1613 1895 1679 Thomd
1922 1615 2032 1679 loc.
2059 1615 2154 1679 cit.
2180 1618 2440 1698 negant.
2487 1613 2667 1691 Quod
2692 1612 2983 1697 quamvis
3006 1612 3299 1696 objectiue
3320 1612 3553 1676 infinita

626 1701 749 1765 dici
790 1705 1026 1784 posset,
1053 1705 1385 1785 quatenus,
1410 1701 1622 1785 privat
1645 1701 1935 1766 homines
1965 1702 2213 1767 infinito
2243 1702 2427 1778 bon0,
2453 1701 2593 1767 Deo
2617 1702 2751 1766 scil.
2788 1700 3005 1765 Mauh.
3037 1699 3145 1764 25.
3176 1701 3243 1763 2.
3282 1703 3475 1765 mss.
3500 1703 3553 1762 l.

627 1789 688 1852 9.
711 1811 726 1866 3
766 1788 960 1852 etiam
1007 1790 1330 1869 extensive,
1379 1789 1530 1874 quia
1577 1790 1762 1854 durat
1808 1789 1876 1853 in
1922 1794 2285 1855 aeternum:
2335 1789 2597 1854 minime
2644 1793 2857 1854 tamen
2884 1810 3071 1872 posse
3095 1788 3227 1853 dici
3254 1789 3553 1853 infinitam

627 1877 946 1957 intensive,
997 1877 1131 1942 sive
1168 1877 1338 1963 quod
1359 1878 1440 1942 ad
1462 1900 1733 1962 poenam
1767 1877 2002 1957 damni,
2027 1877 2148 1942 hoc
2171 1882 2288 1957 est,
2314 1878 2794 1962 possessionem,
2820 1877 2866 1943 &
2897 1898 3159 1941 sensum
3192 1876 3557 1960 privationis

628 1967 674 2032 ἃ
725 1964 1100 2048 abjectionis
1147 1969 1186 2030 a
1223 1965 1388 2030 facie
1421 1965 1656 2031 infiniti
1685 1966 1858 2043 boni,
1887 1966 1932 2030 δι
1956 1965 2288 2031 tristitiam
2312 1966 2387 2030 de
2420 1989 2529 2042 ea;
2555 1966 2688 2030 sive
2712 1965 2878 2050 quod
2910 1965 2993 2029 ad
3014 1986 3295 2048 poenam
3330 1987 3555 2042 sensus,

627 2053 844 2139 ignem
889 2053 1024 2118 scil.
1073 2053 1175 2118 vel
1220 2053 1567 2119 cruciatum
1617 2053 2016 2120 infernalem.
2064 2054 2295 2119 Confer
2325 2055 2644 2120 Amesium
2678 2075 2788 2138 per
2819 2052 3306 2118 distinctionem
3332 2053 3557 2117 concise

627 2140 726 2206 ita
772 2139 1304 2206 determinantem
1351 2142 1458 2208 lib.'
1495 2143 1552 2205 1.
1580 2143 1887 2208 Medullae
1908 2163 2042 2226 cap.
2076 2142 2177 2207 16.
2206 2142 2316 2206 sed
2339 2141 2477 2207 fuse
2502 2142 2710 2228 magis
2734 2143 2781 2208 8⁶
2804 2141 3061 2225 quidem
3088 2141 3559 2205 accuratissime

633 2228 968 2296 Bobertum
994 2230 1352 2296 Baroniwm
1377 2231 1445 2294 in
1470 2242 1643 2296 tract.
1669 2232 1745 2297 de
1763 2243 2005 2316 peccato
2030 2231 2285 2296 wwrtali
2302 2242 2469 2315 part.
2496 2232 2556 2294 2.
2583 2242 2720 2296 sect.
2745 2229 2805 2292 6.
2854 2228 2943 2293 Et
2964 2228 3383 2296 scholasticos
3406 2230 3489 2294 ad
3506 2229 3559 2292 3.

631 2318 704 2382 in
728 2319 1181 2404 supplemento,
1205 2330 1441 2404 quaest.
1469 2319 1574 2382 99.
1600 2331 1720 2384 art.
1759 2323 1816 2382 1.
1845 2320 1903 2382 2.
1932 2321 1990 2382 3.
2020 2320 2079 2381 4.
2110 2319 2168 2384 5.
2196 2317 2501 2383 Rationes
2525 2319 2686 2384 istae
2710 2317 2947 2382 adferri
2978 2322 3276 2400 possunt.
3318 2320 3379 2382 1.
3416 2319 3561 2400 Quia

629 2405 780 2471 talis
806 2428 1010 2492 poena
1035 2427 1163 2471 non
1193 2410 1291 2472 est
1314 2406 1669 2492 possibilis:
1695 2429 1901 2492 neque
1931 2407 2101 2473 enim
2138 2407 2320 2473 finita
2345 2411 2633 2472 creatura
2656 2428 2854 2491 capax
2878 2410 2977 2471 est
3000 2405 3413 2473 infinitorum
3436 2431 3562 2473 cru-

633 2495 936 2561 ciatuum.
985 2496 1046 2561 2.
1087 2496 1254 2579 Quia
1277 2500 1668 2580 sequeretur,
1692 2496 1903 2561 Deum
1927 2519 2053 2560 non
2076 2519 2261 2581 posse
2281 2496 2569 2580 justitiae
2595 2518 2747 2560 suae
2770 2494 3141 2560 satisfacere
3166 2496 3412 2581 impios
3434 2520 3565 2561 con-

635 2583 826 2669 digne
872 2582 1191 2668 puniendo
1211 2606 1227 2662 3
1259 2606 1384 2648 non
1429 2584 1596 2649 enim
1621 2588 1772 2649 sunt
1793 2607 2053 2669 capaces
2077 2584 2269 2669 hujus
2292 2606 2563 2668 poenae:
2599 2583 2778 2667 atqui
2800 2583 3151 2647 absurdum
3178 2588 3283 2649 est
3306 2608 3563 2669 poenam

633 2670 910 2755 aliquam
955 2671 1200 2756 dejure
1225 2672 1500 2757 peccatis
1526 2672 1761 2752 deberi,
1790 2695 1981 2756 quam
2011 2673 2188 2738 Deus
2213 2694 2539 2758 nunquam
2560 2675 2775 2757 posset
2796 2672 3115 2756 infligere.
3162 2672 3228 2736 3.
3286 2676 3458 2757 Quia
3480 2697 3562 2737 se-

631 2763 951 2844 queretur,
996 2760 1300 2826 omnibus
1330 2761 1606 2845 peccatis
1631 2761 1965 2844 aequalem
1986 2783 2255 2845 poenam
2276 2761 2511 2843 deberi,
2538 2766 2649 2825 aut
2672 2758 2885 2824 omnia
2910 2759 2986 2824 de
3017 2759 3193 2825 facto
3218 2762 3564 2845 aequaliter

632 2846 1108 3000 wizai&
1119 2848 1585 3002 &²2⁰3ssssss
1614 2850 2135 3003 ῗὲἓέἑὲῑὲἷαὲΐῂέ
2150 2848 2717 3021 ζὲιῗὲέἒὲῑιῗέᾕὲ
2740 2849 3564 3020 ῢὸῗᾷςέἔᾷῗῗοῗὶἷωῖξᾛ

635 3022 820 3087 finita
866 3046 995 3087 non
1041 3046 1190 3089 vero
1239 3024 1551 3090 intensive
1597 3024 1884 3090 infinita:
1935 3026 2117 3111 [pag.
2168 3026 2331 3111 243]
2365 3025 2497 3090 sive
2520 3024 2819 3109 respicias
2842 3025 3183 3089 entitatem
3216 3030 3411 3092 actus
3434 3026 3562 3091 sub-

635 3111 858 3187 strati3
890 3132 1096 3195 neque
1121 3112 1290 3177 enim
1316 3116 1355 3178 ὲ.
1377 3113 1560 3177 finita
1584 3116 1875 3178 creatura
1896 3117 2112 3198 potest
2134 3113 2276 3178 elici
2301 3117 2477 3178 actus
2498 3113 2745 3178 infinite
2769 3113 3088 3177 intensus:
3119 3113 3264 3179 sive
3280 3114 3564 3199 respicias

633 3196 882 3277 ἀταξίαν
903 3203 1016 3264 aut
1041 3199 1464 3284 privationem
1491 3202 1664 3266 actui
1687 3202 2133 3267 adhaerentem
2156 3226 2171 3279 ;
2196 3223 2359 3286 quae
2384 3205 2480 3266 est
2502 3202 2775 3286 privatio
2797 3201 3018 3265 finitae
3042 3202 3563 3269 re-ctitudinisseu

633 3285 1095 3353 conformitatis
1145 3310 1288 3352 cum
1335 3288 1516 3375 lege:
1545 3288 1677 3354 sive
1700 3289 2003 3373 respicias
2028 3293 2236 3354 totum
2259 3289 2675 3374 complexum,
2700 3292 3029 3374 peccatum
3054 3289 3195 3355 scil.
3222 3292 3565 3358 concretive

634 3374 1119 3456 consideratum,
1168 3398 1372 3460 neque
1424 3378 1593 3441 enim
1625 3400 1811 3462 pares
1847 3382 1998 3443 sunt
2022 3400 2238 3443 omnes
2264 3382 2442 3442 actus
2466 3377 2714 3443 vitiosi:
2748 3377 2859 3441 sed
2882 3376 3231 3442 admodum
3260 3380 3561 3464 disparem

637 3463 803 3548 quod
849 3464 988 3529 fieri
1034 3487 1160 3529 non
1209 3468 1443 3549 posset,
1483 3466 1538 3530 si
1565 3466 1802 3530 infiniti
1827 3470 2056 3531 essent.
2106 3466 2408 3543 Quamvis
2433 3465 2751 3531 fateamur
2780 3468 3113 3549 peccatum
3147 3467 3383 3552 aliquo
3403 3468 3565 3533 modo

636 3572 820 3635 posse
871 3551 994 3617 dici
1025 3552 1367 3629 infinitum,
1392 3557 1532 3618 tum
1557 3552 1832 3639 objective
1865 3556 1911 3620 &
1935 3554 2305 3635 extrinsece,
2332 3558 2643 3637 quatenus
2668 3552 3092 3618 committitur
3114 3561 3351 3621 contra
3374 3556 3565 3620 infini-

637 3643 777 3703 tum
821 3639 1092 3717 bonum;
1131 3644 1270 3706 tum
1294 3643 1618 3723 extensive,
1648 3643 1901 3707 ratione
1926 3642 2301 3721 durationiS,
2326 3642 2493 3726 quod
2516 3642 2766 3708 macula
2791 3663 2904 3707 seu
2928 3641 3108 3706 labes
3141 3645 3289 3727 ejus
3314 3645 3495 3709 duret
3510 3644 3564 3707 in

640 3730 992 3808 aeteruum,
1027 3751 1103 3794 ex
1128 3733 1313 3813 parte
1343 3730 1662 3814 peccantis
1687 3753 1771 3796 sc.
1801 3730 1909 3815 qui
1946 3754 2021 3795 ex
2048 3753 2114 3795 se
2138 3732 2185 3797 St
2216 3731 2461 3795 seclusa
2485 3730 2607 3795 Dei
2638 3729 3073 3795 misericordia
3094 3730 3423 3797 liberante
3446 3754 3565 3797 eam

639 3837 965 3899 nunquam
1013 3839 1368 3903 expurgare
1421 3822 1652 3903 potest,
1695 3820 1741 3887 &
1763 3821 2219 3903 consequenter
2243 3820 2451 3903 ipsum
2474 3818 2542 3882 in
2567 3825 2893 3885 aeternum
2918 3819 3095 3884 coelo
3120 3820 3509 3897 excluderet,
3527 3820 3565 3884 ἃ

637 3903 857 3987 poenis
903 3904 1326 3971 infernalibus
1374 3907 1733 3991 subjiceret.
1781 3905 1900 3972 IV.
1945 3910 2048 3977 An
2098 3906 2381 3972 damnati
2404 3907 2471 3971 in
2494 3908 2741 3972 inferno
2774 3930 2851 3972 ex
2880 3908 3273 3973 necessitate
3292 3907 3565 3994 justitiae

640 3991 912 4073 divinae,
961 3994 1330 4080 obligentur
1361 3995 1552 4059 simul
1583 3996 1664 4059 ad
1695 3994 1976 4060 debitam
2002 3994 2165 4079 legis
2189 3995 2615 4060 obedientiam
2638 3996 2685 4061 &
2710 3996 2789 4060 ad
2812 4017 3118 4080 poenam3
3148 4018 3233 4061 an
3258 4020 3415 4062 vero
3444 4002 3565 4059 tan·

639 4084 782 4144 tum
828 4081 907 4144 ad
960 4104 1230 4165 poenam
1279 4082 1779 4163 substinendam‚
1821 4083 1915 4147 sic
1937 4086 2010 4147 ut
2034 4084 2326 4167 quamvis
2348 4084 2722 4164 invidenteS‚
2745 4084 3279 4168 blasphemantes
3308 4086 3414 4152 διο.
3435 4089 3565 4147 tunc

639 4189 769 4233 non
812 4173 1093 4252 peccent,
1139 4174 1251 4235 aut
1296 4175 1628 4255 peccantes
1673 4173 1903 4239 saltem
1948 4194 2072 4236 non
2116 4176 2481 4237 mereantur
2509 4195 2763 4257 poenas.
2814 4174 2994 4256 Resp-
3021 4173 3398 4240 Scholastici
3416 4174 3496 4238 ad
3514 4171 3563 4234 3.

654 4256 921 4323 rhomae
957 4258 1060 4343 (in
1099 4261 1559 4362 suppkmcmto)
1583 4272 1813 4349 quaest.
1843 4260 1949 4323 98.
1976 4271 2097 4325 art.
2123 4260 2185 4323 6.
2211 4262 2631 4326 communiter
2655 4263 2967 4341 statuunt,
2995 4265 3143 4345 post
3168 4262 3345 4328 diem
3362 4258 3563 4347 judicii

641 4344 892 4411 nullum
936 4345 1143 4411 locum
1192 4352 1322 4412 fore
1369 4352 1633 4429 ment03
1683 4348 1973 4434 quamvis
2015 4350 2359 4414 concedant
2387 4350 2587 4434 aliqui
2612 4351 2943 4415 damnatos
2973 4352 3012 4414 a
3035 4354 3247 4415 morte
3270 4372 3473 4436 usque
3499 4345 3564 4411 ad

3414 4435 3561 4523 judi·
