3694 4871
403 329 998 402 D1s1v.V111.D1-:
1045 331 1408 400 Pansonx
1455 331 1788 401 Cnmsr
1837 329 2355 402 Manui-oms
2402 331 2609 402 Pius
2656 331 3051 404 111.237

113 520 370 586 torium
394 522 622 586 statuit
644 522 746 606 obj
751 525 962 586 ectum
985 520 1314 585 materiale
1339 521 1748 600 adorandum,
1775 521 1830 586 is
1855 522 2107 588 obstare
2132 545 2254 587 non
2282 527 2509 607 potest,
2528 523 2683 606 quin
2702 521 2871 588 idem
2886 525 3057 608 pari-

109 613 222 673 ter
265 609 514 674 dicatur
537 609 614 674 de
637 609 1037 674 humanitate
1063 607 1322 687 Christi,
1347 611 1392 674 ἃ
1418 613 1758 692 utrumque
1783 633 1937 674 sano
1960 611 2146 675 modo
2173 611 2544 695 explicetur.
2568 610 2749 687 Quod
2766 612 2820 675 si
2844 613 3059 678 omnia

111 697 292 761 haec
319 697 410 762 ita
440 698 853 781 explicentur,
879 701 950 761 nt
973 697 1318 761 humanam
1343 701 1659 776 naturam,
1686 699 1732 764 &
1775 698 2101 763 hominem
2149 721 2303 777 esse,
2353 700 2508 764 item
2542 700 2987 764 mediationem
3012 701 3057 766 8⁶

113 785 548 852 mediatorem
575 808 712 850 esse
735 785 898 850 nihil
921 786 1095 849 aliud
1119 785 1288 850 dicat
1319 807 1514 869 quam
1537 785 1856 869 objectum
1901 787 2419 853 considerationis
2452 811 2561 854 seu
2588 787 2869 871 aliquid'
2852 811 2921 852 m
2943 789 3057 853 ob-

100 876 290 958 jecto
323 875 638 939 adorando
664 875 843 960 [pag.
873 873 1034 974 329]
1054 872 1306 938 Christo
1323 895 1388 938 so
1393 873 1967 954 .considerandum‚
1986 876 2133 940 aut
2115 898 2372 960 insuper
2391 876 2698 941 motivum
2716 877 2761 941 δι
2776 875 3057 942 medium

107 962 535 1041 adorationis,
561 985 688 1028 non
711 985 858 1026 vero
890 961 1168 1045 primum
1192 961 1510 1044 objectum
1545 965 1656 1026 aut
1679 962 2193 1028 terminativum:
2220 964 2441 1048 utique
2465 964 2827 1048 probamus;
2856 965 2945 1029 δι’
2918 987 3056 1049 Jam

111 1055 274 1115 ante
311 1050 470 1115 haec
509 1053 754 1115 exserte
785 1049 1408 1134 praesupposuimuS.
1458 1049 1723 1114 Memini
1749 1051 2109 1133 aliquandO,
2152 1052 2668 1136 consequentiam
2693 1053 3057 1137 argumenti

107 1139 330 1203 nostri
365 1139 727 1203 deducentis
761 1139 841 1202 ad
875 1137 1241 1217 absurdum,
1279 1136 1429 1224 (Qui
1476 1160 1602 1220 qua
1648 1139 1958 1204 mediator
1992 1143 2088 1204 est
2128 1141 2503 1219 adorandus,
2548 1139 2657 1204 ille
2695 1140 2889 1206 etiam
2930 1162 3058 1224 qua

109 1227 318 1292 horno
354 1232 452 1292 est
489 1227 866 1328 adoran-dus)
900 1230 1330 1310 comparatam
1369 1227 1566 1291 fuisse
1613 1249 1758 1292 cum
1803 1227 1928 1292 ista
1976 1229 2177 1294 Homo
2208 1241 2293 1294 est
2332 1229 2682 1308 rationalis,
2704 1249 2849 1312 erqo
2872 1231 3057 1294 etiam

109 1337 380 1400 eorpus.
429 1313 552 1380 Sed
576 1315 766 1380 nimis
792 1337 1025 1400 magna
1057 1314 1164 1378 hic
1197 1315 1685 1379 dissimilitudo
1667 1337 1736 1378 111
1761 1315 1969 1380 forma
1991 1319 2038 1383 δι
2072 1318 2359 1382 materia.
2406 1316 2483 1381 In
2508 1317 2749 1381 forma·
2734 1365 2749 1380 .
2779 1318 2932 1400 quia
2954 1339 3058 1382 ar-

111 1409 508 1489 gumentum
545 1425 760 1469 meum
803 1407 1051 1468 constat
1098 1425 1176 1467 ex
1220 1402 1756 1486 propositionibus
1803 1404 2160 1470 modalibus
2202 1428 2313 1471 seu
2364 1405 2691 1470 limitatis:
2746 1404 2866 1470 hoc
2908 1428 3055 1470 vero

111 1493 538 1577 enthymema
579 1491 888 1556 absolutis
921 1514 1035 1556 seu
1067 1491 1264 1575 puris,
1313 1489 1462 1557 Fiat
1507 1513 1662 1576 ergo
1699 1497 2147 1578 argumentum
2179 1493 2243 1558 in
2280 1493 2521 1558 forma·
2561 1493 2685 1569 Qui
2710 1497 2837 1576 qua
2864 1494 3057 1559 homo

111 1585 214 1646 est
245 1581 607 1659 rationalis,
657 1581 766 1644 ille
791 1581 987 1644 etiam
1012 1602 1138 1663 qua
1162 1601 1386 1663 corpus
1413 1582 1509 1644 est
1533 1580 1898 1646 rationalis.
1947 1579 2071 1646 Sed
2118 1581 2307 1647 homo
2355 1605 2481 1666 qua
2510 1582 2703 1647 homo
2734 1586 2831 1646 est
2856 1583 3048 1647 ratio·

111 1670 319 1734 nalis:
349 1669 544 1754 Erg0.
591 1630 749 1744 ’Quis
775 1691 902 1734 non
925 1668 1098 1732 videt
1121 1668 1636 1750 consequentiam
1659 1691 1796 1734 esse
1819 1669 2157 1734 manifeste
2184 1670 2458 1736 falsam?
2490 1669 2575 1736 In
2602 1671 2881 1750 'natm-ia,
2906 1670 3057 1753 quia

111 1758 182 1820 in
223 1780 376 1822 meo
421 1761 818 1841 argumente,
859 1755 1291 1840 praedicatum
1334 1757 1706 1822 adora-ndns
1747 1779 1860 1840 per
1894 1754 1965 1816 τὸ
1994 1759 2398 1825 mediatorem
2422 1781 2557 1824 esse
2583 1759 2778 1844 (quod
2800 1779 2927 1823 non
2958 1763 3056 1823 est

115 1845 406 1910 essentia
439 1845 694 1909 deitatis
736 1867 862 1910 seu
888 1843 1242 1910 essentialis
1274 1843 1504 1928 deitas)
1541 1845 1622 1908 ad
1652 1845 2009 1928 subjectum
2044 1847 2489 1933 restringitur.
2538 1846 2760 1912 sedin
2787 1847 3053 1910 adducto

115 1938 505 2019 argumento
533 1931 605 1991 τὸ
626 1934 817 1998 homo
846 1931 1257 2033 restringitur
1280 1955 1393 2016 per
1445 1930 1516 1991 τὸ
1542 1933 1770 1998 homo.-
1795 1935 1961 2017 quod
1986 1935 2413 2001 restrictivum
2439 1939 2534 2000 est
2558 1935 2981 2000 essentialiter
3004 1937 3051 2000 81

116 2022 484 2088 formaliter
513 2021 680 2086 idem
709 2043 854 2086 cum
885 2019 1194 2087 restricto.
1223 2023 1578 2086 Mentzerus
1617 2033 1834 2088 contra
1880 2025 2329 2108 apoloqeticmn
2366 2024 2563 2090 Crocii
2584 2023 2745 2107 disp.
2775 2024 2833 2087 8.
2861 2024 2917 2107 g.
2946 2023 3049 2086 57.

115 2110 610 2176 fundamentum
639 2109 1026 2175 adorationis
1049 2109 1366 2173 humanae
1390 2114 1680 2186 naturae,
1730 2111 1884 2176 dicit
1910 2133 2047 2176 esse
2072 2112 2349 2194 ejusdem
2374 2112 2671 2176 unionem
2696 2110 3049 2195 hypostati-

117 2221 262 2262 cam
285 2221 434 2263 cum
451 2199 584 2264 fflio
608 2197 750 2264 Dei.
783 2197 845 2264 ἃ·
868 2200 924 2283 ἓ.
953 2199 1058 2262 59.
1086 2197 1253 2262 hanc
1285 2199 1668 2282 „jucundam
1695 2199 1818 2285 (uti
1844 2200 2051 2282 vocat)
2073 2201 2507 2284 qradationem
2526 2199 2809 2282 subjicit:
2838 2197 3051 2263 Adoro

129 2287 498 2364 „Christum
532 2287 597 2350 in
635 2291 902 2370 utraque
926 2289 1176 2366 natura,
1210 2287 1362 2370 quia
1407 2287 1474 2350 in
1519 2287 1730 2370 ipsum
1776 2288 1994 2352 credo:
2022 2287 2204 2352 credo
2230 2289 2295 2351 in
2321 2288 2551 2372 ipsum,
2576 2287 2729 2371 quia
2752 2291 2849 2350 est
2873 2309 3051 2351 meus

131 2376 533 2460 „redemptor
567 2378 612 2443 &
636 2375 946 2441 salvator:
981 2378 1078 2440 est
1109 2396 1286 2440 meus
1319 2376 1616 2456 salvator,
1643 2375 1793 2461 quia
1819 2381 1920 2441 est
1947 2373 2121 2442 Deus
2152 2376 2199 2443 ἃ
2222 2375 2445 2443 homo:
2474 2381 2571 2441 est
2594 2375 2767 2441 Deus
2791 2375 2837 2441 ἃ
2860 2375 3051 2441 homo

129 2487 279 2549 „per
303 2466 608 2530 unimam
633 2465 1031 2549 personalem
1053 2467 1322 2528 naturae
1353 2464 1602 2529 divinae
1634 2466 1680 2531 81
1703 2464 2043 2531 humanae.
2076 2463 2147 2531 Si
2168 2464 2277 2530 hic
2299 2463 2369 2524 τὲ
2392 2466 2545 2552 quia
2574 2466 2699 2548 ipsi
2724 2468 2820 2529 est
2842 2465 3049 2548 parti-

119 2554 264 2617 cula
287 2554 585 2633 causalis„
611 2557 724 2617 aut
747 2552 1098 2631 rationalia,
1148 2552 1368 2635 utique
1415 2552 1579 2616 nihil
1611 2553 1783 2632 dicit,
1809 2554 1979 2637 quod
2002 2555 2399 2619 adversarius
2429 2577 2555 2618 non
2578 2553 2878 2617 admittat
2906 2575 2920 2616 ε
2948 2552 3047 2617 sin

121 2664 270 2705 vero
305 2642 434 2725 ipsi
464 2641 632 2706 idem
691 2645 788 2706 est
839 2642 1006 2723 quod
1059 2637 1130 2697 τὲ
1172 2660 1300 2726 qua
1354 2640 1901 2725 reduplicativum‚
1948 2644 1994 2709 &
2045 2646 2225 2707 notat
2284 2642 2577 2726 objectum
2634 2642 2919 2728 formale,
2979 2663 3051 2705 ac

119 2730 432 2795 rationem
476 2730 806 2815 formalem
852 2730 919 2793 in
979 2729 1244 2813 objecto,
1285 2728 1440 2793 item
1486 2730 1981 2813 fundamentum
2026 2752 2100 2795 ac
2146 2731 2453 2796 rationem
2476 2729 2802 2815 fundandi
2832 2728 2892 2795 ἃ·
2919 2741 3049 2795 ter-

123 2819 462 2894 minandi;
499 2819 636 2901 jam
667 2817 878 2882 videat
916 2819 1228 2901 quomodo
1261 2818 1726 2883 adorabilitatis
1772 2820 1818 2885 &
1866 2819 2249 2883 adorationis
2296 2818 2535 2883 Christi
2570 2818 2734 2886 ratio
2757 2817 3047 2883 formalis

122 2928 194 2969 ac
247 2868 736 2971 funda'mentum
789 2906 876 2969 sit
919 2928 993 2971 ac
1038 2905 1292 2990 proprie
1339 2906 1462 2970 dici
1511 2905 1712 3005 possit
1735 2906 1909 2986 fides,
1936 2906 2057 2973 hoc
2088 2911 2205 2987 est,
2229 2912 2407 2973 actus
2434 2905 2748 2984 hominis;
2782 2908 2829 2973 81
2853 2907 2943 2971 sic
2970 2906 3047 2971 de

125 2996 414 3060 caeteris.

210 3081 282 3153 3.
331 3084 547 3151 Probl.
596 3082 709 3147 IV.
757 3082 862 3147 An
906 3082 1216 3147 mediator
1259 3103 1387 3169 qua
1431 3082 1741 3148 mediator
1785 3084 1871 3147 sit
1916 3083 2318 3149 honorandus
2374 3084 2418 3149 ἃ,
2452 3084 2767 3163 colendus,
2798 3083 2920 3149 hoc
2944 3086 3044 3147 est

125 3172 239 3235 snb
263 3173 384 3237 illo
403 3171 662 3237 formali
685 3192 812 3258 qua
833 3170 1162 3235 mediator.
1213 3173 1389 3255 Hesp.
1423 3173 1480 3234 1.
1529 3169 1678 3235 Non
1702 3172 2029 3254 quaeritur
2075 3194 2193 3237 nec
2230 3177 2269 3237 a
2292 3194 2613 3256 quoquam
2642 3170 3040 3237 Christiano-

125 3282 266 3324 rum
310 3262 662 3337 dubitatnr,
711 3260 814 3325 An
861 3258 1152 3323 Christus
1197 3260 1507 3323 mediator
1537 3259 1622 3325 sit
1643 3258 2083 3337 honorandus;
2129 3265 2243 3325 aut
2270 3284 2542 3345 persona
2564 3260 2929 3326 mediatoris
2957 3259 3043 3323 sit

125 3346 490 3413 honoranda
513 3356 558 3411 δι
579 3348 876 3423 colenda;
905 3351 1017 3411 aut
1041 3346 1332 3411 christus
1351 3348 1742 3422 ΞΓεόψίἒποο-»στος
1757 3348 1842 3413 sit
1866 3348 2269 3414 honorandus
2294 3352 2339 3416 ἃ
2363 3350 2678 3415 colendus.
2710 3346 2847 3412 Hoc
2876 3348 3047 3411 enim

127 3436 262 3500 sine
313 3438 646 3521 impietate
691 3435 914 3521 negari
965 3458 1091 3499 non
1140 3440 1370 3519 posset.
1422 3438 1481 3501 2.
1531 3435 1602 3501 Si
1646 3435 1716 3495 τὲ
1776 3438 1923 3523 quit,
1950 3438 1995 3503 &
2020 3437 2134 3503 sub
2160 3438 2265 3503 illo
2289 3438 2549 3523 formali
2570 3457 2695 3523 qua
2719 3436 2976 3520 proprie
3003 3436 3049 3500 s

127 3525 344 3591 stricte
375 3525 666 3609 accipias,
699 3524 988 3607 quaestio
1015 3524 1262 3589 videtur
1288 3524 1506 3608 inepta
1523 3526 1570 3591 8ο
1601 3526 1895 3589 absurda.
1944 3525 2089 3590 Huc
2120 3526 2291 3590 enim
2315 3526 2499 3605 redit,
2524 3526 2627 3590 An
2652 3546 2885 3589 munus
2910 3546 3048 3587 me-

129 3612 468 3679 diatorium
513 3618 584 3677 ut
631 3614 722 3677 sic
760 3614 1077 3678 abstracte
1109 3616 1154 3679 8⁵
1179 3612 1696 3678 contradistincte
1722 3636 2027 3697 personae
2052 3614 2099 3679 &
2131 3615 2375 3679 naturis
2400 3614 2641 3679 Christi
2666 3616 2949 3678 sumtum
2974 3634 3047 3676 ac

129 3707 520 3786 conceptum,
569 3702 654 3767 sit
683 3700 1001 3784 objectum
1026 3700 1316 3781 formale,
1345 3700 1849 3782 fundamentum,
1890 3702 2055 3767 ratio
2078 3702 2390 3782 formalis,
2416 3702 2579 3767 ratio
2598 3701 3047 3767 fundamenta-

131 3787 206 3854 lis
248 3791 456 3855 cultus
505 3791 636 3854 sive
683 3789 883 3854 divini
919 3790 1050 3853 sive
1099 3790 1432 3855 inferioris.
1483 3789 1726 3855 Similis
1765 3790 1899 3855 fere
1932 3795 2029 3855 est
2068 3790 2166 3853 illi
2196 3790 2576 3872 quaestioni,
2601 3789 2851 3874 quando
2876 3793 3045 3853 recte

133 3879 452 3962 proposita
499 3878 810 3961 quaesti0‚
856 3877 960 3941 An
990 3876 1230 3941 Christi
1266 3878 1548 3944 humana
1571 3882 1802 3943 natura
1827 3878 1914 3943 sit
1938 3878 2275 3957 adoranda,
2302 3900 2435 3957 seu,
2470 3880 2572 3941 An
2596 3877 2885 3943 Christus
2908 3876 2975 3940 in
2998 3876 3043 3941 8⁶

131 3986 269 4029 cum
291 3972 520 4031 natura
548 3967 828 4031 humana
850 3966 936 4030 sit
958 3966 1312 4030 adorandus
1337 3971 1619 4032 mutatur
1644 3968 1712 4030 in
1734 3967 1949 4047 istam,
1973 3966 2076 4031 An
2106 3968 2282 4051 [pag.
2312 3966 2475 4051 330]
2503 3965 2741 4031 Christi
2763 3964 3046 4029 humana

133 4058 354 4120 natura
402 4077 528 4139 qua
575 4055 746 4135 talis,
797 4056 842 4121 8⁶
897 4076 972 4119 ea
1015 4054 1134 4117 sub
1180 4055 1292 4119 illo
1343 4054 1618 4131 formali,
1668 4077 1794 4138 qua
1823 4055 2105 4119 humana
2128 4060 2377 4131 natura,
2410 4054 2497 4119 sit
2520 4053 2857 4119 adoranda.
2906 4052 3045 4117 Aut

137 4145 376 4223 quando
407 4143 715 4226 quaesti0‚
761 4142 866 4207 An
917 4142 1206 4207 Christus
1255 4164 1366 4207 seu
1411 4166 1494 4207 an
1520 4166 1786 4228 persona
1811 4143 2051 4209 Christi
2076 4142 2161 4207 sit
2183 4143 2605 4227 omnipotens,
2630 4142 3039 4227 temporaria,

135 4228 562 4311 immutabilis,
609 4236 868 4295 aeterna
905 4232 1003 4297 Suc.
1039 4231 1364 4295 mutatur
1346 4232 1647 4297 mistam.
1697 4233 1800 4295 An
1823 4229 2062 4295 Christi
2086 4252 2357 4315 persona
2382 4252 2509 4314 qua
2530 4254 2820 4317 persona,
2847 4233 2892 4297 81
2924 4230 3041 4293 sub

135 4314 238 4383 illo
279 4320 534 4385 formali
565 4341 690 4403 qua
707 4340 994 4421 persona,
1019 4318 1138 4383 hoc
1163 4324 1280 4398 est,
1305 4341 1384 4383 an
1403 4320 1820 4403 personalitas
1841 4318 2080 4383 Christi
2112 4320 2428 4385 abstracte
2456 4322 2502 4386 &
2525 4318 3040 4387 contradistincte

133 4410 384 4473 natm-ae
427 4409 678 4475 divinae
723 4409 792 4472 in
835 4406 1088 4473 Christo
1133 4412 1454 4492 concepta,
1487 4409 1572 4475 sit
1615 4408 2036 4493 omnipotens,
2084 4408 2356 4490 infinita,
2404 4410 2731 4491 omniscia,
2754 4412 3039 4487 aeterna,

2920 4494 3045 4563 im-
