3694 4871
641 316 766 383 144
901 314 1142 379 Disr.
1191 310 1329 380 VI.
1378 310 1495 376 Da
1543 309 2253 378 PaorAcArloua
2302 308 3324 379 Pscc·A⁷r10n1c1uA1.1S.

638 526 776 569 esse
823 500 1174 588 geminum,
1225 520 1336 563 seu
1375 497 1578 562 mavis
1601 496 1956 563 bimembre
1987 497 2068 583 (si
2092 496 2185 561 ita
2210 496 2385 580 loqui
2409 495 2626 579 liceat)
2652 496 3039 581 imputatum
3064 522 3177 565 seu
3204 498 3495 584 primum,
3516 498 3553 565 ic

636 593 976 658 inhaerens
1009 612 1121 654 seu
1147 591 1186 653 a
1217 589 1424 671 primo
1455 591 1700 651 ortum:
1731 608 2001 670 quorum
2021 586 2180 650 illud
2203 586 2270 649 in
2288 608 2413 650 uno
2430 586 2761 669 supposito
2776 586 3053 671 perdidit
3078 589 3442 653 universum
3458 609 3553 673 ge·

639 705 757 747 nus
777 681 1132 745 humanum
1155 677 1478 743 ordinaria
1504 677 1644 760 lege
1670 675 2100 760 generationis
2125 698 2201 739 ex
2228 675 2340 739 illo
2366 697 2489 739 uno
2514 676 3017 761 propagandum,
3046 682 3357 763 tanquam
3390 678 3553 762 eulpa

637 769 969 854 oriqinalis
995 779 1187 833 tota-m
1222 768 1288 832 in
1314 788 1434 831 sua
1464 766 1668 830 radice
1691 786 2103 849 corrumpens
2132 765 2534 852 inficiensque
2560 777 2883 843 naturam,
2906 778 3097 852 atque
3114 780 3404 833 aeternae
3422 788 3555 851 pro-

639 880 885 925 merens
931 856 1239 942 stuc-itane
1285 856 1650 934 carentiam,
1698 866 1826 919 lam
1870 855 2081 938 primo
2122 854 2396 938 parenti,
2429 875 2623 939 quam
2648 856 2781 938 ejus
2804 857 3174 939 posteritati,
3200 862 3273 921 ut
3296 856 3556 941 loquitur

641 948 939 1013 Carthus.
983 947 1050 1009 in
1097 944 1287 1010 refut.
1329 944 1625 1008 Alcoran.
1655 943 1766 1007 lib.
1805 945 1859 1007 l.
1887 963 2023 1030 cap.
2055 944 2155 1006 13.
2182 942 2303 1007 hoc
2329 944 2565 1007 veroin
2591 944 2637 1009 &
2661 965 2776 1028 per
2798 966 3203 1011 communem
3226 945 3555 1011 communis

641 1042 909 1103 naturae
956 1033 1529 1120 participationem,
1573 1032 1774 1097 inficit
1819 1054 1893 1096 ac
1940 1032 2148 1115 perdit
2182 1032 2675 1115 unumquodque
2701 1034 3145 1117 suppositum3
3178 1036 3331 1120 quia
3356 1057 3553 1099 secun-

644 1128 794 1191 dum
819 1124 1214 1189 liberrimam
1247 1125 1294 1189 δι
1331 1121 1751 1205 justissimam
1790 1119 1913 1184 Dei
1932 1122 2347 1199 voluntatem,
2374 1122 2523 1185 data
2539 1120 2754 1185 fuerat
2770 1122 3023 1205 justitia
3042 1123 3381 1209 originalis
3404 1122 3552 1187 Ada-

643 1238 768 1296 m0,
801 1237 927 1279 non
959 1218 1210 1277 tantum
1237 1215 1309 1276 ut
1333 1210 1645 1296 singulari
1671 1210 2020 1293 suppositO,
2046 1211 2156 1274 sed
2180 1210 2375 1275 etiam
2400 1214 2709 1295 tanquam
2726 1212 3107 1278 'Ge-nerau'vo
3130 1214 3341 1299 (addc,
3366 1214 3413 1279 ἃ
3440 1212 3555 1275 foe-

645 1304 870 1387 derali)
913 1303 1185 1369 humani
1227 1301 1470 1385 yeneris
1517 1300 1854 1384 principio,
1884 1304 1953 1363 ut
1978 1299 2062 1363 ib.
2098 1299 2581 1365 Carthusianua
2617 1300 2895 1379 Decima,
2921 1300 3269 1367 Peccatum
3302 1302 3555 1387 primum

644 1416 756 1459 seu
803 1394 1192 1476 imputatum
1240 1413 1375 1454 esse
1419 1408 1680 1453 causam
1726 1388 2119 1453 meritoriam
2150 1388 2393 1472 peccati
2426 1388 2841 1469 inhaerentia,
2885 1390 2930 1455 81
2978 1397 3437 1476 consequenter
3456 1390 3555 1455 hoc

643 1483 818 1547 illius
858 1504 994 1546 esse
1024 1482 1266 1563 justam
1291 1500 1592 1562 poenam:
1643 1478 1812 1560 quod
1842 1478 2009 1541 inter
2028 1480 2073 1543 &
2098 1480 2243 1561 post
2268 1478 2503 1541 multos
2526 1478 2687 1541 alios
2718 1478 2938 1543 dextre
2964 1480 3329 1563 explicabat
3360 1482 3405 1545 ἃ
3434 1484 3555 1543 tue-

645 1573 836 1637 batur
868 1572 1121 1638 Tilenus
1139 1570 1208 1633 in
1235 1570 1316 1632 Μ.
1343 1568 1410 1634 S.
1433 1568 1750 1633 collatione
1775 1587 1921 1631 cum
1946 1567 2079 1632 1012.
2114 1568 2398 1642 Corvi-nc,
2426 1570 2769 1650 antequam
2796 1567 2861 1631 in
2888 1566 3553 1635 Remonstrantismum

643 1661 1104 1746 prolaberetur.
1153 1656 1648 1741 Imputationem
1697 1659 1913 1719 autem
1966 1655 2129 1719 hanc
2162 1655 2352 1738 primi
2395 1656 2639 1739 peccati
2664 1655 2899 1720 Adami
2922 1660 3246 1723 communi
3270 1658 3557 1723 Christia-

645 1751 835 1814 nismi
869 1747 1119 1831 antiqui
1166 1749 1212 1812 &
1257 1745 1548 1810 hodierni
1593 1766 1903 1809 consensu
1954 1744 2178 1821 teneri,
2212 1766 2325 1828 per
2362 1740 2795 1809 inductionem
2827 1745 3123 1828 probavit
3154 1748 3459 1831 peculiari
3490 1747 3556 1811 li-

645 1839 814 1904 bello
857 1838 1053 1903 Andr.
1091 1836 1338 1903 Rivetus
1369 1836 1456 1900 tie.
1488 1836 1812 1900 Dec-retum
1862 1834 2091 1919 synodi
2118 1834 2471 1901 Nationalis
2486 1834 2599 1900 ac.
2618 1833 2863 1899 habilae
2892 1836 3275 1902 Cha-romoni
3306 1840 3410 1901 26.
3440 1836 3559 1901 De-

645 1929 868 1993 eembr.
919 1926 1110 1988 1644.
1149 1922 1260 1989 &a
1311 1922 1433 1998 Qui
1474 1923 1800 1988 videndus,
1850 1922 1987 1987 Nec
2033 1927 2247 1987 tamen
2288 1922 2840 2001 dissimulandum,
2902 1930 3200 1989 manente
3254 1926 3367 1990 illa
3416 1924 3559 1989 thesi

649 2015 1010 2103 principali,
1063 2013 1502 2098 quaestionem
1552 2012 1968 2077 nihilominus
2014 2034 2200 2095 posse
2232 2012 2491 2091 moveri,
2518 2012 2713 2076 etiam
2740 2015 2779 2076 a
2800 2014 3125 2079 nonnullis
3151 2015 3229 2078 de
3256 2014 3423 2079 facto
3446 2036 3561 2077 mo-

648 2107 802 2185 veri,
858 2106 1026 2169 inter
1073 2124 1232 2187 quos
1256 2102 1390 2166 Joh.
1417 2102 1762 2167 Maccovias
1787 2102 1859 2165 in
1889 2101 2051 2186 disp.
2079 2102 2153 2165 <le
2182 2102 2361 2165 Modo
2385 2122 2508 2186 quo
2538 2114 2855 2185 peccalum
2880 2103 3191 2186 oriye'nale
3210 2104 3291 2169 ab
3322 2106 3560 2176 Αόιυιιο,

647 2198 733 2261 ad
762 2214 977 2260 omnes
999 2194 1136 2275 ejus
1153 2203 1432 2276 posteros
1454 2191 1781 2256 derantur
1801 2211 1978 2255 anno
2009 2190 2197 2255 1643.
2248 2191 2428 2274 Resp.
2462 2192 2653 2257 Nicol.
2682 2190 2965 2255 Arnoldo
2994 2192 3261 2271 Polono,
3314 2194 3411 2257 An
3442 2192 3563 2257 ideo

647 2286 1023 2369 imputetur,
1049 2282 1202 2365 quia
1226 2280 1466 2363 singuli
1492 2280 1558 2343 in
1585 2278 1834 2343 Adamo
1856 2284 2189 2363 peccatum
2214 2278 2371 2343 illud
2404 2302 2547 2343 cum
2579 2280 2719 2363 ipso
2742 2286 3123 2364 peccarunt;
3172 2304 3253 2345 an
3282 2286 3425 2347 veri)
3446 2285 3565 2345 tan·

647 2379 786 2440 tum
833 2396 910 2438 ex
969 2393 1141 2435 mero
1185 2368 1300 2434 Dei
1349 2369 1782 2453 beneplacito;
1830 2369 1925 2432 ita
1950 2372 2022 2432 ut
2044 2368 2491 2453 intelligantur
2514 2368 2754 2454 singuli
2779 2392 3070 2454 peccasse
3094 2370 3163 2433 in
3188 2368 3435 2437 Adamo
3457 2390 3565 2434 non

648 2463 1016 2546 subjective,
1044 2461 1154 2526 sed
1177 2463 1430 2524 tantum
1464 2459 1824 2539 causaliter,
1850 2458 2001 2542 quia
2026 2459 2159 2522 scil.
2186 2481 2299 2542 per
2340 2458 2499 2522 illud
2548 2463 2877 2542 peccatum
2916 2459 3152 2525 Adami
3176 2467 3393 2526 reatus
3416 2463 3565 2546 ejus·

648 2554 790 2618 dem
839 2551 1186 2634 subjective
1233 2549 1300 2612 in
1347 2548 1552 2612 uobus
1591 2551 1704 2635 'est
1750 2551 1796 2614 &
1843 2551 2303 2630 consequenter
2350 2551 2677 2630 peccatum
2730 2549 3046 2634 originale
3086 2549 3454 2616 inhaerens:
3479 2547 3566 2614 cui

649 2640 1028 2731 quaestioni,
1060 2641 1358 2704 cohaeret
1397 2660 1508 2701 seu
1540 2637 1992 2701 subordinatur
2016 2635 2431 2720 hypothetica
2455 2659 2563 2701 seu
2596 2638 2901 2702 textualis
2928 2640 3239 2722 quaestio,
3268 2639 3371 2704 An
3404 2642 3563 2706 Rom.

653 2734 710 2795 5.
763 2732 865 2794 12.
905 2727 972 2809 ἐφ
1034 2720 1077 2804 ᾧ
1105 2727 1191 2792 sit
1236 2725 1679 2811 exponendum
1728 2726 1913 2811 [pag.
1967 2725 2170 2810 1083]
2204 2726 2275 2790 in
2299 2747 2444 2810 quo,
2491 2725 2591 2790 De
2623 2726 2856 2810 quibus
2907 2750 3023 2792 nos
3048 2727 3215 2792 forte
3240 2727 3564 2814 aliquando

651 2819 850 2884 acturi
884 2819 954 2882 in
975 2818 1144 2901 disp.
1171 2816 1646 2901 problemau'ct's.
1696 2815 1846 2881 Deci
1851 2835 1973 2892 ma,
2000 2819 2329 2898 peccatum
2354 2814 2668 2900 originale
2708 2815 3047 2881 inhaerens
3074 2840 3214 2882 esse
3238 2819 3445 2896 simul,
3472 2815 3567 2881 sed

651 2909 894 2973 diverso
938 2910 1252 2990 respectu,
1299 2907 1345 2972 &
1390 2905 1634 2988 justam
1665 2925 1937 2988 poenam
1984 2909 2242 2987 propter
2285 2903 2563 2987 primum
2608 2903 2844 2969 Adami
2874 2911 3211 2988 peccatum
3242 2907 3567 2978 inflictam;

651 2999 698 3062 &0
735 2997 1040 3082 injustam
1078 2995 1366 3079 culpam3
1394 2993 1546 3077 quia
1577 2994 1764 3058 debet
1789 2993 2059 3077 quisque
2084 2992 2321 3056 habere
2355 2993 2801 3058 rectitudinem
2825 2994 2871 3059 &
2896 2994 3415 3061 conformitatem
3436 3016 3563 3060 cum

651 3087 794 3172 lege
825 3084 1264 3170 dispositivam
1308 3084 1355 3148 &
1379 3083 1799 3161 habitualem,
1831 3105 1945 3146 seu
1982 3081 2420 3147 inhaerentem
2445 3082 2927 3148 inclinationem
2950 3085 2996 3150 ἃ
3028 3085 3565 3160 modificationem,

652 3176 937 3240 omnium
961 3173 1343 3239 facultatum
1368 3174 1414 3238 81
1438 3171 1671 3236 virium
1695 3193 1957 3236 suarum
1982 3171 2063 3234 ad
2086 3169 2223 3236 Deo
2248 3171 2313 3236 in
2340 3172 2634 3236 omnibus
2668 3193 2938 3256 semper,
2965 3178 3285 3258 prompte,
3314 3173 3569 3239 servieu—

651 3266 824 3330 dum.
871 3261 1058 3328 Unde
1098 3285 1224 3327 non
1248 3262 1417 3326 male
1451 3263 1488 3324 a
1513 3259 1860 3345 Theologis
1886 3260 2117 3324 dicitur
2142 3261 2208 3324 in
2234 3260 2506 3345 singulis
2540 3261 2827 3346 decalogi
2852 3263 3231 3346 praeceptiS,
3274 3261 3569 3348 imprimis

653 3355 718 3418 in
750 3354 1015 3433 decimo,
1047 3351 1252 3417 vetari
1286 3354 1616 3435 peccatum
1662 3353 1929 3414 naturae
1976 3371 2087 3413 seu
2120 3349 2431 3432 originale
2467 3349 2809 3414 inhaerens
2832 3352 2879 3417 a
2902 3356 3125 3416 contra
3146 3353 3435 3418 mandari
3454 3373 3569 3435 op-

655 3444 936 3528 positum
983 3442 1142 3526 ejuS,
1185 3438 1534 3524 imaginem
1565 3439 1708 3516 Dei,
1733 3461 1846 3502 seu
1872 3438 2273 3502 habitualem
2294 3438 2765 3518 rectitudinem,
2792 3440 3341 3524 promtitndinem,
3366 3465 3435 3507 ac
3454 3440 3570 3504 dis-

654 3532 1036 3616 positionem
1089 3529 1172 3594 ad
1217 3551 1402 3593 omne
1451 3528 1688 3592 bonum
1720 3527 2007 3592 debitum
2030 3549 2146 3612 per
2169 3528 2473 3612 cogitata,
2506 3528 2695 3608 dicta,
2720 3528 2909 3594 facta.
2960 3529 3141 3605 Quod
3166 3530 3223 3594 si
3248 3531 3437 3607 dicas,
3458 3550 3571 3593 non

655 3621 855 3686 teneri
903 3619 1226 3684 hominem
1277 3617 1359 3681 ad
1403 3616 1749 3682 carentiam
1802 3618 1959 3701 ejus,
2008 3617 2177 3701 quod
2213 3617 2493 3681 naturali
2518 3617 2896 3683 necessitate
2928 3618 3027 3682 illi
3052 3619 3133 3683 ab
3156 3623 3307 3685 ortu
3332 3621 3393 3684 in
3416 3619 3569 3684 est&

654 3731 779 3774 non
825 3712 1038 3794 potest
1081 3729 1208 3772 non
1253 3705 1320 3770 in
1345 3728 1514 3770 esse:
1566 3727 1682 3770 nec
1703 3705 1909 3770 teneri
1934 3705 2015 3770 ad
2040 3707 2173 3790 ejus
2198 3707 2659 3790 possessionem
2684 3729 2799 3771 seu
2821 3707 3241 3791 habitionem,
3267 3709 3431 3794 quod
3448 3709 3571 3792 jam

657 3803 1000 3882 antequam
1029 3799 1416 3871 nasceretur,
1464 3794 1530 3858 in
1555 3794 1803 3860 Adamo
1827 3795 2150 3880 perditum
2182 3794 2336 3860 fuit:
2368 3793 2447 3860 R.
2472 3795 2763 3861 debuisse
2804 3797 3153 3882 imaginem
3176 3799 3258 3862 ab
3290 3800 3427 3883 ipso
3446 3817 3573 3861 con-

657 3887 895 3952 servari
942 3886 1008 3949 in
1065 3885 1332 3964 AdamO,
1357 3883 1566 3967 capite
1588 3884 1635 3948 &
1660 3884 1867 3949 radice
1890 3883 2194 3949 foederali
2218 3883 2489 3948 foederis
2513 3907 2797 3969 operum.
2854 3886 3213 3968 Undecima,
3254 3887 3573 3954 Peccatum

655 3977 816 4041 illud
839 3975 1176 4040 inhaerens
1200 3995 1337 4038 esse
1365 3973 1662 4051 radicem,
1689 3996 1925 4050 semen,
1952 3972 2215 4050 fontem,
2242 3973 2629 4058 principium
2646 3974 2693 4038 8⁶
2716 3975 3031 4060 originem
3056 3977 3345 4042 omnium
3370 3995 3571 4061 pecca·-

655 4069 867 4129 torum
915 4063 1298 4128 actualium:
1347 4084 1472 4146 quo
1511 4067 1802 4146 respectu
1841 4064 1989 4127 vere
2036 4063 2265 4146 pieque
2314 4066 2350 4126 a
2394 4062 2723 4128 Catechesi
2772 4069 2991 4129 nostra
3024 4065 3287 4146 dictum,
3320 4089 3427 4130 nos
3448 4085 3572 4129 esse

655 4175 1003 4238 propensos
1050 4152 1131 4215 ad
1177 4173 1362 4214 omne
1385 4151 1648 4216 malurn.
1698 4151 1794 4216 De
1819 4173 1945 4236 quo
1980 4151 2255 4216 diximus
2300 4152 2366 4215 in
2418 4152 2861 4218 dissertatione
2910 4155 3215 4220 adversus
3258 4159 3573 4220 novatores

658 4243 725 4306 in
782 4241 1050 4308 Thersite
1097 4240 1512 4306 Heauto-mim.
1543 4252 1679 4306 secl.
1709 4243 1766 4306 l.
1792 4261 1927 4325 cap.
1958 4241 2017 4305 5.
2051 4241 2458 4320 Duodecim&
2486 4242 2662 4326 prius
2704 4247 2935 4308 natura
2967 4265 3106 4308 esse
3136 4267 3401 4329 poenam
3424 4241 3575 4306 divi-

658 4353 832 4413 num,
866 4351 1062 4414 quam
1107 4329 1362 4413 culpam
1407 4329 1774 4395 humanam.
1824 4329 1995 4395 Illud
2041 4330 2213 4394 enim
2244 4331 2597 4414 praecedit3
2626 4332 2745 4398 hoc
2770 4331 3061 4417 sequitur
3091 4332 3157 4398 in
3184 4335 3365 4420 signo
3388 4331 3573 4398 ratio-

657 4423 776 4502 niS,
810 4443 922 4486 seu
946 4418 1165 4485 ordine
1189 4419 1697 4502 consequentiae.
1745 4418 1911 4495 Quia
1944 4419 2115 4484 enim
2159 4419 2335 4484 Deus
2382 4420 2475 4484 ita
2506 4422 2691 4504 punit
2724 4421 2885 4509 (sive
2904 4426 3081 4505 juste
3108 4423 3393 4510 negando
3424 4421 3571 4486 ima·

3374 4512 3575 4597 ginem
