3694 4871
1237 330 1320 372 IN
1391 305 2041 377 [tanus-FmEL
3060 312 3101 377 3

165 498 215 562 81
260 495 677 561 absurditatis
701 497 890 560 fidem
913 500 1198 561 nostram
1223 498 1527 580 arguunt,
1552 499 1626 560 ut
1649 497 1818 560 recte
1849 495 2191 582 distinguit
2240 497 2509 564 Thomas
2528 518 2595 582 p.
2622 497 2677 562 1.
2695 517 2802 584 qu.
2824 496 3102 563 1.art.8.

166 585 352 650 Adde
392 585 562 669 quod
593 585 1018 669 oppugnando
1057 585 1294 649 directe
1329 584 1561 648 falsam
1599 581 2045 670 Theologiam,
2083 589 2542 670 consequenter
2579 584 2952 653 &indirecte
2974 589 3105 671 una

166 677 538 760 propugnet
569 694 820 738 veram:
862 673 1316 757 impedimenta
1351 671 1486 738 scil.
1521 673 1569 738 a
1606 674 1995 757 praejudicia
2018 676 2416 755 removendo,
2442 675 2489 740 81
2511 675 2603 740 sic
2624 674 2797 740 viam
2826 674 2909 740 ad
2936 673 3104 741 veri·

163 766 374 827 tatem
411 763 774 827 muniendo,
819 761 1044 828 Talem
1089 762 1238 826 fidei
1262 760 1691 826 defensionem
1714 763 1929 828 videre
1954 768 2052 828 est
2074 764 2244 848 apud
2266 765 2751 850 Athenaqora‘m,
2774 763 3101 831 Iustinwn

169 852 542 938 Martyrem,
593 853 960 917 Clementem
1007 851 1532 927 Alexandrinum,
1563 851 1918 936 Oriqenem,
1956 853 2435 930 Tertullianum,
2460 853 2814 920 Arnobium
2834 855 3103 921 Lactan-

167 942 354 1018 tium,
379 941 830 1026 Auqustinum,
863 939 1333 1019 Theodoretum,
1364 940 1672 1026 Cyrillum
1694 941 2227 1020 Alexandrinum,
2255 941 2367 1008 aa.
2378 970 2401 1018 ,·
2418 941 2465 1008 8⁵
2482 941 2898 1008 intermediae
2920 945 3099 1007 aeta-

164 1029 258 1092 ris
289 1029 630 1112 scriptores
667 1029 972 1095 Thomam
1001 1040 1219 1095 contra
1236 1039 1466 1114 qenteS,
1493 1029 1884 1116 reliquosque
1906 1029 2329 1110 Scholastica&
2354 1030 2411 1094 si
2433 1052 2578 1096 cum
2596 1031 2842 1096 delectu
2866 1031 2913 1098 &
2929 1029 3104 1116 judi-

167 1118 270 1182 cio
302 1118 602 1182 solidiora
640 1121 1089 1202 excerpant-um
1133 1117 1290 1182 item
1327 1117 1785 1184 Savonarolam
1820 1119 1893 1183 in
1932 1120 2034 1184 tib.
2061 1119 2137 1184 de
2167 1119 2489 1203 triumpho
2511 1119 2733 1199 crucia,
2759 1121 2855 1186 Ra
2898 1139 3105 1186 mun-

165 1207 330 1272 dum
353 1207 430 1272 de
457 1206 754 1272 Sabunde
784 1207 856 1271 in
897 1207 1222 1290 Theotoqtct
1247 1207 1532 1271 naturali
1546 1228 1572 1282 ;
1610 1207 2014 1274 Cardinalem
2044 1209 2396 1288 Cusanum,
2415 1208 2805 1294 Dionysium
2917 1208 3105 1275 rthu-

166 1297 456 1374 sianum,
497 1297 774 1380 aliosque
804 1306 1023 1361 contra
1054 1294 1570 1370 Mahmnedistas,
1598 1296 1979 1360 recentiores
2004 1296 2275 1380 denique
2296 1297 2685 1363 Ludo-vicum
2724 1298 2949 1377 Vivent,
2972 1297 3106 1364 Au-

163 1385 500 1468 qil-atinum
544 1385 898 1462 Steueltum,
949 1384 1370 1464 Charronum,
1419 1385 1919 1469 quaestionarios
1965 1385 2375 1454 Scholasticos
2420 1383 2484 1451 a
2505 1396 3011 1452 commentatores
3033 1386 3107 1452 in

165 1473 603 1540 Lombardum
648 1473 996 1555 Thomam;
1019 1473 1312 1557 inprimis
1338 1472 1507 1557 apud
1531 1474 1895 1540 Plessaeum
1918 1475 1990 1540 in
2010 1475 2251 1560 eqreqio
2276 1485 2545 1541 tractatu
2569 1475 2645 1540 de
2664 1475 2921 1541 veritate
2945 1475 3107 1541 Reli-

163 1562 382 1647 9ionis
427 1561 859 1630 Christianae.-
899 1562 1131 1646 quibus
1159 1560 1423 1647 adjungi
1446 1565 1714 1646 possunt
1738 1561 2207 1647 Antagonistae
2230 1560 2714 1629 Socinianorum
2736 1563 2897 1629 alibi
2918 1562 3105 1629 nobis
3142 1638 3151 1646 ,

166 1650 378 1716 citati.

262 1736 336 1808 3.
379 1738 502 1803 His
540 1738 910 1823 praemissis
958 1739 1223 1804 dicimus
1271 1739 1518 1804 nullam
1548 1739 1864 1805 rationem
1896 1739 2245 1806 humanam
2277 1762 2414 1806 esse
2436 1739 2822 1826 principium
2846 1760 2971 1827 quo
2994 1762 3108 1806 seu

163 1849 289 1912 per
331 1827 518 1914 quod,
568 1833 680 1892 aut
717 1850 792 1894 ex
814 1849 936 1914 quo
961 1849 1075 1892 seu
1097 1848 1210 1892 cur
1234 1827 1581 1906 credamUS,
1617 1833 1731 1892 aut
1759 1827 2249 1894 fundamentum
2273 1833 2386 1895 aut
2410 1831 2639 1915 legem,
2672 1833 2786 1894 aut
2814 1851 3105 1894 normam

168 1916 628 1981 credendorum
653 1938 730 1980 ex
747 1919 926 2000 cujus
951 1915 1340 2000 praescripto
1357 1917 1745 2000 judicemus:
1782 1921 1975 2000 atque
2000 1918 2155 1982 adeo
2176 1918 2417 1982 salsum
2440 1941 2568 1982 non
2586 1940 2722 1983 esse
2738 1917 3105 1983 habendum

169 2005 336 2070 illud
358 2007 422 2068 in
451 2005 638 2069 rebus
665 2006 812 2070 fidei
836 2028 890 2069 e.
918 2026 980 2088 g.
1010 2005 1376 2084 trinitatem,
1397 2017 1718 2088 peccatum
1741 2006 2071 2091 oriyinale,
2100 2006 2421 2073 Christum
2440 2007 2835 2082 θεὰνθρωπον
2846 2007 2981 2085 eius
3028 2027 3105 2074 ue

170 2094 686 2178 satisfactionem,
705 2093 1014 2178 quidquid
1037 2094 1252 2158 lumen
1275 2095 1570 2158 naturale
1595 2098 1708 2159 aut
1729 2095 1896 2159 ratio
1927 2095 2211 2159 humana
2234 2117 2312 2160 ex
2334 2094 2653 2179 prioribus
2679 2095 2727 2160 81
2750 2093 2985 2160 notiori
3031 2117 3105 2160 us

169 2204 305 2246 non
351 2183 582 2266 capiat,
625 2183 724 2247 vel
751 2184 918 2265 quod
942 2183 1021 2246 ad
1045 2186 1408 2247 accuratam
1432 2183 1887 2263 definitionem,
1918 2183 2018 2248 vel
2050 2183 2219 2267 quod
2250 2184 2330 2248 ad
2353 2181 2976 2262 demonstrationem,
3003 2182 3106 2248 vel

171 2271 348 2355 quod
397 2271 477 2335 ad
517 2270 698 2357 [pag.
747 2272 822 2356 4]
872 2274 1248 2355 utrumque:
1281 2272 1393 2336 sed
1415 2275 1636 2336 contra
1666 2272 1899 2338 resolvi
1924 2272 2113 2336 fidem
2142 2277 2449 2351 nostram,
2472 2275 2546 2336 ut
2569 2275 2754 2336 notat
2774 2270 3104 2352 credenda,

171 2361 246 2422 in
272 2355 344 2423 S.
367 2357 765 2444 Scripturam
787 2382 801 2435 3
829 2365 902 2424 ut
931 2363 1114 2424 notat
1138 2365 1348 2425 actum
1379 2360 1694 2441 credendi,
1719 2361 1785 2425 in
1808 2360 2349 2426 illuminationem
2372 2358 2649 2446 Spiritus
2681 2358 2920 2427 Sancti.
2946 2359 3106 2425 Pro·

169 2450 368 2513 batur
403 2447 455 2514 I.
489 2449 643 2532 quia
668 2450 834 2513 ratio
855 2449 1134 2513 hominis
1159 2449 1495 2534 irregeniti
1526 2450 1692 2515 circa
1718 2450 1929 2536 legem
1960 2449 2243 2515 divinam
2267 2450 2561 2517 caecutit.
2586 2449 2749 2536 Eph.
2774 2449 2835 2514 4.
2867 2450 2970 2517 17.
3003 2450 3106 2515 18.

171 2538 356 2605 Rom.
408 2540 463 2603 l.
505 2540 610 2602 21.
653 2540 759 2602 22.
801 2540 908 2602 23.
951 2539 1117 2603 circa
1153 2538 1586 2623 Euangelium
1609 2538 1800 2623 plane
1832 2561 2019 2604 caeca
2043 2544 2163 2619 est,
2190 2562 2403 2605 merae
2428 2539 2751 2605 tenebrae.
2780 2539 2839 2605 1.
2880 2540 3020 2606 Cor.
3048 2538 3107 2603 1.

171 2626 284 2690 23.
328 2627 376 2692 81
411 2626 472 2691 2.
509 2627 614 2691 25.
639 2626 773 2691 lotz.
812 2627 868 2689 1.
899 2627 959 2691 5.
987 2649 1132 2691 eum
1157 2627 1219 2690 9.
1245 2627 1405 2710 Eph.
1433 2627 1494 2691 5.
1522 2628 1582 2691 8.
1615 2626 1702 2692 Π.
1729 2626 1895 2703 Quia
1926 2628 2132 2693 multa
2155 2632 2307 2693 sunt
2330 2626 2638 2713 mysteria
2658 2627 2728 2691 in
2752 2626 3110 2713 Theologia

171 2718 421 2790 nostra,
463 2714 593 2779 imo
631 2718 839 2779 totum
871 2714 1303 2799 Euangelium
1344 2715 1573 2781 dicitur
1595 2717 1993 2801 mysterium.
2025 2716 2081 2780 1.
2126 2716 2283 2783 Tim.
2310 2718 2372 2781 3.
2410 2716 2512 2781 16.
2538 2717 2689 2782 Mat.
2727 2715 2829 2780 13.
2861 2716 2965 2779 11.
3014 2714 3109 2781 At

169 2803 438 2867 illorum
467 2803 558 2868 nil
591 2804 862 2888 percipit
885 2804 1075 2868 homo
1099 2803 1396 2868 animalis
1421 2805 1660 2887 absque
1686 2804 1901 2870 divina
1920 2805 2329 2882 revelatione,
2354 2826 2471 2871 nec
2494 2804 2663 2891 quod
2685 2803 2786 2885 sit,
2818 2826 2937 2871 nec
2958 2804 3112 2891 quia

166 2892 278 2959 sit.
319 2889 676 2975 Regenitus
701 2896 919 2958 autem
943 2892 1139 2956 etiam
1163 2914 1308 2957 cum
1338 2893 1510 2957 intra
1533 2893 1580 2958 81
1603 2914 1799 2976 supra
1822 2893 1983 2958 alios
2008 2894 2250 2978 optime
2273 2915 2343 2959 se
2366 2892 2565 2958 habet
2586 2893 2655 2957 in
2680 2892 2906 2978 primis
2934 2915 3108 2958 sum·

171 2980 430 3062 misque
461 2980 610 3044 fidei
650 2980 989 3064 capitibus,
1038 3003 1118 3044 ex
1156 2981 1468 3046 accuratis
1507 2981 1983 3047 definitionibus
2018 2978 2091 3041 τὸ
2126 2982 2305 3068 quid,
2350 2982 2680 3069 quomode,
2730 2982 2779 3048 85
2807 2982 2963 3067 quia
2984 3003 3111 3046 non

169 3067 475 3151 percipit,
529 3068 639 3133 sed
677 3073 931 3134 tantum
964 3069 1134 3157 quod
1153 3071 1234 3136 sit
1260 3092 1338 3135 ex
1368 3070 1843 3154 supernaturali
1870 3070 2257 3135 revelatione
2288 3069 2568 3155 Spiritus
2593 3070 2660 3137 S.
2688 3071 2843 3136 Mal.
2874 3070 2975 3135 19.
3005 3070 3108 3136 17.

172 3160 222 3223 δι
269 3158 373 3219 13.
421 3157 522 3220 11.
563 3158 670 3222 25.
699 3158 826 3223 .27.
867 3156 987 3223 ΠΙ.
1025 3156 1190 3233 Quia
1222 3159 1496 3223 essentia
1526 3160 1573 3225 St
1597 3158 1911 3224 attributa
1938 3157 2213 3223 Deitatis
2238 3158 2320 3223 ab
2344 3159 2627 3223 humana
2648 3161 2860 3223 mente
2883 3158 3112 3224 imme·

173 3244 376 3322 diate,
402 3244 776 3329 adaequate,
803 3249 875 3310 ut
900 3246 1139 3311 suntin
1168 3270 1257 3327 se,
1281 3252 1475 3330 atque
1500 3247 1656 3311 adeo
1681 3246 1961 3329 perfecte
1984 3270 2113 3312 non
2136 3248 2791 3331 comprehenduntur:
2833 3248 2945 3311 sed
2965 3250 3112 3311 tan-

175 3338 322 3401 tum
354 3354 469 3417 per
494 3334 661 3398 viam
685 3335 1070 3419 negationiS,
1095 3336 1514 3416 causalitatiS,
1539 3334 1957 3405 eminentiae:
1991 3335 2191 3401 habet
2214 3336 2385 3401 enim
2406 3358 2473 3401 se
2497 3334 2605 3401 1110
2628 3357 2807 3401 mens
2828 3335 3113 3400 humana

175 3426 254 3487 ut
285 3421 457 3486 oculi
485 3426 861 3487 noctuarum
884 3424 966 3488 ad
988 3422 1224 3489 Solem.
1273 3423 1442 3499 Quin
1465 3423 1663 3489 etiam
1687 3424 1764 3489 de
1795 3423 2097 3507 operibus
2119 3424 2245 3489 Dei
2265 3426 2545 3491 testatur
2565 3422 2917 3509 Scriptura,
2941 3422 3113 3508 quod

174 3510 630 3594 comprehendi
674 3534 801 3576 non
849 3512 1095 3596 possint
1141 3514 1320 3579 Rom.
1375 3512 1477 3576 11.
1526 3513 1632 3576 33.
1683 3512 1787 3576 34.
1828 3508 1963 3578 Job.
1998 3511 2102 3575 41.
2132 3513 2191 3576 2.
2218 3515 2339 3580 les.
2374 3512 2482 3578 40.
2511 3513 2614 3578 13.
2653 3513 2711 3578 1.
2750 3512 2889 3578 Gor.
2916 3512 2978 3575 2.
3009 3511 3111 3577 19.

173 3598 440 3664 Nedum
480 3603 554 3663 ut
574 3622 883 3683 personae
911 3598 1286 3678 Trinitatis3
1320 3598 1612 3665 Christus
1644 3600 2026 3683 redemptor,
2059 3600 2339 3666 &totum
2368 3601 2746 3686 mysterium
2768 3599 3113 3684 redempti-

173 3687 320 3751 onis
358 3688 607 3752 ratione
646 3688 932 3753 humana
965 3689 1414 3773 comprehendi
1435 3688 1658 3773 possit.
1706 3686 1940 3753 Confer
1958 3688 2065 3753 hic
2088 3689 2533 3774 disputationis
2567 3690 3015 3775 Theoloqorum
3039 3689 3115 3756 de

175 3775 414 3863 visione
463 3774 528 3842 ἃ
564 3778 907 3861 coqnitione
950 3778 1090 3857 Dei,
1137 3778 1330 3864 deque
1351 3778 1484 3861 ejus
1507 3776 2255 3861 incomprehensibilitate.
2302 3776 2421 3846 IV.
2444 3776 2611 3855 Quia
2631 3800 2813 3843 mens
2835 3777 3114 3843 hominis

174 3864 476 3949 regeniti,
519 3864 838 3949 imprimis
874 3864 930 3931 si
962 3866 1170 3931 adhuc
1207 3865 1420 3930 infans
1455 3870 1561 3945 sit,
1612 3867 1671 3931 1.
1707 3867 1846 3932 Cor.
1874 3868 1934 3931 3.
1976 3867 2032 3930 1.
2060 3867 2121 3931 2.
2144 3866 2295 3933 Heb.
2322 3866 2385 3933 5.
2414 3868 2516 3931 12.
2556 3869 2659 3933 13.
2684 3888 2830 3931 cum
2851 3866 3025 3937 Phil.
3051 3868 3112 3932 3.

187 3956 290 4017 15.
334 3952 704 4036 imperfecte
729 3956 776 4020 &
799 3977 878 4018 ex
908 3959 1093 4038 parte
1118 3954 1224 4019 hic
1248 3954 1593 4040 cognoscit.
1624 3956 1682 4018 1.
1712 3952 1853 4020 Cor.
1893 3955 1996 4020 13.
2026 3956 2129 4020 12.
2175 3954 2583 4040 Multumque
2606 3956 2861 4020 nativae
2887 3953 3115 4041 caligi-

177 4041 282 4105 nis
327 4064 580 4125 semper
621 4042 682 4107 ei
722 4042 1028 4107 adhaeret
1049 4067 1065 4121 ;
1105 4043 1256 4108 hinc
1279 4042 1648 4123 difficultas,
1673 4041 2096 4126 imperfectio,
2121 4043 2495 4124 obscuritas,
2520 4042 2807 4109 confusio
2832 4043 2901 4108 in
2924 4043 3115 4109 rebus

180 4129 413 4194 divinis
438 4131 923 4215 cognoscendis:
952 4130 1104 4196 Non
1135 4136 1233 4197 est
1257 4132 1475 4214 itaque
1498 4131 1887 4215 principium
1910 4131 2058 4196 fidei
2074 4130 2346 4213 divinae,
2363 4133 2467 4197 cui
2484 4154 2612 4198 non
2628 4136 2840 4217 potest
2856 4132 3115 4198 subesse

183 4218 443 4283 falsum.
493 4216 576 4283 V.
623 4218 1020 4303 Principium
1063 4225 1160 4285 est
1197 4220 1564 4299 infallibile,
1599 4220 1766 4287 unde
1803 4218 2013 4303 primo
2052 4221 2341 4285 educitur
2364 4243 2437 4286 ac
2460 4222 2952 4302 demonstratur,
2976 4222 3024 4287 ἃ
3048 4220 3114 4286 111

179 4308 352 4392 quod
377 4306 608 4373 ultimo
629 4309 968 4373 resolvitur
991 4310 1169 4389 fides,
1194 4315 1263 4374 at
1285 4308 1438 4373 talis
1460 4330 1588 4372 non
1613 4311 1710 4373 est
1739 4308 1904 4373 ratio
1927 4307 2229 4389 humana,
2254 4309 2451 4395 Ergo.
2479 4309 2729 4375 Ultima
2754 4309 2925 4375 enim
2941 4331 3116 4375 reso-

182 4394 348 4459 lutio
385 4395 674 4461 fidelium
723 4401 821 4463 est
861 4420 988 4463 non
1024 4420 1152 4487 qua
1175 4402 1290 4464 aut
1308 4397 1464 4484 quia
1487 4418 1607 4483 ego
1630 4396 1726 4463 ita
1747 4396 2064 4483 intellig0‚
2088 4398 2293 4484 capi0‚
2310 4398 2547 4485 judico,
2568 4398 2711 4465 ideo
2735 4398 2811 4464 de
2842 4398 2966 4463 fide
2999 4401 3118 4549 esti

3009 4508 3075 4547 se
