3694 4871
548 292 635 354 26
1158 249 2872 351 Dtsr.111.nn'JunnnrrJusmmem.

544 469 931 540 ,attributum
967 473 1329 551 relativum,
1357 475 1401 538 &
1426 472 1649 537 referri
1676 473 1753 536 ad
1780 476 2101 536 creaturas
2127 476 2442 555 quatenus
2470 475 2508 534 e.
2531 470 2666 534 Deo
2693 470 3038 555 gubernari
3056 473 3370 553 possunt,
3407 475 3528 532 aut

550 559 1011 644 gubernantur.

639 650 698 710 2.
714 647 894 721 Quod
917 649 995 711 ad
1014 649 1387 714 divisionem
1403 650 1586 733 juris,
1606 651 1776 712 varie
1795 649 1908 711 illa
1926 648 2298 732 explicatur.
2331 649 2600 713 Thomas
2623 649 2680 710 1.
2707 649 2766 710 2.
2785 668 2893 732 qu.
2909 647 3014 708 91.
3036 647 3251 730 legem
3270 650 3528 730 (quam

552 759 696 800 cum
714 735 858 818 jure
882 736 1237 820 confundit)
1262 737 1417 801 facit
1439 737 1945 821 quadruplicon1;
1974 740 2318 813 aeternam,
2337 736 2718 808 naturalem,
2739 735 3040 812 divinam,
3057 738 3100 800 81
3116 735 3532 797 humanam.

552 823 683 888 Alii
716 822 1090 888 Scholastici
1130 825 1418 888 dividunt
1450 827 1555 908 jus
1587 826 1649 887 in
1690 826 2002 902 naturale,
2039 826 2087 889 &
2120 825 2484 908 positivum,
2527 826 2574 888 ἃ
2607 824 2727 888 1100
2751 846 3008 887 rursum
3038 823 3102 886 in
3127 822 3450 884 divinum
3481 825 3532 886 k

550 913 934 986 humanum
963 913 1120 976 illud
1144 913 1209 976 in
1235 913 1464 977 veteris
1490 917 1535 979 St
1566 914 1711 976 novi
1736 914 2125 991 testamenti,
2150 913 2271 976 hoc
2297 913 2362 976 in
2380 914 2486 996 jus
2512 912 2826 998 gentium,
2853 911 3060 988 civile,
3085 911 3526 974 canonic-um.

550 1001 1002 1065 «Iurisconsulti
1028 1001 1316 1065 dividunt
1339 1001 1405 1064 in
1422 1001 1748 1084 publicum
1773 1002 1819 1066 ὦ
1849 1002 2185 1083 privatum3
2205 1001 2271 1064 in
2295 1001 2608 1078 naturale,
2635 1000 2948 1086 gentium,
2973 999 3156 1064 civile
3177 1022 3192 1072 ;
3220 998 3286 1060 in
3321 1020 3530 1061 com-

550 1111 741 1153 mune
779 1090 825 1153 a
859 1089 1219 1172 proprium:
1254 1089 1319 1152 in
1360 1090 1666 1172 scriptum
1691 1092 1735 1154 81
1762 1112 1886 1153 non
1911 1090 2251 1172 scriptum;
2287 1089 2352 1152 in
2377 1089 2688 1152 mutabile
2713 1091 2760 1154 8⁶
2783 1086 3206 1151 immutabile.
3236 1085 3528 1149 Distin-

550 1177 788 1240 ctiones
828 1175 975 1240 illae
1015 1179 1060 1242 81
1092 1178 1349 1260 quidem
1376 1179 1547 1241 solae
1588 1181 1624 1240 a
1663 1175 2074 1242 Scholasticis
2125 1179 2203 1240 ad
2244 1176 2559 1241 Thomam
2601 1179 3074 1260 pertractantur
3106 1172 3460 1257 imprimis
3489 1177 3530 1237 Ξι

568 1265 839 1330 Valentia
864 1267 909 1330 8z
952 1265 1221 1351 Vasquez
1242 1267 1327 1330 ad
1354 1268 1409 1328 1.
1439 1267 1498 1329 2.
1532 1272 1575 1327 δε
1600 1267 1825 1330 Azort'o
1854 1265 2058 1329 lustin.
2083 1265 2304 1330 moral.
2333 1277 2477 1330 tom.
2515 1267 2575 1329 3.
2600 1268 2640 1330 l.
2676 1267 2728 1326 l.
2751 1264 2892 1328 coll.
2922 1286 3064 1328 cum
3089 1275 3239 1328 tom.
3269 1264 3336 1326 1.
3373 1265 3422 1326 l.
3457 1265 3525 1326 6.

550 1377 598 1418 c.
638 1355 693 1416 1.
736 1355 795 1417 2.
831 1354 1077 1418 Boea-no
1112 1355 1390 1438 Th-eoloq.
1425 1355 1720 1419 Sclwlasc.
1752 1365 1923 1438 parc.
1958 1356 2017 1416 2.
2052 1365 2193 1418 com.
2228 1354 2284 1417 l.
2313 1364 2486 1418 tract.
2521 1355 2580 1416 3.
2609 1355 2649 1416 ὰ
2672 1353 3006 1418 Fra-›wisco
3033 1354 3282 1416 Zuarez
3317 1353 3524 1416 uolu-

552 1443 721 1507 mine
752 1443 1057 1526 peculiari
1086 1443 1162 1506 de
1198 1443 1452 1527 leyibus,
1492 1443 1761 1525 aliisque
1800 1442 1956 1505 alibi
1995 1441 2364 1506 indicandis.
2409 1442 2506 1505 Ex
2531 1442 2766 1506 nostris
2794 1441 3088 1507 Amesius
3115 1439 3220 1504 lib.
3247 1441 3314 1502 5.
3365 1442 3525 1505 Cas.

558 1531 771 1597 Conse.
798 1551 931 1614 cap.
963 1530 1017 1593 1.
1046 1530 1180 1594 fere
1204 1531 1373 1593 intra
1398 1531 1647 1594 eosdem
1671 1529 1976 1594 terminos
2001 1553 2067 1593 sc
2092 1530 2390 1593 continet.
2419 1527 2542 1593 Sed
2567 1535 2640 1594 ut
2664 1551 2884 1593 verum
2909 1528 3136 1606 fatear,
3153 1550 3339 1610 nunq
3349 1551 3520 1592 uam

550 1618 711 1682 mihi
737 1618 908 1681 visae
940 1622 1088 1682 sunt
1110 1619 1261 1682 illae
1284 1619 1715 1682 distinctiones
1741 1617 2076 1682 exhaurire
2099 1623 2306 1682 totum
2331 1617 2491 1680 illud
2511 1614 2805 1695 γνωστὲν,
2833 1613 3000 1701 quod
3023 1617 3348 1699 scriptura
3387 1616 3528 1680 hac

553 1708 619 1770 in
658 1711 839 1790 parte
876 1706 1059 1770 nobis
1084 1705 1375 1770 exhibet:
1410 1709 1456 1772 &
1480 1710 1932 1788 consequenter
1957 1705 2246 1770 sufficere
2271 1705 2464 1769 variis
2489 1704 2969 1789 quaestionibus
2994 1709 3132 1768 tum
3163 1705 3524 1788 dogmati·

553 1795 643 1860 cis
668 1798 807 1858 tum
828 1794 1178 1858 moralibus
1202 1795 1267 1857 in
1293 1793 1649 1878 Theologia
1664 1795 2006 1858 enodandis
2044 1793 2136 1857 Ut
2161 1815 2314 1878 ergo
2337 1794 2520 1858 nobis
2545 1795 2591 1858 81:
2615 1793 2760 1856 aliis
2785 1793 2839 1856 si
2864 1815 2990 1856 non
3014 1792 3272 1856 omnino
3295 1793 3520 1857 satis-

552 1883 861 1946 faciamus
886 1883 1114 1946 saltem
1136 1883 1526 1947 occasionem
1554 1883 1735 1968 [pag.
1764 1882 1926 1966 341]
1955 1882 2218 1946 ulterius
2244 1881 2591 1945 meditandi
2616 1902 3062 1965 suggeramus,
3089 1880 3516 1956 tentandum,

554 1993 635 2034 an
659 1992 785 2034 non
818 1970 1007 2053 paulo
1032 1971 1405 2048 accuratiuS,
1434 1973 1481 2036 &
1504 1971 1879 2047 evidentiuS‚
1906 1968 2062 2033 haec
2085 1970 2384 2053 explicari
2412 1973 2668 2053 queant.
2697 1967 2796 2032 Sit
2820 1990 2974 2053 ergo
2996 1969 3102 2052 jus
3127 1968 3300 2032 aliud
3347 1969 3518 2032 11111·-

554 2064 691 2123 tum
726 2081 839 2122 seu
878 2065 1224 2137 creaturae,
1253 2062 1299 2125 a
1324 2059 1498 2122 aliud
1528 2058 1847 2121 infinitum
1875 2081 1986 2122 seu
2012 2058 2311 2121 divinum.
2349 2056 2516 2121 Illud
2548 2061 2837 2120 versatur
2863 2058 3032 2120 inter
3059 2060 3438 2120 creaturam
3467 2059 3516 2123 ἃ

553 2151 908 2211 creaturam
933 2151 1245 2232 quatenus
1271 2147 1403 2210 scil.
1434 2169 1559 2210 una
1581 2147 1910 2210 ordinatur
1933 2147 2012 2209 ad
2036 2146 2250 2222 aliam,
2267 2167 2534 2228 eamque
2559 2145 2803 2225 obligat
2819 2150 2932 2208 aut
2949 2145 3030 2208 ab
3047 2149 3122 2208 ea
3139 2144 3516 2228 obliga-tur.

554 2235 798 2318 Estque
821 2235 921 2299 vel
946 2236 1325 2320 angelicum,
1344 2235 1445 2298 vel
1472 2234 1841 2298 humanum.
1872 2233 2227 2317 Vtrumque
2251 2233 2372 2297 hoc
2396 2233 2761 2296 immediate
2785 2233 2831 2297 81
2853 2233 3210 2296 formaliter
3237 2231 3380 2294 tale
3409 2234 3518 2296 di-

554 2323 817 2387 cendum
838 2324 1272 2408 est3quamvis
1296 2322 1736 2386 denominetur
1760 2322 1954 2386 etiam
1978 2322 2260 2386 divinum
2287 2325 2324 2385 a
2340 2321 2754 2385 fundamento
2779 2344 2914 2399 suo,
2947 2320 3115 2403 quod
3149 2324 3244 2384 est
3269 2321 3380 2396 ius
3406 2321 3516 2384 di-

556 2411 775 2476 vinum
817 2411 1267 2495 praescribens·
1286 2414 1398 2476 aut
1426 2411 1804 2495 permittens
1822 2411 2018 2475 talem
2035 2410 2493 2494 obligationem
2509 2413 2944 2475 creaturarum
2967 2409 3136 2473 inter
3158 2430 3245 2472 se.
3279 2407 3380 2472 Et
3414 2409 3518 2474 sic

554 2499 942 2583 intelligitur
974 2500 1137 2583 juris
1176 2499 1375 2563 divini
1407 2522 1543 2563 esse
1567 2504 1639 2562 ut
1665 2500 1849 2563 liberi
1871 2499 2170 2563 obediant
2194 2498 2585 2582 parentibus,
2611 2497 2850 2562 subditi
2873 2497 3398 2582 magistratibus,
3438 2503 3516 2561 ut

556 2588 825 2671 quisque
866 2587 1185 2669 possideat
1223 2588 1390 2651 bona
1428 2608 1543 2651 sua
1576 2587 1675 2651 810.
1717 2586 1914 2650 Porro
1953 2587 2028 2650 (19
2055 2587 2196 2670 jure
2223 2586 2434 2671 angeli
2463 2587 2530 2649 in
2563 2587 2885 2671 angelum,
2921 2608 2999 2649 ex
3023 2583 3364 2667 scripturis
3393 2586 3514 2651 vix

556 2675 800 2758 aliquid
838 2675 1246 2739 determinari
1283 2678 1528 2758 potest3
1569 2676 1787 2758 itaque
1823 2675 2043 2739 doctae
2080 2674 2484 2759 ignorantiae
2524 2675 2630 2738 hic
2653 2674 3053 2738 studendum.
3083 2672 3247 2747 Quia
3271 2676 3516 2737 autem

556 2762 869 2845 scriptura
908 2766 1215 2845 tanquam
1252 2784 1475 2826 norma
1499 2764 1822 2827 actionum
1847 2761 2212 2826 hominibus
2236 2764 2384 2826 data
2416 2767 2532 2841 est,
2559 2784 2776 2827 omnes
2808 2761 3018 2825 fontes
3035 2761 3199 2845 juris
3219 2760 3516 2825 humani

555 2851 689 2914 illic
728 2849 1086 2914 referantur
1123 2850 1449 2934 primarie,
1490 2852 1536 2916 81
1570 2850 1939 2915 secundario
1971 2851 2038 2913 in
2078 2851 2316 2914 lumine
2355 2850 2634 2914 naturali
2675 2872 2784 2913 seu
2818 2854 2991 2913 recta
3014 2849 3296 2924 ratione3
3321 2851 3516 2914 uude

556 2938 947 3003 necessariae
979 2940 1405 3003 conclusiones
1446 2938 1626 3003 educi
1661 2938 1922 3003 debent:
1963 2938 2140 3013 Quae
2179 2944 2392 3003 autem
2419 2938 2620 3003 libera
2645 2942 2794 3002 sunt
2819 2940 2864 3004 81
2887 2938 2953 3001 111
2977 2942 3316 3019 utramque
3341 2959 3513 3019 par·
3593 2956 3600 2961 ·

556 3030 687 3090 tem
711 3026 1219 3090 determinabilia
1242 3049 1355 3111 pro
1379 3028 1625 3091 ratione
1648 3026 2288 3105 circumstantiarum,
2315 3049 2388 3091 ea
2420 3026 2946 3104 determinantur,
2971 3028 3018 3091 &
3048 3026 3310 3110 regulae
3325 3025 3516 3107 juris

557 3115 603 3180 &
637 3114 825 3197 aequi
858 3114 938 3178 ad
976 3116 1196 3179 eadem
1234 3115 1632 3198 explicantur
1672 3119 1709 3178 e
1749 3114 2038 3198 legitima
2073 3119 2386 3198 potestate
2427 3119 2466 3178 a
2503 3115 2640 3179 Deo
2664 3116 2833 3178 inter
2854 3113 3148 3178 homines
3179 3112 3514 3178 stabilita.

557 3202 750 3285 Cujus
792 3202 1347 3267 determinationes
1387 3225 1603 3267 omnes
1644 3203 1773 3265 vim
1806 3204 1970 3286 juris
2009 3202 2272 3266 humani
2315 3203 2626 3281 obtinent,
2662 3224 2992 3287 quousque
3017 3202 3259 3265 scilicet
3282 3206 3516 3266 rectae

558 3290 791 3355 rationi
825 3294 871 3357 a
905 3291 1256 3375 scripturae
1296 3314 1422 3355 non
1459 3295 1841 3375 repugnant.
1875 3290 2141 3374 Semper
2165 3290 2334 3355 enim
2358 3292 2805 3356 convenienter
2835 3294 3126 3367 naturae,
3149 3294 3360 3353 rectae
3391 3312 3514 3354 ra-

559 3378 746 3458 tioni,
774 3381 819 3445 &
844 3379 1196 3463 scripturae
1220 3380 1435 3443 omnia
1461 3381 1706 3463 agenda
1732 3382 1777 3445 81
1809 3380 2292 3463 praescribenda
2319 3384 2486 3442 sunt.
2533 3377 2660 3442 Sed
2691 3379 2809 3441 hoc
2835 3377 3109 3460 speciale
3126 3379 3232 3461 jus
3257 3376 3514 3441 huma-

558 3491 712 3532 num
756 3468 970 3552 legum
1013 3468 1323 3532 latoribus
1366 3469 1411 3533 81
1443 3467 1619 3532 Juris
1651 3468 1957 3532 consultis
1997 3467 2448 3549 relinquimus:
2489 3464 2696 3530 Nobis
2735 3466 3056 3551 agendum
3095 3469 3193 3529 est
3229 3466 3306 3529 de
3343 3463 3514 3531 Iure

557 3556 769 3620 divino
792 3556 1046 3640 proprie
1070 3558 1116 3621 a
1140 3556 1657 3621 contradistincte
1684 3556 1773 3619 sic
1798 3555 1983 3619 dict0.
2011 3554 2102 3620 Ut
2127 3556 2453 3639 quodlibet
2476 3556 2582 3639 jus
2607 3555 2670 3617 in
2698 3575 2932 3639 genere
2957 3558 3056 3617 est
3077 3554 3434 3618 necessitas
3461 3556 3516 3620 ἃ

556 3648 838 3727 potestas
875 3648 1049 3707 recta
1088 3645 1437 3708 adhaerens
1478 3665 1783 3727 personae
1822 3643 1904 3707 ad
1934 3643 2177 3726 aliquid
2215 3643 2553 3728 agendum,
2587 3646 2700 3706 aut
2737 3642 3181 3719 omittendum,
3209 3645 3322 3705 aut
3344 3663 3514 3724 per—

558 3731 969 3796 mittendum:
1004 3733 1093 3795 sic
1118 3733 1311 3796 etiam
1335 3733 1581 3796 dicatur
1596 3732 1702 3816 jus
1728 3732 2014 3795 divinum
2039 3753 2172 3795 esse
2197 3730 2538 3795 necessitas
2566 3733 2611 3797 &
2635 3734 2917 3813 potestas
2942 3734 3138 3807 recta,
3165 3734 3292 3815 qua
3315 3729 3514 3795 Deus

558 3818 838 3902 aliquem
861 3819 1128 3904 obligat,
1157 3824 1268 3883 aut
1291 3820 1577 3905 obligare
1601 3824 1829 3903 potest.
1860 3818 2186 3904 Obligatio
2213 3818 2368 3883 haec
2391 3820 2666 3903 proprie,
2693 3822 2805 3882 aut
2830 3818 3199 3901 improprie,
3225 3816 3509 3881 dicitur:

559 3908 607 3973 81
640 3907 729 3971 sic
767 3908 893 3991 jue.
930 3906 1281 3992 Improprie
1314 3908 1543 3972 dicitur
1559 3908 1664 3991 jus
1690 3907 1809 3970 Dei
1836 3930 1991 3984 esse,
2027 3928 2153 3991 quo
2193 3907 2440 3991 obligat
2468 3911 2789 3971 creaturas
2821 3928 3042 3970 omnes
3067 3905 3510 3971 irrationales.

559 3994 736 4070 Quae
757 3995 881 4060 Dei
906 4002 1055 4060 sunt
1079 3996 1339 4080 ejusque
1364 3996 1648 4074 arbitri0,
1676 3996 1936 4073 domini,
1963 3995 2106 4059 usui
2132 3995 2454 4079 &legibus
2471 3996 2871 4059 naturalibus
2887 3995 3335 4079 subjiciuntur,
3347 3994 3511 4077 jure

560 4078 800 4148 scilicet
816 4084 1152 4149 creationis
1182 4085 1357 4151 Psal.
1380 4086 1483 4149 24.
1507 4087 1537 4146 1
1551 4133 1565 4148 .
1585 4084 1631 4149 a
1652 4085 1753 4146 50.
1778 4084 1879 4147 10.
1909 4085 2004 4147 12.
2029 4082 2196 4147 Hinc
2212 4084 2406 4147 etiam
2431 4106 2538 4149 eas
2555 4084 2776 4166 poenis
2793 4083 3071 4166 subjicit,
3095 4104 3260 4165 quae
3276 4086 3508 4147 tamen

558 4172 811 4255 proprie
843 4170 891 4235 a
925 4172 1219 4236 ultimate
1249 4172 1615 4257 diriguntur
1638 4173 1718 4236 ad
1749 4174 2070 4236 creaturas
2095 4172 2457 4236 rationales.
2486 4170 2648 4235 Vide
2685 4174 2900 4237 Genea.
2929 4172 2991 4235 3.
3021 4171 3124 4235 14.
3161 4172 3260 4235 17.
3293 4172 3508 4235 Emori.

560 4260 665 4323 21.
685 4261 789 4324 29.
815 4258 859 4324 J
862 4282 935 4324 us
958 4261 1211 4344 proprie
1235 4260 1473 4325 dictum
1499 4265 1596 4325 est
1628 4261 1727 4323 vel
1752 4259 1831 4322 ad
1854 4260 2044 4337 intra,
2071 4260 2172 4323 vel
2195 4260 2276 4323 ad
2299 4262 2497 4323 extra.
2527 4260 2626 4324 Ad
2649 4261 2818 4324 intra
2845 4263 2962 4339 est,
2990 4258 3158 4342 quod
3183 4257 3506 4322 termina-

558 4351 666 4411 tur
687 4348 753 4413 in
778 4348 911 4413 solo
934 4346 1105 4412 Deo:
1134 4370 1259 4431 quo
1282 4346 1458 4413 Deus
1482 4348 1834 4431 concipitur
1858 4348 2041 4431 quasi
2065 4348 2352 4433 obligare
2381 4348 2680 4432 seipsum,
2705 4347 2871 4412 circa
2902 4348 3204 4431 seipsum,
3231 4369 3345 4413 seu
3369 4344 3506 4409 sibi

3241 4434 3500 4501 debitor

3688 4134 3694 4483 .—---—-——4-
3688 3940 3694 4127 -—-.-—..
3687 3854 3694 3929 -—-..
