3694 4871
686 266 816 329 294
1467 263 2843 332 Disr.X.DnRauenanAr10NE.

689 450 750 516 N
755 475 833 514 on
883 451 1080 517 habet
1129 476 1280 539 ergo
1311 454 1417 519 hic
1441 456 1648 519 locum
1701 456 2014 521 certitudo
2032 457 2211 531 fidei,
2262 460 2374 521 aut
2397 458 2847 541 experientiae,
2872 457 2996 521 nisi
3027 455 3197 521 Deus
3214 456 3593 540 peculiariter

688 538 876 604 alicui
933 541 1328 609 revelaverit.
1379 541 1527 609 XII.
1586 543 1769 624 Quod
1813 550 1992 609 actus
2016 568 2127 609 seu
2160 546 2424 610 effectus
2448 546 2585 629 ejus
2609 547 2673 611 in
2708 548 2982 612 secundo
3004 548 3313 609 momento
3346 546 3593 629 primor-

689 627 888 693 diales
935 650 1048 693 seu
1095 630 1422 697 infantiles
1469 632 1804 698 videantur
1841 656 1967 697 non
1991 657 2134 699 raro
2160 637 2205 701 a
2232 634 2446 719 plures
2472 658 2609 700 esse
2632 636 2679 699 81
2702 634 3132 719 perfectioreS,
3164 633 3385 701 saltem
3409 638 3593 717 magis

690 715 1022 781 sensibiles
1063 717 1110 782 81
1153 720 1378 805 majori
1400 743 1542 785 cum
1568 722 2009 801 commotione,
2028 746 2221 807 quam
2248 722 2345 787 illi
2370 723 2481 807 qui
2514 724 2854 789 eliciuntur
2878 724 2944 787 in
2976 723 3391 787 adolescentia
3415 722 3593 785 autin

691 804 860 867 virili
909 809 1142 871 aetate.
1192 807 1406 874 Probl.
1459 812 1516 873 1.
1567 811 1666 875 An
1715 810 1781 874 in
1831 806 1903 875 se'
1948 811 2077 875 sint
2108 812 2551 895 perfectiores;
2580 836 2659 877 an
2685 818 2833 878 vero
2864 810 3074 894 magis
3098 810 3445 885 sensibiles,
3470 832 3593 874 cum

692 893 980 958 sensibili
1004 898 1444 977 commotione,
1469 900 1822 979 devotione,
1850 900 2185 983 suavitate,
2211 923 2283 965 ac
2307 904 2500 986 gustu
2520 906 2550 965 Ρ
2586 902 2646 965 2.
2700 900 2883 966 Unde
2906 900 3025 965 hoc
3056 900 3141 964 sit
3158 904 3189 964 ⁴?
3216 922 3295 963 an
3318 900 3503 964 etiam
3530 920 3593 962 ex
3652 894 3654 967 f

694 982 788 1046 rei
827 982 1133 1062 novitate,
1181 991 1295 1050 aut
1347 987 1674 1052 vicinitate
1707 988 1983 1072 oppositi
2010 994 2034 1063 <
2038 992 2245 1054 status
2270 988 2403 1055 scil.
2438 989 2484 1054 81
2510 994 2765 1055 actuum
2790 988 3239 1073 corruptionis)
3264 993 3333 1052 ut
3358 989 3449 1053 ita
3468 1010 3595 1051 con-
3651 996 3654 1053 ἐ

691 1070 893 1134 traria
942 1072 1130 1154 juxta
1177 1097 1244 1139 se
1271 1076 1480 1159 posita
1504 1075 1756 1141 facilius
1783 1078 2175 1143 elucescant:
2212 1079 2525 1163 quomodo
2556 1079 2777 1143 statim
2800 1083 2945 1163 post
2968 1078 3265 1143 morbum
3287 1077 3595 1143 vehemen-
3652 1080 3654 1105 ³

693 1159 820 1223 tius
871 1160 1145 1225 sentitur
1176 1165 1438 1243 sanitas,
1487 1169 1630 1248 post
1675 1166 1975 1231 tenebras
2000 1166 2258 1231 lumen?
2285 1167 2388 1231 An
2414 1166 2590 1231 Deus
2612 1171 2841 1252 gustus
2864 1170 2909 1233 81
2934 1165 3259 1231 sensibilis
3280 1164 3595 1231 devotionis

694 1247 1009 1313 suavitate
1033 1255 1318 1317 teneram
1344 1275 1602 1317 suorum
1625 1254 1986 1334 infantiam,
2023 1278 2175 1340 prae
2207 1256 2375 1319 virili
2411 1260 2643 1334 aetate,
2670 1256 2825 1321 velit
2847 1254 3105 1319 afficere
3129 1256 3175 1320 &
3199 1254 3484 1319 allicere?

783 1334 852 1405 5.
901 1335 1221 1421 Adjuncta
1269 1342 1504 1425 partim
1550 1342 1885 1427 privativa,
1918 1344 2151 1427 partim
2184 1344 2485 1430 negativa
2515 1350 2682 1408 sunt.
2732 1343 2783 1408 Ι.
2827 1344 2985 1427 Ejus
3010 1340 3590 1427 impe1·fecti0,qu0d

695 1425 774 1489 ad
820 1427 1164 1492 terminum
1210 1453 1320 1494 seu
1371 1431 1662 1495 effectum
1711 1436 1844 1495 tam
1891 1433 1955 1496 in
2012 1437 2157 1497 actu
2182 1432 2407 1516 prim0,
2444 1454 2634 1516 quam
2662 1434 2728 1497 in
2757 1437 2901 1497 actu
2924 1432 3231 1497 secundo.-
3258 1454 3441 1515 quam
3464 1430 3592 1494 alibi

699 1514 986 1597 pluribus
1034 1518 1454 1600 explicuimus
1503 1518 1548 1584 81
1605 1520 2031 1603 probavimus
2082 1520 2380 1599 Videant,
2430 1522 2663 1605 quibus
2716 1525 2916 1601 vacat,
2979 1520 3315 1587 Thersiten:
3345 1524 3595 1584 nostrum

701 1602 1192 1671 Heca-montimor.
1254 1604 1336 1672 II.
1392 1608 1573 1689 Quod
1618 1612 2041 1693 consequatur
2086 1632 2224 1675 eam
2274 1614 2411 1675 tota
2458 1609 2694 1675 militia
2738 1610 3115 1695 spiritua-lis,
3166 1631 3313 1673 01011
3358 1608 3595 1677 diabole,
3652 1658 3654 1661 ⁴

697 1712 905 1769 carue,
955 1694 1002 1758 81
1052 1695 1309 1759 mundo:
1362 1700 1552 1780 atque
1609 1697 1765 1762 adeo
1815 1698 2020 1763 omnis
2070 1699 2321 1783 generis
2367 1698 2777 1774 tentationeS‚
2825 1697 3216 1763 desertiones
3250 1696 3597 1781 spirituales,

702 1783 1000 1845 externae
1050 1782 1448 1848 calamitates
1496 1785 1543 1850 ἃ
1573 1786 2064 1870 persecutiones.
2114 1786 2210 1851 De
2258 1787 2491 1871 quibus
2523 1787 2698 1853 alibi.
2746 1786 2865 1851 111.
2914 1786 3092 1863 Quod
3145 1792 3293 1869 post
3328 1808 3459 1851 eam
3488 1784 3597 1849 exi·
3652 1794 3654 1825 ³

699 1872 871 1932 stant
887 1869 1009 1933 duo
1036 1872 1212 1953 quasi
1243 1873 1556 1958 principia
1581 1874 1812 1959 agendi
1831 1876 1900 1938 in
1924 1874 2209 1951 homine;
2236 1898 2380 1940 caro
2404 1877 2539 1939 scil.
2566 1882 2609 1939 81
2636 1876 2938 1960 spiritus:
2964 1874 3177 1958 sitque
3202 1875 3487 1939 voluntas
3508 1896 3599 1936 an-
3652 1904 3654 1907 ⁴

699 1962 804 2021 tea
835 1980 1018 2021 serva
1040 1961 1303 2042 peccati,
1331 1962 1567 2046 partim
1584 1963 1789 2027 libera
1813 1967 1859 2030 81
1894 1963 2185 2039 liberata,
2212 1964 2447 2047 partim
2472 1964 2794 2048 captivata
2840 1968 2953 2028 aut
2984 1967 3217 2027 vexata
3244 1963 3327 2027 ab
3353 1962 3599 2045 antiquo.
3651 1992 3654 2023 ÷

699 2069 808 2110 seu
837 2046 1034 2129 priori
1059 2046 1240 2113 hoste
1267 2052 1312 2117 &
1339 2054 1642 2133 tyranno:
1671 2052 1760 2116 sic
1791 2055 2005 2116 tamen
2034 2057 2105 2116 ut
2136 2076 2262 2116 non
2286 2052 2665 2117 dominetur.
2718 2055 2895 2119 Rom.
2924 2052 2985 2117 6.
3010 2053 3074 2119 8,·
3108 2052 3170 2115 7.
3200 2053 3403 2119 60101.
3430 2053 3488 2115 5.
3514 2047 3599 2113 [V.
3652 2070 3654 2073 ⁴

701 2135 882 2208 Quod
928 2134 1300 2219 Hypocrisis
1343 2142 1388 2203 &-
1413 2139 1578 2203 falso
1601 2140 1844 2225 jactata
1869 2141 2213 2219 conversiO,
2239 2164 2425 2225 saepe
2453 2164 2637 2205 verae
2662 2140 3129 2227 regenerationi
3164 2164 3232 2204 se
3258 2142 3601 2224 supponant.

702 2224 749 2287 81
773 2222 898 2307 ipsi
925 2224 1188 2304 homini,
1222 2231 1334 2291 aut
1359 2226 1503 2291 aliis
1530 2228 1883 2294 extrinsece
1900 2229 2353 2313 judicantibus,
2410 2234 2523 2293 aut
2546 2230 2832 2314 utrisque
2856 2229 3020 2293 falsa
3044 2229 3163 2293 illa
3185 2229 3463 2313 imagine
3484 2226 3601 2289 illu·

702 2312 856 2376 dant
881 2316 1072 2397 atque
1097 2314 1447 2400 imponant.
1499 2317 1731 2383 Confer
1754 2320 1914 2407 disp.
1942 2321 2017 2384 de
2045 2320 2449 2402 Simplicitate
2478 2319 2539 2385 ἃ·
2562 2319 2895 2406 hypocrisi.
2944 2317 3023 2381 V.
3082 2318 3267 2395 Quod
3292 2338 3603 2403 regenera-

703 2401 793 2466 tio
819 2424 943 2466 uon
961 2403 1046 2468 sit
1070 2404 1288 2486 invita,
1315 2412 1551 2484 coacta,
1601 2411 1713 2473 aut
1743 2408 2051 2486 violenta;
2092 2408 2298 2474 necin
2322 2408 2547 2493 prium,
2574 2409 2781 2474 necin
2804 2408 3075 2474 secundo
3100 2414 3441 2498 momente.
3484 2404 3601 2470 Non

704 2491 770 2555 iu
803 2492 1040 2575 prim03
1090 2495 1242 2577 qnia
1285 2496 1376 2560 ibi
1423 2497 1716 2562 voluntas
1761 2498 1923 2561 nihil
1950 2499 2109 2584 agit,
2152 2498 2261 2562 sed
2292 2521 2359 2562 se
2387 2497 2581 2562 habet
2604 2501 2761 2582 pure
2784 2497 3066 2582 passive3
3092 2497 3315 2581 itaque
3348 2494 3601 2581 quaestio

703 2580 778 2645 de
813 2579 1168 2646 voluntario
1199 2589 1311 2649 aut
1354 2586 1802 2663 involuntarie,
1854 2587 2053 2652 libero
2079 2592 2191 2652 aut
2214 2591 2449 2664 coact0‚
2476 2591 2822 2670 spontaneo
2848 2589 2959 2650 aut
2991 2585 3193 2649 invito
3220 2593 3411 2670 (quae
3436 2583 3601 2650 conci·

705 2669 968 2753 piuutur
1012 2675 1084 2734 ut
1132 2673 1300 2736 modi
1347 2674 1668 2740 actionum
1716 2675 2092 2757 voluntatis)
2125 2699 2251 2741 non
2280 2675 2484 2761 magis
2510 2676 2600 2740 ibi
2630 2676 2836 2740 locum
2859 2675 3079 2752 habet,
3116 2697 3313 2758 quam
3339 2675 3407 2739 111
3430 2672 3601 2758 111-111111

706 2758 1022 2823 creatione
1055 2761 1424 2840 voluntatiS,
1474 2769 1586 2828 aut
1633 2764 1913 2846 ejusdem
1960 2765 2454 2842 conservatione,
2520 2769 2631 2828 aut
2671 2785 3045 2848 quocunque
3096 2764 3453 2828 extrinseco
3496 2761 3597 2844 ejus

708 2851 879 2911 tactu
905 2870 1017 2911 seu
1042 2849 1338 2932 impulsu.
1390 2850 1526 2916 Nec
1557 2854 1622 2916 in
1645 2855 1919 2917 secundo
1944 2858 2265 2918 momento
2286 2877 2300 2929 ς
2326 2853 2479 2938 quia
2502 2853 2811 2938 impressa
2842 2853 2979 2936 jam
3004 2856 3102 2916 est
3122 2875 3291 2916 nova
3306 2848 3598 2917 inclinatio
3650 2901 3652 2904 ⁴

708 2957 821 3000 seu
859 2935 1146 3018 aptitudo
1185 2941 1230 3004 81
1263 2941 1696 3025 promptitudo
1735 2941 2097 3026 spiritualia
2120 2941 2540 3027 spiritualiter
2581 2942 2831 3006 volendi
2856 2963 2929 3005 ac
2960 2941 3387 3024 prosequendi
3410 2965 3425 3016 ;
3450 2957 3597 3023 qnam

709 3023 882 3087 Deus
929 3025 1212 3090 suaviter
1258 3028 1636 3094 excitatione
1679 3031 1726 3096 81
1765 3032 2174 3095 inclinatione
2199 3031 2435 3096 actuali
2460 3053 2574 3114 per
2597 3029 2875 3114 gratiam
2900 3029 3243 3094 secundam
3276 3051 3391 3094 seu
3416 3027 3597 3094 subse-
3650 3085 3652 3090 .

709 3116 1010 3194 quentem
1034 3114 1416 3181 determinat
1446 3119 1491 3182 &
1539 3119 1820 3202 applicat
1870 3121 1949 3183 ad
1996 3121 2333 3206 agendum,
2390 3124 2461 3184 ut
2515 3119 2605 3183 sic
2652 3140 2729 3183 ex
2760 3119 3015 3182 nolente
3038 3117 3154 3180 fiat
3178 3117 3401 3182 volens
3424 3121 3469 3184 ἃ
3488 3117 3597 3180 actu

710 3204 880 3284 agat.
927 3199 970 3264 J
975 3225 1077 3266 am
1109 3226 1256 3268 vero
1303 3205 1577 3271 invitum
1619 3209 1667 3274 81
1697 3213 1985 3273 coactum
2009 3213 2107 3272 est
2130 3213 2349 3273 contra
2374 3207 2787 3272 intrinsecum
2812 3205 3219 3290 principium,
3244 3209 3291 3272 81
3315 3203 3595 3290 propriam

711 3289 1204 3356 inclinationem.
1255 3293 1434 3379 [pag.
1485 3297 1646 3381 403]
1696 3296 1929 3362 Confer
1975 3321 2167 3382 supra
2216 3298 2436 3362 thesin.
2488 3299 2545 3359 l.
2602 3294 2716 3360 VI.
2765 3296 2945 3371 Quod
3000 3317 3130 3360 non
3152 3295 3237 3358 sit
3264 3292 3598 3359 miraculum

709 3377 928 3462 stricte
955 3381 1000 3444 8⁵
1025 3382 1276 3464 proprie
1295 3383 1382 3447 sic
1409 3383 1680 3450 dictum:
1710 3387 1861 3469 quia
1886 3392 1983 3451 est
2006 3387 2325 3451 ordinaria
2352 3387 2444 3450 vis
2470 3385 2590 3450 Dei
2616 3385 2677 3448 in
2706 3384 2927 3449 electis
2951 3383 3395 3449 convertendis
3423 3381 3598 3467 Ephes-

723 3469 774 3530 l.
815 3469 915 3531 18.
974 3469 1070 3531 19.
1122 3467 1354 3536 Confer
1375 3473 1538 3557 disp.
1565 3475 1640 3545 de
1669 3475 2009 3541 ,lii-raculis.
2061 3473 2207 3540 VII.
2264 3475 2447 3557 Quod
2470 3495 2797 3558 nunquam
2822 3473 3153 3537 iteretur&
3186 3493 3507 3555 nunquam
3530 3473 3599 3531 to·

711 3555 929 3620 taliter
975 3562 1088 3621 aut
1132 3559 1410 3625 finaliter
1454 3564 1764 3628 terminus
1797 3587 1910 3628 seu
1935 3565 2195 3628 effectus
2229 3565 2362 3646 ejus
2396 3561 2684 3627 formalis
2716 3562 3085 3626 aboleatur:
3124 3561 3289 3624 unde
3320 3561 3509 3625 etiam
3528 3577 3598 3620 ar·

715 3651 1087 3729 gumentum
1111 3647 1354 3712 desumi
1378 3651 1560 3728 solet,
1585 3656 1803 3716 contra
1829 3652 2363 3737 anabaptismum,
2402 3675 2514 3716 seu
2542 3651 2841 3715 iteratum
2868 3649 3289 3732 baptismum.
3338 3649 3601 3715 Problem-

719 3735 814 3798 An
841 3735 965 3799 dici
983 3735 1215 3818 possit:
1237 3740 1421 3803 semel
1443 3760 1580 3806 eam
1605 3743 1746 3827 sieri
1767 3754 2081 3827 qctanlum
2110 3743 2196 3806 ad
2218 3743 2533 3806 dationem
2555 3740 2701 3827 fidei
2736 3737 2799 3804 ἃ·
2815 3739 3331 3825 justificationem
3352 3763 3372 3802 .·
3396 3735 3601 3821 saepiu

711 3836 922 3890 autem
944 3838 1256 3911 qim-ntum.
1295 3829 1381 3892 ad
1421 3831 1865 3912 poenitentiam
1916 3829 1980 3896 ἃ·
2020 3831 2587 3918 sanctificationem.
2642 3829 2817 3911 Hesp.
2848 3825 3121 3890 Videtur
3144 3827 3505 3900 absurdum,
3524 3823 3601 3918 aui

713 3909 1093 3986 ἀκυρὸλσγον.
1119 3915 1367 3990 Quaero
1399 3940 1476 3980 an
1513 3919 1788 4001 primum
1842 3921 1977 4002 ejus
2004 3925 2416 3995 momentum,
2451 3939 2531 3981 an
2558 3939 2704 3980 vero
2730 3916 3075 3980 secundum
3108 3909 3599 4000 intelligatur-’Sl

716 4002 904 4066 illud:
955 4001 1074 4068 hoc
1128 4024 1279 4067 sane
1323 4027 1649 4090 nunquam
1697 4008 1986 4072 iteratur.
2034 4006 2145 4071 Sin
2173 4007 2376 4071 istud:
2413 4006 2548 4070 dico
2574 4004 2895 4069 dationem
2918 4002 3066 4068 fidei
3090 4003 3156 4066 in
3182 4009 3329 4067 actu
3356 3999 3600 4067 secundo-

717 4090 835 4155 hoc
883 4097 978 4155 est
1031 4094 1164 4173 ejus
1220 4096 1692 4160 renovationem
1739 4097 1784 4162 81
1815 4119 1930 4180 per
1962 4119 2101 4160 eam
2120 4094 2595 4180 justificationis
2618 4114 2872 4157 sensum
2899 4114 3099 4176 aeque
3123 4091 3368 4171 iterari,
3402 4115 3473 4154 ac
3498 4110 3600 4174 poe·

719 4179 1024 4245 nitentiae
1049 4183 1094 4248 &
1117 4183 1654 4249 sanctificationis

807 4269 878 4338 6.
927 4271 1215 4356 Cognata
1261 4274 1781 4356 regenerationis,
1823 4297 1986 4358 quae
2033 4298 2177 4339 cum
2226 4297 2300 4338 ea
2346 4276 2767 4337 consentanea
2814 4275 2927 4336 aut
2972 4271 3379 4335 dissentanea
3402 4286 3601 4349 compa·

721 4361 968 4425 ratione
1005 4358 1276 4424 conferri
1301 4366 1567 4444 possunt
1590 4361 1641 4427 I.
1669 4363 1941 4429 CreatiO.
1967 4363 2050 4429 Π.
2080 4361 2507 4429 Resuscitatio
2532 4365 2947 4427 mortuorum.
2974 4357 3092 4426 111.
3124 4357 3355 4425 Insitio
3383 4359 3541 4426 Rom.
3558 4352 3597 4412 6-
3646 4351 3648 4388 ³

3524 4423 3648 4526 N!
