3694 4871
607 344 731 407 110
1068 334 2346 405 Dtsr.IV.Dstcsss1·1-A¹rr.
2394 355 2487 399 13¹1·
2535 330 3050 402 Uriam-arn

611 528 1004 597 Christianae
1053 525 1520 610 reformationis
1565 527 1636 591 in
1679 526 1843 591 hisce
1865 522 2226 609 reqionibns
2248 534 2537 608 receptae.
2585 521 2835 588 Ibidem
2865 521 3234 587 describunt
3262 523 3533 588 asseclas

605 618 906 703 quosdam
950 615 1135 700 [pag.
1163 613 1325 700 513]
1351 636 1517 694 suos,
1541 616 1710 701 quod
1732 614 1981 699 primae
2015 610 2078 677 ἃ·
2100 612 2395 698 antiquae
2424 612 2862 696 reformationi
2881 610 3226 679 adhaerere
3244 612 3530 698 cupiunt.

605 706 826 783 Qualis
875 702 1532 769 Remonstrantismus
1579 704 1768 768 hodie
1814 702 1883 766 in
1938 701 2145 767 medio
2194 699 2815 767 Remonstrantismo
2862 721 2990 764 non
3034 699 3383 779 invenitur,
3416 723 3531 765 non

607 793 814 879 magis
861 812 1057 875 quam
1103 791 1367 856 ecclesia
1397 790 1689 857 Romana
1714 792 1980 873 antiqua
2004 790 2070 853 in
2094 788 2421 868 hodierna,
2446 794 2561 855 aut
2584 788 2971 855 reformatae
2996 788 3302 854 ecclesiae
3326 793 3533 874 pastor

608 884 676 947 in
723 880 990 959 Ochin0,
1039 877 1328 944 Neusero
1359 882 1462 947 sc.
1489 881 1862 947 candidatus
1886 878 2228 943 ministerii
2250 878 2318 942 in
2342 876 2645 958 StatoriO,
2670 878 3029 943 membrum
3058 882 3319 943 nostrae
3344 878 3533 943 eccle-

610 972 743 1036 siae
790 970 858 1035 in
904 966 1238 1049 Dudithic,
1276 966 1606 1050 eribaldo,
1633 971 1733 1035 810.
1761 972 2099 1053 postquam
2120 966 2255 1051 jam
2280 967 2361 1032 ab
2388 966 2689 1032 ecclesiae
2713 966 3097 1032 reformatae
3118 966 3412 1032 doctrina
3432 966 3533 1032 de-

609 1059 928 1125 fecissent.
977 1056 1116 1121 Nec
1152 1056 1578 1143 intelligimus
1611 1056 2047 1122 contentiones
2072 1059 2185 1119 aut
2207 1055 2670 1121 controversias
2693 1056 3002 1139 quasdam
3026 1054 3349 1139 politicas,
3376 1055 3533 1120 inter

610 1145 998 1227 Provinciae,
1047 1149 1161 1210 aut
1203 1146 1517 1227 civitatee,
1543 1150 1656 1212 aut
1679 1144 2103 1231 Magistratus
2127 1145 2174 1211 St
2197 1144 2485 1209 subditos
2510 1147 2609 1211 Sto.
2637 1143 2797 1209 Illae
2822 1144 2992 1208 enim
3018 1165 3143 1208 non
3172 1148 3329 1208 sunt
3352 1144 3530 1229 hujus

609 1235 755 1315 fori,
790 1238 838 1303 a
861 1234 970 1319 qui
1002 1256 1110 1299 eas
1133 1235 1324 1301 rebus
1347 1234 1580 1300 divinis
1605 1234 1987 1313 immiscent,
2015 1236 2127 1297 aut
2150 1233 2416 1298 subdole
2442 1256 2558 1317 pro
2582 1232 2664 1297 iis
2691 1236 3079 1317 supponunt,
3102 1237 3220 1297 aut
3244 1234 3328 1297 ad
3352 1233 3530 1317 hujus

611 1323 1076 1391 controversiae
1123 1323 1504 1390 decisionem
1529 1324 1846 1402 adferunt,
1874 1322 2055 1405 quasi
2079 1319 2545 1397 μεταβαίνοντες
2578 1324 2657 1390 εἰς
2692 1322 2847 1381 ἄλλο
2874 1320 3066 1396 γένος,
3092 1320 3143 1385 ii
3174 1326 3351 1386 certe
3374 1320 3535 1387 aliud

612 1414 766 1499 quid
811 1434 925 1498 per
969 1413 1479 1496 praetensionem
1525 1411 1858 1498 religionis
1910 1414 2245 1494 quaerunt,
2270 1432 2464 1494 quam
2488 1409 2885 1495 religionem.
2940 1407 3090 1474 Non
3113 1408 3533 1496 intelligimus

610 1502 829 1583 etiam,
876 1500 1296 1585 compositum
1325 1503 1372 1568 ει
1401 1498 1901 1575 συνδεδυασμὲνον
1923 1498 2075 1582 quid
2100 1520 2177 1563 ex
2200 1498 2647 1565 controversiis
2672 1500 2719 1566 St
2742 1496 3235 1563 discessionibus
3268 1497 3535 1564 Ecclesi-

613 1590 830 1657 asticis
853 1611 927 1654 ac
956 1589 1236 1672 politicis
1265 1589 1480 1669 simul,
1513 1610 1640 1672 quo
1663 1587 1965 1673 Belgium
1988 1590 2274 1653 nostrum
2308 1588 2546 1652 alicubi
2570 1586 2947 1652 infestatum
2970 1586 3119 1665 fuit,
3146 1591 3219 1652 ut
3251 1610 3529 1653 nonnun-

611 1700 806 1765 quam
850 1678 1054 1744 altera
1099 1678 1362 1745 alterius
1400 1677 1643 1743 occasio
1667 1698 1741 1741 ac
1763 1698 1955 1743 causa
1978 1675 2311 1741 existeret:
2338 1675 2464 1741 Sed
2487 1697 2717 1761 purum
2740 1678 2969 1760 putum
3006 1673 3473 1762 Theologicum
3492 1676 3533 1743 ἃ

614 1766 1111 1835 ecclesiasticum
1159 1766 1309 1851 quid
1356 1765 1770 1850 concipimuS,
1819 1764 1867 1831 81
1912 1764 2195 1849 praecise
2231 1765 2310 1830 de
2343 1788 2417 1830 eo
2440 1765 2859 1849 disputamus.
2914 1762 3020 1829 An
3042 1764 3145 1844 sit,
3170 1777 3289 1831 ant
3316 1765 3533 1831 debeat.

613 1856 764 1923 Non
811 1854 1084 1940 denique
1126 1855 1550 1942 intelligimus
1597 1853 1917 1919 auditores
1963 1855 2011 1919 81
2064 1853 2372 1933 membra,
2420 1853 2553 1918 sive
2608 1853 2876 1918 seorsim
2906 1852 3039 1918 sive
3070 1852 3415 1933 collectim,
3438 1852 3537 1937 qui

615 1944 1206 2012 Remonstrantium
1255 1945 1584 2009 conciones
1609 1964 1776 2007 nunc
1799 1941 2089 2020 audiunt,
2116 1942 2317 2007 autin
2341 1942 2625 2026 ipsorum
2650 1940 2937 2007 coetibus
2958 1942 3345 2027 religionem
3368 1964 3535 2008 suam

618 2036 912 2100 exercent
965 2054 1040 2099 ac
1086 2034 1496 2118 profitentur:
1544 2030 1776 2116 Neque
1823 2030 1996 2095 enim
2043 2028 2151 2095 hic
2196 2029 2594 2115 disquiritur,
2650 2050 2813 2115 quae
2857 2031 2905 2096 81
2950 2028 3163 2114 qualis
3188 2030 3449 2097 illorum
3474 2031 3539 2095 fit

621 2123 814 2201 fides;
858 2121 1172 2207 quomodo
1218 2120 1462 2207 singuli
1491 2119 1823 2199 invitandi,
1856 2119 2217 2184 attrahendi
2245 2124 2358 2184 aut
2387 2118 2757 2184 retrahendi
2780 2119 2863 2184 ad
2884 2119 3201 2184 unitatem
3226 2120 3539 2186 Ecclesiae

616 2215 893 2290 nostrae,
939 2210 1170 2294 quibus
1209 2209 1678 2275 conditionibus
1701 2208 2047 2293 recipiendi
2072 2210 2172 2275 810.
2221 2206 2398 2273 Haec
2422 2208 2591 2273 enim
2616 2208 2695 2272 ad
2720 2207 3013 2292 politiam
3036 2208 3539 2287 ecclesiasticam,

619 2303 666 2368 81
715 2300 964 2387 agenda
1009 2299 1306 2384 specialia
1358 2298 1711 2383 pertinent:
1761 2297 1837 2362 de
1862 2297 2093 2379 quibus
2117 2298 2449 2382 generales
2474 2318 2746 2361 canones
2769 2296 2997 2361 statuti
3020 2294 3089 2361 in
3112 2299 3374 2382 synodis
3396 2297 3541 2363 Pro·

619 2388 1020 2469 vincialibus,
1067 2388 1446 2472 praesertim
1493 2383 2106 2471 Zuyd-Hollandicis
2152 2384 2445 2452 Leidensi
2491 2408 2659 2451 anno
2687 2385 2857 2450 1619
2882 2407 3025 2452 011111
3057 2383 3365 2453 Dordrac.
3390 2407 3541 2453 anno

625 2479 820 2542 1627.
869 2479 916 2545 St
959 2475 1251 2543 Delfensi
1296 2498 1464 2542 anno
1516 2476 1705 2540 1628.
1733 2497 1807 2540 00
1829 2473 2125 2540 Leidensi
2148 2497 2314 2540 anno
2348 2475 2535 2539 2629.
2570 2474 2876 2558 aliisque:
2903 2475 3153 2558 reliqua
3179 2477 3543 2560 prudentiae

621 2571 952 2652 pastorum
976 2566 1024 2631 a
1053 2565 1596 2650 presbyteriorum
1617 2563 2100 2648 permittuntur.
2126 2561 2249 2628 Sed
2276 2586 2389 2648 per
2412 2562 3103 2629 Remonstrantismum
3124 2564 3543 2652 intelligimus

621 2655 982 2722 Societatem
1026 2655 1620 2722 Remonstrantium-
1661 2663 1800 2718 tum
1821 2652 2267 2720 ministrorum
2290 2664 2429 2718 tum
2452 2664 2759 2730 coetuum,
2784 2653 2899 2739 qui
2914 2664 3055 2736 post
3072 2655 3544 2742 promulqatum

610 2744 930 2830 juditium
975 2743 1205 2830 synodi
1248 2743 1691 2810 Dordracenae
1734 2761 1928 2807 anno.
1984 2742 2173 2806 1619.
2215 2753 2573 2828 separatam
2592 2741 3069 2826 professionem,
3092 2743 3459 2828 reliqionem
3480 2742 3541 2806 in

626 2831 892 2899 coetibus
935 2831 1070 2898 suis
1113 2852 1386 2898 exercere
1406 2852 1472 2897 se
1491 2831 1891 2918 profitentur,
1914 2831 2319 2916 conformiter
2345 2830 2733 2916 Confessioni
2752 2849 2908 2896 snae
2924 2850 3042 2915 per
3064 2830 3426 2919 apolcyiam
3446 2851 3541 2896 er-

623 2921 886 3007 plicatae
905 2941 980 2988 ac
1002 2921 1308 3006 defensae.
1341 2918 1418 2985 In
1441 2919 1543 2984 his
1565 2917 1861 2984 terminis
1885 2918 2313 2985 controversia
2335 2919 2496 2984 haec
2518 2918 2897 2984 continenda
2916 2942 2931 2996 ;
2958 2923 3139 2984 extra
3162 2943 3307 2985 eam
3332 2921 3389 2986 si
3411 2919 3543 3004 quis

629 3012 952 3095 evagetur,
1001 3013 1116 3076 aut
1157 3031 1302 3074 cum
1334 3009 1477 3074 aliis
1501 3007 1981 3093 quaestionibus
2012 3030 2155 3073 00111
2180 3007 2527 3074 confundat
2547 3029 2623 3073 ac
2645 3007 3045 3092 permisceat,
3067 3007 3126 3073 is
3150 3030 3281 3074 non
3305 3008 3544 3094 quaerit

630 3099 986 3179 veritatem,
1018 3097 1130 3164 sed
1152 3097 1342 3184 fugit.

718 3183 789 3257 2.
838 3186 976 3253 Nos
1018 3189 1362 3274 negantem
1407 3185 1788 3252 sententiam
1811 3185 2173 3266 statuimus,
2199 3188 2461 3272 propter
2482 3185 2601 3250 has
2624 3206 2846 3250 causas
2891 3184 2943 3252 I.
2968 3183 3133 3262 Quia
3162 3187 3547 3254 confessione

631 3279 678 3344 81
721 3275 1034 3362 religione
1079 3279 1118 3341 a
1165 3276 1348 3340 nobis
1374 3275 1702 3352 dissident,
1728 3274 1776 3340 81
1807 3274 2062 3357 quidem
2086 3274 2154 3339 in
2176 3274 2580 3340 necessariis:
2608 3274 2777 3358 quod
2799 3273 2925 3358 ipsi
2948 3274 3110 3339 haut
3132 3275 3401 3343 obscure
3424 3299 3547 3342 sae-

629 3365 776 3451 pius
819 3366 1162 3447 inculcant,
1188 3387 1332 3430 cum
1356 3387 1472 3449 pro
1497 3363 1875 3430 scismaticis
1900 3385 2013 3429 seu
2036 3363 2347 3449 separatis
2379 3363 2511 3428 suis
2535 3363 2951 3428 conventibus
2972 3369 3361 3449 pugnantes,
3386 3389 3545 3432 com-

629 3454 998 3520 munionem
1027 3454 1355 3519 nobiscum
1388 3453 1470 3539 (si
1493 3453 1628 3518 scil.
1654 3453 1723 3516 in
1745 3451 1868 3517 hac
1890 3452 2015 3517 fide
2038 3457 2257 3518 nostra
2280 3453 2326 3520 ἃ
2350 3450 2737 3536 professione
2770 3473 2958 3517 ann0.
2987 3452 3181 3518 1619.
3212 3477 3333 3538 per
3354 3453 3547 3540 Syno-

632 3544 784 3609 dum
828 3541 1240 3609 Nationalem
1262 3541 1539 3626 repetita
1568 3542 1616 3607 81
1639 3540 1929 3605 stabilita
1961 3542 2356 3625 maneamus)
2382 3539 2711 3605 colendam
2730 3545 2992 3626 negant,
3017 3543 3065 3607 81
3086 3541 3251 3608 nihil
3276 3543 3411 3610 fere
3434 3541 3549 3608 sibi

633 3653 778 3698 cum
822 3631 1187 3697 reformatis
1235 3631 1416 3718 [pag.
1445 3629 1608 3716 514]
1655 3651 1991 3694 commune
2044 3651 2181 3694 esse
2226 3629 2582 3695 voluerunt.
2654 3627 2819 3694 Vide
2870 3629 3121 3695 libellos
3166 3633 3546 3710 vernaculos,

633 3719 867 3787 Achati
897 3721 1248 3806 Manium,
1301 3719 1879 3786 Remonstrantium
1910 3717 2179 3785 iiber-um
2200 3719 2578 3798 exercitium,
2606 3717 2930 3786 Nullitates
2952 3719 3182 3806 synodi
3202 3721 3547 3787 Dor-drace-

633 3830 773 3888 nae,
806 3809 1096 3875 libellum
1120 3807 1590 3893 apologeticum
1615 3828 1730 3891 pro
1761 3811 1977 3872 statua
2000 3807 2255 3872 Erasmi
2288 3805 2693 3872 Roterodam.
2724 3806 2823 3871 cui
2852 3807 2951 3871 tit.
2992 3807 3274 3894 Sponqia
3304 3809 3548 3877 Erasmi

632 3910 851 3965 contra
894 3898 1214 3986 quendam
1262 3897 1628 3963 Ministrum
1675 3897 2275 3962 Boterodamensem.
2326 3896 2473 3961 coll:
2515 3917 2660 3960 011111
2689 3894 2995 3981 Apolo9ia
3024 3897 3097 3962 in
3116 3900 3387 3985 praefat.
3436 3897 3548 3964 His

635 3986 794 4052 adde
817 3987 1241 4072 suspicionem
1271 3985 1630 4064 Socinismi,
1656 3985 1703 4050 81
1726 3985 2331 4050 demonstrationem
2354 3984 2586 4050 intenti
2608 4005 2753 4048 cum
2778 3985 2908 4050 illis
2932 3987 3370 4070 syncretismi3
3402 4009 3547 4072 quas

635 4075 918 4141 maculas
965 4075 1246 4142 nondum
1270 4075 1737 4140 absterserunt:
1771 4072 1847 4138 de
1873 4095 1999 4158 quo
2022 4072 2213 4139 infra.
2240 4073 2565 4138 Addamus
2588 4094 2757 4137 nunc
2780 4079 3159 4159 argumenta
3182 4077 3391 4164 magis
3414 4097 3547 4161 spe·

639 4163 846 4230 cialia.
891 4163 978 4230 H.
1019 4163 1324 4229 Doctrina
1347 4161 1700 4248 Pelagiana
1722 4162 1790 4226 in
1813 4163 2094 4246 quinque
2124 4161 2413 4227 articulis
2432 4187 2447 4241 ;
2474 4183 2668 4246 quam
2690 4163 2870 4228 nulla
2894 4161 3212 4230 Professio
3236 4165 3546 4231 Christia-

639 4273 865 4318 norum
912 4255 1012 4338 (ut
1056 4252 1314 4337 quidem
1359 4251 1474 4317 illa
1497 4248 1751 4334 scriptis
1775 4251 2323 4337 antisynodalibus
2348 4251 2731 4335 explicatur)
2758 4251 3075 4332 admittet,
3100 4275 3180 4318 ne
3207 4254 3459 4338 quidem
3488 4253 3548 4316 in

638 4362 765 4406 uno
809 4341 1078 4407 articulo
1123 4342 1199 4406 de
1247 4339 1454 4405 Morte
1501 4339 1760 4404 Christi.
1809 4338 2267 4424 Praeterquam
2316 4341 2483 4423 quod
2530 4339 2883 4405 Lutherani
2913 4362 3165 4407 omnem
3197 4343 3547 4430 synergiam

635 4429 826 4495 liberi
850 4429 1104 4495 arbitrii
1125 4431 1192 4494 in
1215 4429 1426 4514 primo
1449 4427 1876 4494 conversionis
1900 4432 2221 4495 momento
2245 4427 2555 4513 rejiciant.
2594 4425 2831 4494 Neutri
2858 4428 3055 4495 etiam
3084 4431 3323 4515 placita
3344 4451 3547 4497 eorum

3474 4519 3545 4583 de
