<?xml version="1.0" encoding="UTF-8"?>
<!DOCTYPE html PUBLIC "-//W3C//DTD XHTML 1.0 Transitional//EN"
    "http://www.w3.org/TR/xhtml1/DTD/xhtml1-transitional.dtd">
<html xmlns="http://www.w3.org/1999/xhtml" xml:lang="en" lang="en">
 <head>
  <title>
</title>
<meta http-equiv="Content-Type" content="text/html;charset=utf-8" />
  <meta name='ocr-system' content='tesseract 3.04.00' />
  <meta name='ocr-capabilities' content='ocr_page ocr_carea ocr_par ocr_line ocrx_word'/>
</head>
<body>
  <div class='ocr_page' id='page_1' title='image "./selectarumdispu00kuypgoog_0252.png"; bbox 0 0 3694 4871; ppageno 0'>
   <div class='ocr_carea' id='block_1_1' title="bbox 302 335 3028 412">
    <p class='ocr_par' dir='ltr' id='par_1_1' title="bbox 302 335 3028 412">
     <span class='ocr_line' id='line_1_1' title="bbox 302 335 3028 412; baseline 0 -12"><span class='ocrx_word' id='word_1_1' title='bbox 302 335 722 403; x_wconf 71' lang='lat' dir='ltr'>D1sp.VIII.</span> <span class='ocrx_word' id='word_1_2' title='bbox 769 337 891 402; x_wconf 72' lang='lat' dir='ltr'>Dr:</span> <span class='ocrx_word' id='word_1_3' title='bbox 937 336 1346 404; x_wconf 62' lang='lat' dir='ltr'>Psasona</span> <span class='ocrx_word' id='word_1_4' title='bbox 1393 340 1778 404; x_wconf 75' lang='lat' dir='ltr'>Cns1s&#39;r1</span> <span class='ocrx_word' id='word_1_5' title='bbox 1826 338 2433 412; x_wconf 69' lang='grc' dir='ltr'>ΜευῐΛτοΒιε,</span> <span class='ocrx_word' id='word_1_6' title='bbox 2480 337 2709 403; x_wconf 48' lang='lat' dir='ltr'>Pras</span> <span class='ocrx_word' id='word_1_7' title='bbox 2757 335 2810 403; x_wconf 93' lang='lat' dir='ltr'>I.</span> <span class='ocrx_word' id='word_1_8' title='bbox 2904 336 3028 401; x_wconf 84' lang='lat'>221</span> 
     </span>
    </p>
   </div>
   <div class='ocr_carea' id='block_1_2' title="bbox 126 522 3038 4495">
    <p class='ocr_par' dir='ltr' id='par_1_2' title="bbox 126 522 3038 3326">
     <span class='ocr_line' id='line_1_2' title="bbox 132 522 3034 610; baseline 0.001 -25"><span class='ocrx_word' id='word_1_9' title='bbox 132 522 305 585; x_wconf 81' lang='lat' dir='ltr'>males</span> <span class='ocrx_word' id='word_1_10' title='bbox 366 525 546 608; x_wconf 69' lang='lat' dir='ltr'>(qim,</span> <span class='ocrx_word' id='word_1_11' title='bbox 590 544 709 607; x_wconf 78' lang='lat' dir='ltr'>per</span> <span class='ocrx_word' id='word_1_12' title='bbox 752 545 967 609; x_wconf 73' lang='lat' dir='ltr'>qtmm,</span> <span class='ocrx_word' id='word_1_13' title='bbox 1016 524 1131 590; x_wconf 81' lang='lat' dir='ltr'>sub</span> <span class='ocrx_word' id='word_1_14' title='bbox 1176 524 1331 610; x_wconf 71' lang='lat' dir='ltr'>quei)</span> <span class='ocrx_word' id='word_1_15' title='bbox 1378 547 1539 609; x_wconf 80' lang='lat' dir='ltr'>quae</span> <span class='ocrx_word' id='word_1_16' title='bbox 1589 547 1655 588; x_wconf 90' lang='lat' dir='ltr'>se</span> <span class='ocrx_word' id='word_1_17' title='bbox 1704 528 1965 590; x_wconf 89' lang='lat' dir='ltr'>teneant</span> <span class='ocrx_word' id='word_1_18' title='bbox 2013 546 2090 588; x_wconf 82' lang='lat' dir='ltr'>ex</span> <span class='ocrx_word' id='word_1_19' title='bbox 2135 527 2321 608; x_wconf 88' lang='lat' dir='ltr'>parte</span> <span class='ocrx_word' id='word_1_20' title='bbox 2365 522 2616 607; x_wconf 87' lang='lat' dir='ltr'>objecti,</span> <span class='ocrx_word' id='word_1_21' title='bbox 2665 522 2769 587; x_wconf 91' lang='lat' dir='ltr'>hic</span> <span class='ocrx_word' id='word_1_22' title='bbox 2815 545 3034 588; x_wconf 88' lang='lat' dir='ltr'>conce-</span> 
     </span>
     <span class='ocr_line' id='line_1_3' title="bbox 130 610 3034 696; baseline 0.002 -24"><span class='ocrx_word' id='word_1_23' title='bbox 130 610 279 688; x_wconf 84' lang='lat' dir='ltr'>dant,</span> <span class='ocrx_word' id='word_1_24' title='bbox 323 617 651 675; x_wconf 79' lang='lat' dir='ltr'>aeternam</span> <span class='ocrx_word' id='word_1_25' title='bbox 698 612 834 677; x_wconf 91' lang='lat' dir='ltr'>scil.</span> <span class='ocrx_word' id='word_1_26' title='bbox 888 613 1193 677; x_wconf 88' lang='lat' dir='ltr'>deitatem</span> <span class='ocrx_word' id='word_1_27' title='bbox 1240 616 1285 679; x_wconf 64' lang='lat' dir='ltr'>a</span> <span class='ocrx_word' id='word_1_28' title='bbox 1326 612 1805 677; x_wconf 72' lang='lat' dir='ltr'>mediationem:</span> <span class='ocrx_word' id='word_1_29' title='bbox 1842 613 2008 677; x_wconf 89' lang='lat' dir='ltr'>unde</span> <span class='ocrx_word' id='word_1_30' title='bbox 2040 616 2496 696; x_wconf 75' lang='lat' dir='ltr'>consequenter</span> <span class='ocrx_word' id='word_1_31' title='bbox 2522 612 2677 675; x_wconf 87' lang='lat' dir='ltr'>duas</span> <span class='ocrx_word' id='word_1_32' title='bbox 2705 610 3034 677; x_wconf 87' lang='lat' dir='ltr'>distinctas</span> 
     </span>
     <span class='ocr_line' id='line_1_4' title="bbox 128 697 3038 785; baseline 0.001 -24"><span class='ocrx_word' id='word_1_33' title='bbox 128 698 489 762; x_wconf 81' lang='lat' dir='ltr'>adorationis</span> <span class='ocrx_word' id='word_1_34' title='bbox 544 700 785 783; x_wconf 89' lang='lat' dir='ltr'>species</span> <span class='ocrx_word' id='word_1_35' title='bbox 818 701 1215 785; x_wconf 86' lang='lat' dir='ltr'>exsculpunt.</span> <span class='ocrx_word' id='word_1_36' title='bbox 1265 701 1593 777; x_wconf 81' lang='lat' dir='ltr'>Quomodo</span> <span class='ocrx_word' id='word_1_37' title='bbox 1636 701 1705 765; x_wconf 87' lang='lat' dir='ltr'>in</span> <span class='ocrx_word' id='word_1_38' title='bbox 1732 701 2104 784; x_wconf 78' lang='lat' dir='ltr'>quaestione</span> <span class='ocrx_word' id='word_1_39' title='bbox 2128 702 2203 766; x_wconf 89' lang='lat' dir='ltr'>de</span> <span class='ocrx_word' id='word_1_40' title='bbox 2229 700 2569 765; x_wconf 86' lang='lat' dir='ltr'>Filiatione</span> <span class='ocrx_word' id='word_1_41' title='bbox 2594 698 2835 764; x_wconf 87' lang='lat' dir='ltr'>Christi</span> <span class='ocrx_word' id='word_1_42' title='bbox 2858 697 3038 763; x_wconf 88' lang='lat' dir='ltr'>Soci-</span> 
     </span>
     <span class='ocr_line' id='line_1_5' title="bbox 130 785 3036 874; baseline 0.002 -25"><span class='ocrx_word' id='word_1_43' title='bbox 130 785 279 849; x_wconf 82' lang='lat' dir='ltr'>niani</span> <span class='ocrx_word' id='word_1_44' title='bbox 324 786 652 851; x_wconf 81' lang='lat' dir='ltr'>affirmant</span> <span class='ocrx_word' id='word_1_45' title='bbox 698 788 1021 853; x_wconf 76' lang='lat' dir='ltr'>Christum</span> <span class='ocrx_word' id='word_1_46' title='bbox 1082 790 1250 854; x_wconf 88' lang='lat' dir='ltr'>credi</span> <span class='ocrx_word' id='word_1_47' title='bbox 1298 790 1503 854; x_wconf 87' lang='lat' dir='ltr'>filium</span> <span class='ocrx_word' id='word_1_48' title='bbox 1557 788 1680 853; x_wconf 89' lang='lat' dir='ltr'>Dei</span> <span class='ocrx_word' id='word_1_49' title='bbox 1704 790 2128 874; x_wconf 88' lang='lat' dir='ltr'>unigenitum,</span> <span class='ocrx_word' id='word_1_50' title='bbox 2157 792 2408 853; x_wconf 84' lang='lat' dir='ltr'>tantum</span> <span class='ocrx_word' id='word_1_51' title='bbox 2433 791 2560 873; x_wconf 77' lang='lat' dir='ltr'>qua</span> <span class='ocrx_word' id='word_1_52' title='bbox 2584 810 2696 851; x_wconf 89' lang='lat' dir='ltr'>seu</span> <span class='ocrx_word' id='word_1_53' title='bbox 2723 792 3036 871; x_wconf 88' lang='lat' dir='ltr'>quatenus</span> 
     </span>
     <span class='ocr_line' id='line_1_6' title="bbox 128 875 3038 955; baseline 0.001 -18"><span class='ocrx_word' id='word_1_54' title='bbox 128 875 441 939; x_wconf 84' lang='lat' dir='ltr'>suscitatus</span> <span class='ocrx_word' id='word_1_55' title='bbox 487 879 585 939; x_wconf 89' lang='lat' dir='ltr'>est</span> <span class='ocrx_word' id='word_1_56' title='bbox 640 898 719 941; x_wconf 85' lang='lat' dir='ltr'>ex</span> <span class='ocrx_word' id='word_1_57' title='bbox 763 878 1054 955; x_wconf 79' lang='lat' dir='ltr'>mortuiS‚</span> <span class='ocrx_word' id='word_1_58' title='bbox 1104 878 1423 942; x_wconf 85' lang='lat' dir='ltr'>exaltatus</span> <span class='ocrx_word' id='word_1_59' title='bbox 1455 878 1535 941; x_wconf 87' lang='lat' dir='ltr'>ad</span> <span class='ocrx_word' id='word_1_60' title='bbox 1560 879 1850 942; x_wconf 84' lang='lat' dir='ltr'>dextram</span> <span class='ocrx_word' id='word_1_61' title='bbox 1874 876 1997 941; x_wconf 91' lang='lat' dir='ltr'>Dei</span> <span class='ocrx_word' id='word_1_62' title='bbox 2022 879 2066 943; x_wconf 76' lang='grc' dir='ltr'>δι</span> <span class='ocrx_word' id='word_1_63' title='bbox 2092 875 2300 941; x_wconf 88' lang='lat' dir='ltr'>factus</span> <span class='ocrx_word' id='word_1_64' title='bbox 2327 878 2393 941; x_wconf 91' lang='lat' dir='ltr'>in</span> <span class='ocrx_word' id='word_1_65' title='bbox 2417 876 2766 941; x_wconf 89' lang='lat' dir='ltr'>Dominum</span> <span class='ocrx_word' id='word_1_66' title='bbox 2791 878 2835 941; x_wconf 79' lang='lat'>81</span> <span class='ocrx_word' id='word_1_67' title='bbox 2861 875 3038 941; x_wconf 90' lang='lat' dir='ltr'>Chri·</span> 
     </span>
     <span class='ocr_line' id='line_1_7' title="bbox 128 964 3038 1049; baseline 0.001 -23"><span class='ocrx_word' id='word_1_68' title='bbox 128 967 307 1039; x_wconf 75' lang='lat' dir='ltr'>stum:</span> <span class='ocrx_word' id='word_1_69' title='bbox 364 968 605 1049; x_wconf 84' lang='lat' dir='ltr'>negant</span> <span class='ocrx_word' id='word_1_70' title='bbox 656 987 799 1029; x_wconf 88' lang='lat' dir='ltr'>vero</span> <span class='ocrx_word' id='word_1_71' title='bbox 850 987 994 1029; x_wconf 90' lang='lat' dir='ltr'>eum</span> <span class='ocrx_word' id='word_1_72' title='bbox 1048 966 1193 1029; x_wconf 89' lang='lat' dir='ltr'>inde</span> <span class='ocrx_word' id='word_1_73' title='bbox 1228 967 1397 1031; x_wconf 91' lang='lat' dir='ltr'>credi</span> <span class='ocrx_word' id='word_1_74' title='bbox 1429 966 1635 1029; x_wconf 91' lang='lat' dir='ltr'>filium</span> <span class='ocrx_word' id='word_1_75' title='bbox 1659 966 2082 1049; x_wconf 87' lang='lat' dir='ltr'>unigenitum,</span> <span class='ocrx_word' id='word_1_76' title='bbox 2109 968 2236 1047; x_wconf 75' lang='lat' dir='ltr'>qua</span> <span class='ocrx_word' id='word_1_77' title='bbox 2255 965 2336 1029; x_wconf 88' lang='lat' dir='ltr'>ab</span> <span class='ocrx_word' id='word_1_78' title='bbox 2361 970 2620 1029; x_wconf 91' lang='lat' dir='ltr'>aeterno</span> <span class='ocrx_word' id='word_1_79' title='bbox 2656 964 2914 1049; x_wconf 87' lang='lat' dir='ltr'>genitus</span> <span class='ocrx_word' id='word_1_80' title='bbox 2939 970 3038 1029; x_wconf 89' lang='lat' dir='ltr'>est</span> 
     </span>
     <span class='ocr_line' id='line_1_8' title="bbox 128 1052 3035 1138; baseline 0.001 -24"><span class='ocrx_word' id='word_1_81' title='bbox 128 1072 191 1113; x_wconf 81' lang='lat' dir='ltr'>ex</span> <span class='ocrx_word' id='word_1_82' title='bbox 220 1052 571 1116; x_wconf 84' lang='lat' dir='ltr'>substantia</span> <span class='ocrx_word' id='word_1_83' title='bbox 600 1052 824 1136; x_wconf 77' lang='lat' dir='ltr'>patriS,</span> <span class='ocrx_word' id='word_1_84' title='bbox 850 1054 943 1117; x_wconf 89' lang='lat' dir='ltr'>ita</span> <span class='ocrx_word' id='word_1_85' title='bbox 968 1058 1041 1117; x_wconf 92' lang='lat' dir='ltr'>ut</span> <span class='ocrx_word' id='word_1_86' title='bbox 1070 1054 1226 1137; x_wconf 92' lang='lat' dir='ltr'>ipsis</span> <span class='ocrx_word' id='word_1_87' title='bbox 1250 1054 1739 1118; x_wconf 87' lang='lat' dir='ltr'>fundamentum</span> <span class='ocrx_word' id='word_1_88' title='bbox 1764 1053 2092 1118; x_wconf 81' lang='lat' dir='ltr'>filiationis</span> <span class='ocrx_word' id='word_1_89' title='bbox 2117 1054 2164 1118; x_wconf 59' lang='grc' dir='ltr'>ἃ.</span> <span class='ocrx_word' id='word_1_90' title='bbox 2191 1054 2356 1118; x_wconf 88' lang='lat' dir='ltr'>ratio</span> <span class='ocrx_word' id='word_1_91' title='bbox 2383 1054 2518 1137; x_wconf 90' lang='lat' dir='ltr'>ejus</span> <span class='ocrx_word' id='word_1_92' title='bbox 2541 1054 2835 1137; x_wconf 70' lang='lat' dir='ltr'>formalis</span> <span class='ocrx_word' id='word_1_93' title='bbox 2858 1075 3035 1138; x_wconf 78' lang='lat' dir='ltr'>quae,</span> 
     </span>
     <span class='ocr_line' id='line_1_9' title="bbox 128 1141 3038 1227; baseline 0.001 -25"><span class='ocrx_word' id='word_1_94' title='bbox 128 1160 255 1221; x_wconf 74' lang='lat' dir='ltr'>qm,</span> <span class='ocrx_word' id='word_1_95' title='bbox 296 1160 409 1224; x_wconf 79' lang='lat' dir='ltr'>per</span> <span class='ocrx_word' id='word_1_96' title='bbox 452 1158 668 1225; x_wconf 67' lang='lat' dir='ltr'>qtmm,</span> <span class='ocrx_word' id='word_1_97' title='bbox 712 1141 827 1207; x_wconf 76' lang='lat' dir='ltr'>sub</span> <span class='ocrx_word' id='word_1_98' title='bbox 872 1163 1003 1227; x_wconf 82' lang='lat' dir='ltr'>qua</span> <span class='ocrx_word' id='word_1_99' title='bbox 1057 1142 1142 1205; x_wconf 89' lang='lat' dir='ltr'>sit</span> <span class='ocrx_word' id='word_1_100' title='bbox 1196 1142 1331 1206; x_wconf 88' lang='lat' dir='ltr'>sola</span> <span class='ocrx_word' id='word_1_101' title='bbox 1378 1142 1707 1207; x_wconf 83' lang='lat' dir='ltr'>suscitatio</span> <span class='ocrx_word' id='word_1_102' title='bbox 1756 1164 1833 1207; x_wconf 86' lang='lat' dir='ltr'>ex</span> <span class='ocrx_word' id='word_1_103' title='bbox 1881 1142 2148 1217; x_wconf 78' lang='lat' dir='ltr'>mortuis</span> <span class='ocrx_word' id='word_1_104' title='bbox 2195 1141 2241 1205; x_wconf 66' lang='grc' dir='ltr'>δε</span> <span class='ocrx_word' id='word_1_105' title='bbox 2267 1141 2573 1205; x_wconf 85' lang='lat' dir='ltr'>exaltatio</span> <span class='ocrx_word' id='word_1_106' title='bbox 2596 1143 2697 1207; x_wconf 71' lang='grc' dir='ltr'>διε.</span> <span class='ocrx_word' id='word_1_107' title='bbox 2730 1164 2854 1205; x_wconf 91' lang='lat' dir='ltr'>non</span> <span class='ocrx_word' id='word_1_108' title='bbox 2891 1164 3038 1206; x_wconf 83' lang='lat' dir='ltr'>vero</span> 
     </span>
     <span class='ocr_line' id='line_1_10' title="bbox 126 1227 3036 1313; baseline 0.001 -24"><span class='ocrx_word' id='word_1_109' title='bbox 126 1228 431 1309; x_wconf 83' lang='lat' dir='ltr'>generatio</span> <span class='ocrx_word' id='word_1_110' title='bbox 477 1251 555 1292; x_wconf 84' lang='lat' dir='ltr'>ex</span> <span class='ocrx_word' id='word_1_111' title='bbox 610 1230 971 1294; x_wconf 87' lang='lat' dir='ltr'>substantia</span> <span class='ocrx_word' id='word_1_112' title='bbox 1005 1230 1227 1313; x_wconf 78' lang='lat' dir='ltr'>patriS.</span> <span class='ocrx_word' id='word_1_113' title='bbox 1276 1229 1801 1295; x_wconf 86' lang='lat' dir='ltr'>Remonstrantes</span> <span class='ocrx_word' id='word_1_114' title='bbox 1836 1235 2174 1313; x_wconf 89' lang='lat' dir='ltr'>utrumque</span> <span class='ocrx_word' id='word_1_115' title='bbox 2207 1230 2578 1308; x_wconf 88' lang='lat' dir='ltr'>concedunt,</span> <span class='ocrx_word' id='word_1_116' title='bbox 2611 1227 2657 1292; x_wconf 75' lang='grc' dir='ltr'>δι</span> <span class='ocrx_word' id='word_1_117' title='bbox 2680 1230 2866 1312; x_wconf 90' lang='lat' dir='ltr'>plura</span> <span class='ocrx_word' id='word_1_118' title='bbox 2888 1229 3036 1293; x_wconf 86' lang='lat' dir='ltr'>fun·</span> 
     </span>
     <span class='ocr_line' id='line_1_11' title="bbox 127 1314 3032 1400; baseline 0.001 -22"><span class='ocrx_word' id='word_1_119' title='bbox 127 1314 397 1381; x_wconf 75' lang='lat' dir='ltr'>(lamenta</span> <span class='ocrx_word' id='word_1_120' title='bbox 450 1340 563 1381; x_wconf 89' lang='lat' dir='ltr'>seu</span> <span class='ocrx_word' id='word_1_121' title='bbox 610 1318 825 1400; x_wconf 89' lang='lat' dir='ltr'>plures</span> <span class='ocrx_word' id='word_1_122' title='bbox 874 1319 1155 1383; x_wconf 84' lang='lat' dir='ltr'>rationes</span> <span class='ocrx_word' id='word_1_123' title='bbox 1202 1318 1504 1383; x_wconf 81' lang='lat' dir='ltr'>formales</span> <span class='ocrx_word' id='word_1_124' title='bbox 1554 1319 1882 1383; x_wconf 87' lang='lat' dir='ltr'>filiationis</span> <span class='ocrx_word' id='word_1_125' title='bbox 1909 1318 2104 1397; x_wconf 91' lang='lat' dir='ltr'>illius,</span> <span class='ocrx_word' id='word_1_126' title='bbox 2131 1318 2236 1382; x_wconf 92' lang='lat' dir='ltr'>hic</span> <span class='ocrx_word' id='word_1_127' title='bbox 2261 1318 2630 1383; x_wconf 86' lang='lat' dir='ltr'>admittunt.</span> <span class='ocrx_word' id='word_1_128' title='bbox 2679 1316 3032 1382; x_wconf 83' lang='lat' dir='ltr'>Orthodoxi</span> 
     </span>
     <span class='ocr_line' id='line_1_12' title="bbox 126 1404 3034 1489; baseline 0.001 -23"><span class='ocrx_word' id='word_1_129' title='bbox 126 1409 323 1468; x_wconf 86' lang='lat' dir='ltr'>contra</span> <span class='ocrx_word' id='word_1_130' title='bbox 372 1404 538 1468; x_wconf 86' lang='lat' dir='ltr'>nihil</span> <span class='ocrx_word' id='word_1_131' title='bbox 585 1405 691 1469; x_wconf 90' lang='lat' dir='ltr'>hic</span> <span class='ocrx_word' id='word_1_132' title='bbox 724 1404 1078 1470; x_wconf 89' lang='lat' dir='ltr'>Socinianis</span> <span class='ocrx_word' id='word_1_133' title='bbox 1111 1408 1479 1485; x_wconf 88' lang='lat' dir='ltr'>concedunt,</span> <span class='ocrx_word' id='word_1_134' title='bbox 1514 1411 1868 1471; x_wconf 85' lang='lat' dir='ltr'>asserentes</span> <span class='ocrx_word' id='word_1_135' title='bbox 1892 1406 2218 1471; x_wconf 85' lang='lat' dir='ltr'>Christum</span> <span class='ocrx_word' id='word_1_136' title='bbox 2250 1406 2456 1470; x_wconf 90' lang='lat' dir='ltr'>filium</span> <span class='ocrx_word' id='word_1_137' title='bbox 2479 1406 2602 1471; x_wconf 91' lang='lat' dir='ltr'>Dei</span> <span class='ocrx_word' id='word_1_138' title='bbox 2633 1405 3034 1489; x_wconf 82' lang='lat' dir='ltr'>unigenitum</span> 
     </span>
     <span class='ocr_line' id='line_1_13' title="bbox 126 1494 3033 1579; baseline 0.001 -24"><span class='ocrx_word' id='word_1_139' title='bbox 126 1513 265 1571; x_wconf 87' lang='lat' dir='ltr'>esse,</span> <span class='ocrx_word' id='word_1_140' title='bbox 286 1516 407 1556; x_wconf 91' lang='lat' dir='ltr'>non</span> <span class='ocrx_word' id='word_1_141' title='bbox 434 1497 561 1577; x_wconf 71' lang='lat' dir='ltr'>qua</span> <span class='ocrx_word' id='word_1_142' title='bbox 586 1494 1061 1578; x_wconf 86' lang='lat' dir='ltr'>(reduplicative</span> <span class='ocrx_word' id='word_1_143' title='bbox 1089 1498 1371 1579; x_wconf 85' lang='lat' dir='ltr'>accepto)</span> <span class='ocrx_word' id='word_1_144' title='bbox 1398 1496 1773 1559; x_wconf 87' lang='lat' dir='ltr'>suscitatum</span> <span class='ocrx_word' id='word_1_145' title='bbox 1798 1518 1876 1559; x_wconf 81' lang='lat' dir='ltr'>ex</span> <span class='ocrx_word' id='word_1_146' title='bbox 1893 1494 2162 1558; x_wconf 86' lang='lat' dir='ltr'>mortuis</span> <span class='ocrx_word' id='word_1_147' title='bbox 2186 1496 2232 1561; x_wconf 61' lang='lat'>8⁶</span> <span class='ocrx_word' id='word_1_148' title='bbox 2256 1495 2603 1559; x_wconf 84' lang='lat' dir='ltr'>exaltatum</span> <span class='ocrx_word' id='word_1_149' title='bbox 2629 1495 2693 1559; x_wconf 88' lang='lat' dir='ltr'>in</span> <span class='ocrx_word' id='word_1_150' title='bbox 2711 1495 3033 1558; x_wconf 88' lang='lat' dir='ltr'>dominum</span> 
     </span>
     <span class='ocr_line' id='line_1_14' title="bbox 126 1582 3038 1669; baseline 0.001 -26"><span class='ocrx_word' id='word_1_151' title='bbox 126 1582 167 1643; x_wconf 75' lang='lat'>81</span> <span class='ocrx_word' id='word_1_152' title='bbox 189 1582 604 1659; x_wconf 69' lang='lat' dir='ltr'>mediatorerm</span> <span class='ocrx_word' id='word_1_153' title='bbox 638 1583 749 1645; x_wconf 88' lang='lat' dir='ltr'>sed</span> <span class='ocrx_word' id='word_1_154' title='bbox 772 1586 1025 1647; x_wconf 88' lang='lat' dir='ltr'>tantum</span> <span class='ocrx_word' id='word_1_155' title='bbox 1050 1587 1176 1666; x_wconf 73' lang='lat' dir='ltr'>qua</span> <span class='ocrx_word' id='word_1_156' title='bbox 1192 1584 1481 1669; x_wconf 87' lang='lat' dir='ltr'>genitum</span> <span class='ocrx_word' id='word_1_157' title='bbox 1506 1606 1583 1647; x_wconf 87' lang='lat' dir='ltr'>ex</span> <span class='ocrx_word' id='word_1_158' title='bbox 1608 1584 1970 1648; x_wconf 84' lang='lat' dir='ltr'>substantia</span> <span class='ocrx_word' id='word_1_159' title='bbox 1996 1585 2097 1648; x_wconf 70' lang='lat' dir='ltr'>Sto.</span> <span class='ocrx_word' id='word_1_160' title='bbox 2123 1582 2386 1667; x_wconf 85' lang='lat' dir='ltr'>Negant</span> <span class='ocrx_word' id='word_1_161' title='bbox 2411 1584 2595 1666; x_wconf 89' lang='lat' dir='ltr'>plura</span> <span class='ocrx_word' id='word_1_162' title='bbox 2620 1582 3038 1647; x_wconf 88' lang='lat' dir='ltr'>fundamenta</span> 
     </span>
     <span class='ocr_line' id='line_1_15' title="bbox 128 1669 3037 1757; baseline 0.001 -24"><span class='ocrx_word' id='word_1_163' title='bbox 128 1670 170 1733; x_wconf 71' lang='grc' dir='ltr'>δι</span> <span class='ocrx_word' id='word_1_164' title='bbox 210 1669 411 1751; x_wconf 90' lang='lat' dir='ltr'>plures</span> <span class='ocrx_word' id='word_1_165' title='bbox 460 1670 741 1734; x_wconf 84' lang='lat' dir='ltr'>rationes</span> <span class='ocrx_word' id='word_1_166' title='bbox 787 1670 1087 1735; x_wconf 84' lang='lat' dir='ltr'>formales</span> <span class='ocrx_word' id='word_1_167' title='bbox 1112 1672 1216 1736; x_wconf 87' lang='lat' dir='ltr'>hic</span> <span class='ocrx_word' id='word_1_168' title='bbox 1241 1694 1397 1749; x_wconf 89' lang='lat' dir='ltr'>esse,</span> <span class='ocrx_word' id='word_1_169' title='bbox 1424 1676 1676 1754; x_wconf 86' lang='lat' dir='ltr'>praeter</span> <span class='ocrx_word' id='word_1_170' title='bbox 1702 1676 2028 1736; x_wconf 87' lang='lat' dir='ltr'>aeternam</span> <span class='ocrx_word' id='word_1_171' title='bbox 2063 1671 2538 1757; x_wconf 86' lang='lat' dir='ltr'>generationem</span> <span class='ocrx_word' id='word_1_172' title='bbox 2574 1694 2652 1735; x_wconf 87' lang='lat' dir='ltr'>ex</span> <span class='ocrx_word' id='word_1_173' title='bbox 2676 1672 3037 1735; x_wconf 83' lang='lat' dir='ltr'>substantia</span> 
     </span>
     <span class='ocr_line' id='line_1_16' title="bbox 126 1756 3036 1844; baseline 0.001 -23"><span class='ocrx_word' id='word_1_174' title='bbox 126 1756 216 1821; x_wconf 63' lang='lat' dir='ltr'>&amp;c-</span> <span class='ocrx_word' id='word_1_175' title='bbox 244 1756 371 1823; x_wconf 85' lang='lat' dir='ltr'>Nec</span> <span class='ocrx_word' id='word_1_176' title='bbox 396 1759 744 1823; x_wconf 85' lang='lat' dir='ltr'>admittunt</span> <span class='ocrx_word' id='word_1_177' title='bbox 767 1759 1206 1823; x_wconf 83' lang='lat' dir='ltr'>distinctiones</span> <span class='ocrx_word' id='word_1_178' title='bbox 1235 1760 1401 1824; x_wconf 88' lang='lat' dir='ltr'>inter</span> <span class='ocrx_word' id='word_1_179' title='bbox 1426 1760 1912 1825; x_wconf 89' lang='lat' dir='ltr'>fundamentum</span> <span class='ocrx_word' id='word_1_180' title='bbox 1943 1764 2057 1824; x_wconf 89' lang='lat' dir='ltr'>aut</span> <span class='ocrx_word' id='word_1_181' title='bbox 2089 1760 2403 1824; x_wconf 86' lang='lat' dir='ltr'>rationem</span> <span class='ocrx_word' id='word_1_182' title='bbox 2430 1759 2764 1825; x_wconf 88' lang='lat' dir='ltr'>formalem</span> <span class='ocrx_word' id='word_1_183' title='bbox 2795 1760 3036 1844; x_wconf 85' lang='lat' dir='ltr'>prima-</span> 
     </span>
     <span class='ocr_line' id='line_1_17' title="bbox 130 1844 3038 1935; baseline 0.001 -28"><span class='ocrx_word' id='word_1_184' title='bbox 130 1844 271 1909; x_wconf 85' lang='lat' dir='ltr'>riam</span> <span class='ocrx_word' id='word_1_185' title='bbox 312 1848 357 1912; x_wconf 69' lang='grc' dir='ltr'>δι</span> <span class='ocrx_word' id='word_1_186' title='bbox 403 1847 861 1925; x_wconf 85' lang='lat' dir='ltr'>secundariam,</span> <span class='ocrx_word' id='word_1_187' title='bbox 915 1870 1025 1911; x_wconf 91' lang='lat' dir='ltr'>seu</span> <span class='ocrx_word' id='word_1_188' title='bbox 1051 1848 1321 1931; x_wconf 86' lang='lat' dir='ltr'>primam</span> <span class='ocrx_word' id='word_1_189' title='bbox 1349 1850 1394 1913; x_wconf 66' lang='lat' dir='ltr'>s</span> <span class='ocrx_word' id='word_1_190' title='bbox 1420 1848 1760 1913; x_wconf 87' lang='lat' dir='ltr'>secundam</span> <span class='ocrx_word' id='word_1_191' title='bbox 1784 1850 2005 1935; x_wconf 88' lang='lat' dir='ltr'>(quam</span> <span class='ocrx_word' id='word_1_192' title='bbox 2029 1848 2322 1913; x_wconf 88' lang='lat' dir='ltr'>nonnulli</span> <span class='ocrx_word' id='word_1_193' title='bbox 2346 1847 2588 1912; x_wconf 87' lang='lat' dir='ltr'>frustra</span> <span class='ocrx_word' id='word_1_194' title='bbox 2609 1848 2677 1911; x_wconf 91' lang='lat' dir='ltr'>in</span> <span class='ocrx_word' id='word_1_195' title='bbox 2710 1848 2828 1913; x_wconf 82' lang='lat' dir='ltr'>hac</span> <span class='ocrx_word' id='word_1_196' title='bbox 2853 1870 3038 1931; x_wconf 87' lang='lat' dir='ltr'>quae·</span> 
     </span>
     <span class='ocr_line' id='line_1_18' title="bbox 130 1932 3035 2023; baseline 0.002 -29"><span class='ocrx_word' id='word_1_197' title='bbox 130 1932 311 1997; x_wconf 79' lang='lat' dir='ltr'>stione</span> <span class='ocrx_word' id='word_1_198' title='bbox 356 1935 551 1999; x_wconf 85' lang='lat' dir='ltr'>etiam</span> <span class='ocrx_word' id='word_1_199' title='bbox 602 1936 963 2021; x_wconf 87' lang='lat' dir='ltr'>usurpant);</span> <span class='ocrx_word' id='word_1_200' title='bbox 991 1936 1159 2001; x_wconf 89' lang='lat' dir='ltr'>inter</span> <span class='ocrx_word' id='word_1_201' title='bbox 1184 1936 1493 2000; x_wconf 90' lang='lat' dir='ltr'>rationem</span> <span class='ocrx_word' id='word_1_202' title='bbox 1522 1936 1857 2001; x_wconf 88' lang='lat' dir='ltr'>formalem</span> <span class='ocrx_word' id='word_1_203' title='bbox 1890 1957 2018 2023; x_wconf 77' lang='lat' dir='ltr'>qua</span> <span class='ocrx_word' id='word_1_204' title='bbox 2045 1959 2155 2001; x_wconf 89' lang='lat' dir='ltr'>seu</span> <span class='ocrx_word' id='word_1_205' title='bbox 2180 1958 2292 2020; x_wconf 79' lang='lat' dir='ltr'>per</span> <span class='ocrx_word' id='word_1_206' title='bbox 2313 1957 2530 2022; x_wconf 82' lang='lat' dir='ltr'>quam,</span> <span class='ocrx_word' id='word_1_207' title='bbox 2557 1938 2601 2002; x_wconf 82' lang='lat'>&amp;</span> <span class='ocrx_word' id='word_1_208' title='bbox 2636 1936 2802 2000; x_wconf 90' lang='lat' dir='ltr'>inter</span> <span class='ocrx_word' id='word_1_209' title='bbox 2827 1937 3035 2000; x_wconf 89' lang='lat' dir='ltr'>ratio-</span> 
     </span>
     <span class='ocr_line' id='line_1_19' title="bbox 132 2020 3036 2109; baseline 0.002 -26"><span class='ocrx_word' id='word_1_210' title='bbox 132 2042 256 2085; x_wconf 80' lang='lat' dir='ltr'>nem</span> <span class='ocrx_word' id='word_1_211' title='bbox 298 2020 629 2087; x_wconf 86' lang='lat' dir='ltr'>formalem</span> <span class='ocrx_word' id='word_1_212' title='bbox 658 2024 773 2089; x_wconf 74' lang='lat' dir='ltr'>sub</span> <span class='ocrx_word' id='word_1_213' title='bbox 797 2046 923 2109; x_wconf 80' lang='lat' dir='ltr'>qua</span> <span class='ocrx_word' id='word_1_214' title='bbox 957 2030 1141 2107; x_wconf 85' lang='lat' dir='ltr'>(quae</span> <span class='ocrx_word' id='word_1_215' title='bbox 1168 2026 1361 2089; x_wconf 87' lang='lat' dir='ltr'>etiam</span> <span class='ocrx_word' id='word_1_216' title='bbox 1394 2024 1632 2089; x_wconf 88' lang='lat' dir='ltr'>frustra</span> <span class='ocrx_word' id='word_1_217' title='bbox 1655 2025 1761 2089; x_wconf 91' lang='lat' dir='ltr'>hic</span> <span class='ocrx_word' id='word_1_218' title='bbox 1786 2024 2191 2107; x_wconf 87' lang='lat' dir='ltr'>adhibetur):</span> <span class='ocrx_word' id='word_1_219' title='bbox 2219 2024 2498 2089; x_wconf 83' lang='lat' dir='ltr'>Tantum</span> <span class='ocrx_word' id='word_1_220' title='bbox 2523 2024 2872 2087; x_wconf 86' lang='lat' dir='ltr'>admittunt</span> <span class='ocrx_word' id='word_1_221' title='bbox 2892 2046 3036 2088; x_wconf 87' lang='lat' dir='ltr'>cum</span> 
     </span>
     <span class='ocr_line' id='line_1_20' title="bbox 132 2110 3036 2199; baseline 0.001 -26"><span class='ocrx_word' id='word_1_222' title='bbox 132 2110 418 2193; x_wconf 80' lang='lat' dir='ltr'>scriptura</span> <span class='ocrx_word' id='word_1_223' title='bbox 466 2110 791 2176; x_wconf 86' lang='lat' dir='ltr'>Christum</span> <span class='ocrx_word' id='word_1_224' title='bbox 848 2113 1017 2176; x_wconf 93' lang='lat' dir='ltr'>credi</span> <span class='ocrx_word' id='word_1_225' title='bbox 1067 2113 1467 2197; x_wconf 88' lang='lat' dir='ltr'>unigenitum</span> <span class='ocrx_word' id='word_1_226' title='bbox 1515 2112 1637 2177; x_wconf 92' lang='lat' dir='ltr'>Dei</span> <span class='ocrx_word' id='word_1_227' title='bbox 1683 2113 1909 2193; x_wconf 86' lang='lat' dir='ltr'>filium,</span> <span class='ocrx_word' id='word_1_228' title='bbox 1941 2114 2094 2199; x_wconf 80' lang='lat' dir='ltr'>quia</span> <span class='ocrx_word' id='word_1_229' title='bbox 2120 2116 2272 2199; x_wconf 89' lang='lat' dir='ltr'>(non</span> <span class='ocrx_word' id='word_1_230' title='bbox 2296 2113 2448 2196; x_wconf 72' lang='lat' dir='ltr'>qua)</span> <span class='ocrx_word' id='word_1_231' title='bbox 2473 2112 2814 2177; x_wconf 84' lang='lat' dir='ltr'>suscitatus</span> <span class='ocrx_word' id='word_1_232' title='bbox 2841 2117 2938 2177; x_wconf 90' lang='lat' dir='ltr'>est</span> <span class='ocrx_word' id='word_1_233' title='bbox 2959 2135 3036 2177; x_wconf 82' lang='lat' dir='ltr'>ex</span> 
     </span>
     <span class='ocr_line' id='line_1_21' title="bbox 132 2198 3036 2284; baseline 0.002 -24"><span class='ocrx_word' id='word_1_234' title='bbox 132 2198 369 2263; x_wconf 86' lang='lat' dir='ltr'>mortuis</span> <span class='ocrx_word' id='word_1_235' title='bbox 401 2203 525 2264; x_wconf 77' lang='lat' dir='ltr'>Act.</span> <span class='ocrx_word' id='word_1_236' title='bbox 560 2200 662 2263; x_wconf 81' lang='grc'><strong>13.</strong></span> <span class='ocrx_word' id='word_1_237' title='bbox 690 2200 832 2265; x_wconf 91' lang='lat' dir='ltr'>coll.</span> <span class='ocrx_word' id='word_1_238' title='bbox 866 2224 1009 2265; x_wconf 90' lang='lat' dir='ltr'>cum</span> <span class='ocrx_word' id='word_1_239' title='bbox 1036 2202 1211 2267; x_wconf 83' lang='lat' dir='ltr'>Rom.</span> <span class='ocrx_word' id='word_1_240' title='bbox 1244 2203 1299 2265; x_wconf 92' lang='lat'>1.</span> <span class='ocrx_word' id='word_1_241' title='bbox 1326 2224 1383 2265; x_wconf 88' lang='grc' dir='ltr'>υ.</span> <span class='ocrx_word' id='word_1_242' title='bbox 1419 2203 1478 2265; x_wconf 92' lang='grc'>4.</span> <span class='ocrx_word' id='word_1_243' title='bbox 1528 2200 1649 2265; x_wconf 90' lang='lat' dir='ltr'>His</span> <span class='ocrx_word' id='word_1_244' title='bbox 1675 2201 1768 2265; x_wconf 87' lang='lat' dir='ltr'>ita</span> <span class='ocrx_word' id='word_1_245' title='bbox 1793 2201 2128 2284; x_wconf 85' lang='lat' dir='ltr'>explicatis</span> <span class='ocrx_word' id='word_1_246' title='bbox 2153 2201 2438 2265; x_wconf 87' lang='lat' dir='ltr'>videmus</span> <span class='ocrx_word' id='word_1_247' title='bbox 2469 2201 2632 2265; x_wconf 85' lang='lat' dir='ltr'>circa</span> <span class='ocrx_word' id='word_1_248' title='bbox 2657 2200 3036 2284; x_wconf 89' lang='lat' dir='ltr'>disputatio-</span> 
     </span>
     <span class='ocr_line' id='line_1_22' title="bbox 132 2287 3037 2372; baseline 0.002 -24"><span class='ocrx_word' id='word_1_249' title='bbox 132 2306 257 2349; x_wconf 87' lang='lat' dir='ltr'>nem</span> <span class='ocrx_word' id='word_1_250' title='bbox 300 2309 439 2351; x_wconf 86' lang='lat' dir='ltr'>cum</span> <span class='ocrx_word' id='word_1_251' title='bbox 480 2287 835 2353; x_wconf 88' lang='lat' dir='ltr'>Socinianis</span> <span class='ocrx_word' id='word_1_252' title='bbox 868 2290 913 2353; x_wconf 82' lang='lat'>&amp;</span> <span class='ocrx_word' id='word_1_253' title='bbox 938 2288 1538 2355; x_wconf 85' lang='lat' dir='ltr'>Remonstrantibus</span> <span class='ocrx_word' id='word_1_254' title='bbox 1570 2290 1730 2353; x_wconf 93' lang='lat' dir='ltr'>nihil</span> <span class='ocrx_word' id='word_1_255' title='bbox 1760 2290 1936 2353; x_wconf 91' lang='lat' dir='ltr'>aliud</span> <span class='ocrx_word' id='word_1_256' title='bbox 1960 2289 2200 2372; x_wconf 85' lang='lat' dir='ltr'>quaeri,</span> <span class='ocrx_word' id='word_1_257' title='bbox 2229 2294 2341 2353; x_wconf 90' lang='lat' dir='ltr'>aut</span> <span class='ocrx_word' id='word_1_258' title='bbox 2366 2289 2586 2371; x_wconf 86' lang='lat' dir='ltr'>quaeri</span> <span class='ocrx_word' id='word_1_259' title='bbox 2619 2289 2844 2353; x_wconf 87' lang='lat' dir='ltr'>debere</span> <span class='ocrx_word' id='word_1_260' title='bbox 2869 2288 3037 2353; x_wconf 88' lang='lat' dir='ltr'>inter</span> 
     </span>
     <span class='ocr_line' id='line_1_23' title="bbox 136 2372 3030 2463; baseline 0.002 -26"><span class='ocrx_word' id='word_1_261' title='bbox 136 2372 281 2457; x_wconf 87' lang='lat' dir='ltr'>ipsos</span> <span class='ocrx_word' id='word_1_262' title='bbox 327 2376 731 2456; x_wconf 72' lang='lat' dir='ltr'>orthodOXOS,</span> <span class='ocrx_word' id='word_1_263' title='bbox 758 2400 975 2462; x_wconf 87' lang='lat' dir='ltr'>quam,</span> <span class='ocrx_word' id='word_1_264' title='bbox 1001 2376 1102 2442; x_wconf 88' lang='lat' dir='ltr'>An</span> <span class='ocrx_word' id='word_1_265' title='bbox 1130 2382 1299 2443; x_wconf 89' lang='lat' dir='ltr'>recte</span> <span class='ocrx_word' id='word_1_266' title='bbox 1324 2378 1369 2442; x_wconf 63' lang='grc'>81,</span> <span class='ocrx_word' id='word_1_267' title='bbox 1402 2383 1691 2444; x_wconf 88' lang='lat' dir='ltr'>accurate</span> <span class='ocrx_word' id='word_1_268' title='bbox 1719 2378 1973 2444; x_wconf 90' lang='lat' dir='ltr'>concedi</span> <span class='ocrx_word' id='word_1_269' title='bbox 2000 2377 2202 2463; x_wconf 88' lang='lat' dir='ltr'>possit</span> <span class='ocrx_word' id='word_1_270' title='bbox 2226 2376 2604 2442; x_wconf 83' lang='lat' dir='ltr'>adversariis</span> <span class='ocrx_word' id='word_1_271' title='bbox 2627 2376 3030 2443; x_wconf 83' lang='lat' dir='ltr'>heterodoxis</span> 
     </span>
     <span class='ocr_line' id='line_1_24' title="bbox 134 2465 3030 2552; baseline 0.002 -28"><span class='ocrx_word' id='word_1_272' title='bbox 134 2485 195 2524; x_wconf 84' lang='lat' dir='ltr'>eo</span> <span class='ocrx_word' id='word_1_273' title='bbox 242 2465 513 2548; x_wconf 88' lang='lat' dir='ltr'>ipsorum</span> <span class='ocrx_word' id='word_1_274' title='bbox 539 2488 729 2530; x_wconf 89' lang='lat' dir='ltr'>sensu</span> <span class='ocrx_word' id='word_1_275' title='bbox 755 2467 799 2527; x_wconf 64' lang='grc' dir='ltr'><strong>ἠ</strong></span> <span class='ocrx_word' id='word_1_276' title='bbox 826 2468 949 2531; x_wconf 88' lang='lat' dir='ltr'>fine</span> <span class='ocrx_word' id='word_1_277' title='bbox 974 2475 1183 2550; x_wconf 90' lang='lat' dir='ltr'>(quem</span> <span class='ocrx_word' id='word_1_278' title='bbox 1218 2469 1405 2531; x_wconf 89' lang='lat' dir='ltr'>modo</span> <span class='ocrx_word' id='word_1_279' title='bbox 1429 2467 1872 2551; x_wconf 87' lang='lat' dir='ltr'>indicavimus)</span> <span class='ocrx_word' id='word_1_280' title='bbox 1899 2466 2394 2552; x_wconf 80' lang='lat' dir='ltr'>disputantibus,</span> <span class='ocrx_word' id='word_1_281' title='bbox 2427 2467 2552 2530; x_wconf 90' lang='lat' dir='ltr'>ista</span> <span class='ocrx_word' id='word_1_282' title='bbox 2579 2489 2800 2531; x_wconf 89' lang='lat' dir='ltr'>eorum</span> <span class='ocrx_word' id='word_1_283' title='bbox 2825 2467 3030 2550; x_wconf 84' lang='lat' dir='ltr'>hypo-</span> 
     </span>
     <span class='ocr_line' id='line_1_25' title="bbox 132 2550 3030 2655; baseline 0.002 -42"><span class='ocrx_word' id='word_1_284' title='bbox 132 2550 325 2630; x_wconf 73' lang='lat' dir='ltr'>thesis:</span> <span class='ocrx_word' id='word_1_285' title='bbox 358 2553 647 2620; x_wconf 73' lang='lat' dir='ltr'>Christus</span> <span class='ocrx_word' id='word_1_286' title='bbox 662 2576 789 2655; x_wconf 76' lang='lat' dir='ltr'>qua</span> <span class='ocrx_word' id='word_1_287' title='bbox 806 2557 1112 2620; x_wconf 77' lang='lat' dir='ltr'>mediator</span> <span class='ocrx_word' id='word_1_288' title='bbox 1125 2567 1211 2620; x_wconf 78' lang='lat' dir='ltr'>ese</span> <span class='ocrx_word' id='word_1_289' title='bbox 1229 2556 1631 2621; x_wconf 77' lang='lat' dir='ltr'>invocandus:</span> <span class='ocrx_word' id='word_1_290' title='bbox 1648 2556 1779 2620; x_wconf 85' lang='lat' dir='ltr'>sive</span> <span class='ocrx_word' id='word_1_291' title='bbox 1797 2555 2088 2620; x_wconf 89' lang='lat' dir='ltr'>absolute</span> <span class='ocrx_word' id='word_1_292' title='bbox 2105 2555 2352 2619; x_wconf 88' lang='lat' dir='ltr'>dicatur</span> <span class='ocrx_word' id='word_1_293' title='bbox 2367 2555 2580 2639; x_wconf 88' lang='lat' dir='ltr'>plures</span> <span class='ocrx_word' id='word_1_294' title='bbox 2599 2576 2734 2619; x_wconf 88' lang='lat' dir='ltr'>esse</span> <span class='ocrx_word' id='word_1_295' title='bbox 2753 2555 3030 2619; x_wconf 87' lang='lat' dir='ltr'>rationes</span> 
     </span>
     <span class='ocr_line' id='line_1_26' title="bbox 132 2637 3032 2720; baseline 0.003 -20"><span class='ocrx_word' id='word_1_296' title='bbox 132 2637 851 2720; x_wconf 82' lang='lat' dir='ltr'>formalesinvocatloniS,</span> <span class='ocrx_word' id='word_1_297' title='bbox 867 2649 937 2707; x_wconf 93' lang='lat' dir='ltr'>ut</span> <span class='ocrx_word' id='word_1_298' title='bbox 954 2644 1245 2708; x_wconf 86' lang='lat' dir='ltr'>nonnulli</span> <span class='ocrx_word' id='word_1_299' title='bbox 1264 2645 1503 2720; x_wconf 82' lang='lat' dir='ltr'>volunt,</span> <span class='ocrx_word' id='word_1_300' title='bbox 1517 2643 1807 2708; x_wconf 79' lang='lat' dir='ltr'>adhibita</span> <span class='ocrx_word' id='word_1_301' title='bbox 1820 2644 2220 2708; x_wconf 87' lang='lat' dir='ltr'>distinctione</span> <span class='ocrx_word' id='word_1_302' title='bbox 2239 2642 2504 2707; x_wconf 84' lang='lat' dir='ltr'>rationis</span> <span class='ocrx_word' id='word_1_303' title='bbox 2523 2642 2876 2707; x_wconf 88' lang='lat' dir='ltr'>formalisin</span> <span class='ocrx_word' id='word_1_304' title='bbox 2947 2665 3032 2708; x_wconf 85' lang='lat' dir='ltr'>ua</span> 
     </span>
     <span class='ocr_line' id='line_1_27' title="bbox 131 2665 3031 2818; baseline 0.002 -29"><span class='ocrx_word' id='word_1_305' title='bbox 131 2749 225 2790; x_wconf 74' lang='lat' dir='ltr'>seu</span> <span class='ocrx_word' id='word_1_306' title='bbox 238 2751 575 2816; x_wconf 71' lang='lat' dir='ltr'>perquam,</span> <span class='ocrx_word' id='word_1_307' title='bbox 602 2733 647 2797; x_wconf 69' lang='lat' dir='ltr'>a</span> <span class='ocrx_word' id='word_1_308' title='bbox 669 2731 737 2796; x_wconf 92' lang='lat' dir='ltr'>in</span> <span class='ocrx_word' id='word_1_309' title='bbox 762 2732 879 2796; x_wconf 89' lang='lat' dir='ltr'>sub</span> <span class='ocrx_word' id='word_1_310' title='bbox 903 2753 1027 2818; x_wconf 75' lang='lat' dir='ltr'>qua</span> <span class='ocrx_word' id='word_1_311' title='bbox 1048 2733 1171 2796; x_wconf 87' lang='lat' dir='ltr'>:ita</span> <span class='ocrx_word' id='word_1_312' title='bbox 1188 2733 1365 2818; x_wconf 86' lang='lat' dir='ltr'>[pag.</span> <span class='ocrx_word' id='word_1_313' title='bbox 1390 2733 1548 2817; x_wconf 83' lang='lat'>309]</span> <span class='ocrx_word' id='word_1_314' title='bbox 1568 2738 1641 2797; x_wconf 87' lang='lat' dir='ltr'>ut</span> <span class='ocrx_word' id='word_1_315' title='bbox 1657 2733 1823 2815; x_wconf 91' lang='lat' dir='ltr'>quod</span> <span class='ocrx_word' id='word_1_316' title='bbox 1849 2732 1929 2795; x_wconf 88' lang='lat' dir='ltr'>ad</span> <span class='ocrx_word' id='word_1_317' title='bbox 1953 2733 2133 2796; x_wconf 88' lang='lat' dir='ltr'>illam</span> <span class='ocrx_word' id='word_1_318' title='bbox 2158 2736 2430 2816; x_wconf 82' lang='lat' dir='ltr'>negetur</span> <span class='ocrx_word' id='word_1_319' title='bbox 2453 2729 2808 2796; x_wconf 87' lang='lat' dir='ltr'>Socinianis</span> <span class='ocrx_word' id='word_1_320' title='bbox 2833 2731 2878 2796; x_wconf 74' lang='grc' dir='ltr'>δι</span> <span class='ocrx_word' id='word_1_321' title='bbox 2904 2665 3031 2796; x_wconf 46' lang='lat' dir='ltr'>ize·</span> 
     </span>
     <span class='ocr_line' id='line_1_28' title="bbox 132 2819 3026 2903; baseline 0.002 -25"><span class='ocrx_word' id='word_1_322' title='bbox 132 2820 626 2898; x_wconf 76' lang='lat' dir='ltr'>monstrantibuS,</span> <span class='ocrx_word' id='word_1_323' title='bbox 682 2821 847 2903; x_wconf 86' lang='lat' dir='ltr'>quod</span> <span class='ocrx_word' id='word_1_324' title='bbox 894 2821 973 2884; x_wconf 90' lang='lat' dir='ltr'>ad</span> <span class='ocrx_word' id='word_1_325' title='bbox 1018 2821 1209 2884; x_wconf 88' lang='lat' dir='ltr'>istam</span> <span class='ocrx_word' id='word_1_326' title='bbox 1262 2821 1655 2886; x_wconf 89' lang='lat' dir='ltr'>concedatur.</span> <span class='ocrx_word' id='word_1_327' title='bbox 1706 2819 1841 2886; x_wconf 91' lang='lat' dir='ltr'>Nos</span> <span class='ocrx_word' id='word_1_328' title='bbox 1892 2825 2228 2903; x_wconf 90' lang='lat' dir='ltr'>utrumque</span> <span class='ocrx_word' id='word_1_329' title='bbox 2275 2819 2693 2884; x_wconf 87' lang='lat' dir='ltr'>concessionis</span> <span class='ocrx_word' id='word_1_330' title='bbox 2740 2822 2786 2886; x_wconf 82' lang='lat'><strong>&amp;</strong></span> <span class='ocrx_word' id='word_1_331' title='bbox 2825 2843 3026 2884; x_wconf 89' lang='lat' dir='ltr'>asser·</span> 
     </span>
     <span class='ocr_line' id='line_1_29' title="bbox 130 2903 3030 2994; baseline 0.002 -28"><span class='ocrx_word' id='word_1_332' title='bbox 130 2903 299 2970; x_wconf 83' lang='lat' dir='ltr'>tionis</span> <span class='ocrx_word' id='word_1_333' title='bbox 356 2908 611 2972; x_wconf 90' lang='lat' dir='ltr'>modum</span> <span class='ocrx_word' id='word_1_334' title='bbox 672 2930 979 2993; x_wconf 86' lang='lat' dir='ltr'>negamus</span> <span class='ocrx_word' id='word_1_335' title='bbox 1056 2909 1292 2992; x_wconf 89' lang='lat' dir='ltr'>quippe</span> <span class='ocrx_word' id='word_1_336' title='bbox 1356 2913 1819 2994; x_wconf 88' lang='lat' dir='ltr'>repugnantem</span> <span class='ocrx_word' id='word_1_337' title='bbox 1867 2909 2154 2972; x_wconf 89' lang='lat' dir='ltr'>terminis</span> <span class='ocrx_word' id='word_1_338' title='bbox 2205 2909 2250 2974; x_wconf 81' lang='lat'>&amp;</span> <span class='ocrx_word' id='word_1_339' title='bbox 2307 2907 2808 2974; x_wconf 88' lang='lat' dir='ltr'>formalitatibus</span> <span class='ocrx_word' id='word_1_340' title='bbox 2858 2931 3030 2972; x_wconf 89' lang='lat' dir='ltr'>com-</span> 
     </span>
     <span class='ocr_line' id='line_1_30' title="bbox 131 2994 3033 3081; baseline 0.002 -27"><span class='ocrx_word' id='word_1_341' title='bbox 131 2995 283 3057; x_wconf 87' lang='lat' dir='ltr'>muni</span> <span class='ocrx_word' id='word_1_342' title='bbox 328 3017 443 3059; x_wconf 90' lang='lat' dir='ltr'>usu</span> <span class='ocrx_word' id='word_1_343' title='bbox 492 2995 855 3060; x_wconf 85' lang='lat' dir='ltr'>scholarum</span> <span class='ocrx_word' id='word_1_344' title='bbox 906 2999 952 3063; x_wconf 63' lang='lat'>8⁶</span> <span class='ocrx_word' id='word_1_345' title='bbox 976 2997 1503 3080; x_wconf 89' lang='lat' dir='ltr'>philosophorum</span> <span class='ocrx_word' id='word_1_346' title='bbox 1534 2997 1823 3081; x_wconf 53' lang='lat' dir='ltr'>receptis</span> <span class='ocrx_word' id='word_1_347' title='bbox 1865 2999 1912 3062; x_wconf 67' lang='lat' dir='ltr'>a</span> <span class='ocrx_word' id='word_1_348' title='bbox 1936 2998 2152 3062; x_wconf 90' lang='lat' dir='ltr'>eodem</span> <span class='ocrx_word' id='word_1_349' title='bbox 2179 3019 2367 3060; x_wconf 89' lang='lat' dir='ltr'>sensu</span> <span class='ocrx_word' id='word_1_350' title='bbox 2395 3000 2432 3060; x_wconf 79' lang='lat' dir='ltr'>a</span> <span class='ocrx_word' id='word_1_351' title='bbox 2454 2994 2810 3062; x_wconf 88' lang='lat' dir='ltr'>Socinianis</span> <span class='ocrx_word' id='word_1_352' title='bbox 2833 3000 2879 3064; x_wconf 85' lang='lat'>&amp;</span> <span class='ocrx_word' id='word_1_353' title='bbox 2903 2996 3033 3061; x_wconf 88' lang='lat' dir='ltr'>Re-</span> 
     </span>
     <span class='ocr_line' id='line_1_31' title="bbox 131 3083 3034 3169; baseline 0.003 -26"><span class='ocrx_word' id='word_1_354' title='bbox 131 3083 627 3163; x_wconf 83' lang='lat' dir='ltr'>monstrantibus‚</span> <span class='ocrx_word' id='word_1_355' title='bbox 682 3084 745 3148; x_wconf 90' lang='lat' dir='ltr'>in</span> <span class='ocrx_word' id='word_1_356' title='bbox 797 3085 915 3150; x_wconf 72' lang='lat' dir='ltr'>hac</span> <span class='ocrx_word' id='word_1_357' title='bbox 940 3085 1368 3169; x_wconf 88' lang='lat' dir='ltr'>disputatione</span> <span class='ocrx_word' id='word_1_358' title='bbox 1402 3085 1744 3149; x_wconf 86' lang='lat' dir='ltr'>adhibitis:</span> <span class='ocrx_word' id='word_1_359' title='bbox 1791 3107 1916 3169; x_wconf 90' lang='lat' dir='ltr'>quo</span> <span class='ocrx_word' id='word_1_360' title='bbox 1941 3085 2016 3149; x_wconf 90' lang='lat' dir='ltr'>fit</span> <span class='ocrx_word' id='word_1_361' title='bbox 2047 3088 2118 3149; x_wconf 92' lang='lat' dir='ltr'>ut</span> <span class='ocrx_word' id='word_1_362' title='bbox 2142 3085 2548 3169; x_wconf 85' lang='lat' dir='ltr'>probationes</span> <span class='ocrx_word' id='word_1_363' title='bbox 2571 3107 2790 3150; x_wconf 91' lang='lat' dir='ltr'>omnes</span> <span class='ocrx_word' id='word_1_364' title='bbox 2815 3091 3034 3151; x_wconf 84' lang='lat' dir='ltr'>contra</span> 
     </span>
     <span class='ocr_line' id='line_1_32' title="bbox 132 3171 3031 3258; baseline 0.002 -27"><span class='ocrx_word' id='word_1_365' title='bbox 132 3189 225 3232; x_wconf 84' lang='lat' dir='ltr'>nos</span> <span class='ocrx_word' id='word_1_366' title='bbox 272 3171 640 3252; x_wconf 84' lang='lat' dir='ltr'>instructae,</span> <span class='ocrx_word' id='word_1_367' title='bbox 667 3177 777 3236; x_wconf 89' lang='lat' dir='ltr'>aut</span> <span class='ocrx_word' id='word_1_368' title='bbox 808 3173 876 3237; x_wconf 90' lang='lat' dir='ltr'>in</span> <span class='ocrx_word' id='word_1_369' title='bbox 900 3173 1385 3258; x_wconf 78' lang='lat' dir='ltr'>paralogismOS,</span> <span class='ocrx_word' id='word_1_370' title='bbox 1412 3174 1614 3237; x_wconf 88' lang='lat' dir='ltr'>autin</span> <span class='ocrx_word' id='word_1_371' title='bbox 1647 3174 1943 3238; x_wconf 86' lang='lat' dir='ltr'>elenchos</span> <span class='ocrx_word' id='word_1_372' title='bbox 1967 3173 2435 3257; x_wconf 86' lang='lat' dir='ltr'>homonymiae‚</span> <span class='ocrx_word' id='word_1_373' title='bbox 2469 3178 2582 3238; x_wconf 85' lang='lat' dir='ltr'>aut</span> <span class='ocrx_word' id='word_1_374' title='bbox 2606 3174 3031 3240; x_wconf 76' lang='lat' dir='ltr'>helerozeceses</span> 
     </span>
     <span class='ocr_line' id='line_1_33' title="bbox 130 3256 713 3326; baseline 0.009 -7"><span class='ocrx_word' id='word_1_375' title='bbox 130 3256 387 3324; x_wconf 83' lang='lat' dir='ltr'>desinere</span> <span class='ocrx_word' id='word_1_376' title='bbox 420 3260 713 3326; x_wconf 88' lang='lat' dir='ltr'>debeant.</span> 
     </span>
    </p>

    <p class='ocr_par' dir='ltr' id='par_1_3' title="bbox 130 3343 3036 4495">
     <span class='ocr_line' id='line_1_34' title="bbox 202 3343 3031 3434; baseline 0 -20"><span class='ocrx_word' id='word_1_377' title='bbox 202 3343 265 3414; x_wconf 83' lang='lat'>3.</span> <span class='ocrx_word' id='word_1_378' title='bbox 312 3347 496 3422; x_wconf 82' lang='lat' dir='ltr'>Quod</span> <span class='ocrx_word' id='word_1_379' title='bbox 537 3349 617 3412; x_wconf 89' lang='lat' dir='ltr'>ad</span> <span class='ocrx_word' id='word_1_380' title='bbox 648 3351 945 3426; x_wconf 89' lang='lat' dir='ltr'>rationes,</span> <span class='ocrx_word' id='word_1_381' title='bbox 980 3373 1140 3434; x_wconf 87' lang='lat' dir='ltr'>quae</span> <span class='ocrx_word' id='word_1_382' title='bbox 1170 3351 1424 3434; x_wconf 76' lang='lat' dir='ltr'>proprie</span> <span class='ocrx_word' id='word_1_383' title='bbox 1450 3373 1627 3415; x_wconf 90' lang='lat' dir='ltr'>meae</span> <span class='ocrx_word' id='word_1_384' title='bbox 1661 3349 2080 3434; x_wconf 88' lang='lat' dir='ltr'>disputationi</span> <span class='ocrx_word' id='word_1_385' title='bbox 2113 3349 2235 3414; x_wconf 88' lang='lat' dir='ltr'>An.</span> <span class='ocrx_word' id='word_1_386' title='bbox 2271 3350 2461 3416; x_wconf 86' lang='lat'>1638.</span> <span class='ocrx_word' id='word_1_387' title='bbox 2495 3351 2570 3415; x_wconf 88' lang='lat' dir='ltr'>de</span> <span class='ocrx_word' id='word_1_388' title='bbox 2601 3347 2724 3415; x_wconf 66' lang='lat' dir='ltr'>hac</span> <span class='ocrx_word' id='word_1_389' title='bbox 2747 3351 3031 3434; x_wconf 88' lang='lat' dir='ltr'>quaesti-</span> 
     </span>
     <span class='ocr_line' id='line_1_35' title="bbox 130 3437 3030 3522; baseline 0.002 -26"><span class='ocrx_word' id='word_1_390' title='bbox 130 3455 231 3497; x_wconf 86' lang='lat' dir='ltr'>one</span> <span class='ocrx_word' id='word_1_391' title='bbox 286 3437 495 3500; x_wconf 86' lang='lat' dir='ltr'>editae</span> <span class='ocrx_word' id='word_1_392' title='bbox 550 3437 782 3521; x_wconf 85' lang='lat' dir='ltr'>opponi</span> <span class='ocrx_word' id='word_1_393' title='bbox 836 3439 1149 3518; x_wconf 86' lang='lat' dir='ltr'>videntur,</span> <span class='ocrx_word' id='word_1_394' title='bbox 1196 3439 1641 3522; x_wconf 87' lang='lat' dir='ltr'>praestructim</span> <span class='ocrx_word' id='word_1_395' title='bbox 1696 3439 1856 3519; x_wconf 80' lang='lat' dir='ltr'>dico,</span> <span class='ocrx_word' id='word_1_396' title='bbox 1914 3461 2021 3503; x_wconf 88' lang='lat' dir='ltr'>eas</span> <span class='ocrx_word' id='word_1_397' title='bbox 2075 3460 2292 3502; x_wconf 91' lang='lat' dir='ltr'>omnes</span> <span class='ocrx_word' id='word_1_398' title='bbox 2339 3442 2518 3503; x_wconf 77' lang='lat' dir='ltr'>extra</span> <span class='ocrx_word' id='word_1_399' title='bbox 2571 3439 2772 3504; x_wconf 90' lang='lat' dir='ltr'>lineas</span> <span class='ocrx_word' id='word_1_400' title='bbox 2818 3438 3030 3517; x_wconf 80' lang='lat' dir='ltr'>abire3</span> 
     </span>
     <span class='ocr_line' id='line_1_36' title="bbox 131 3522 3032 3611; baseline 0.002 -27"><span class='ocrx_word' id='word_1_401' title='bbox 131 3522 338 3606; x_wconf 82' lang='lat' dir='ltr'>qnippe</span> <span class='ocrx_word' id='word_1_402' title='bbox 360 3546 527 3607; x_wconf 87' lang='lat' dir='ltr'>quae</span> <span class='ocrx_word' id='word_1_403' title='bbox 551 3525 749 3589; x_wconf 88' lang='lat' dir='ltr'>alium</span> <span class='ocrx_word' id='word_1_404' title='bbox 774 3547 963 3609; x_wconf 88' lang='lat' dir='ltr'>quem</span> <span class='ocrx_word' id='word_1_405' title='bbox 988 3532 1359 3610; x_wconf 87' lang='lat' dir='ltr'>conceptum</span> <span class='ocrx_word' id='word_1_406' title='bbox 1386 3532 1922 3611; x_wconf 87' lang='lat' dir='ltr'>praesupponant,</span> <span class='ocrx_word' id='word_1_407' title='bbox 1955 3527 2000 3592; x_wconf 74' lang='grc' dir='ltr'>δι</span> <span class='ocrx_word' id='word_1_408' title='bbox 2026 3526 2484 3591; x_wconf 86' lang='lat' dir='ltr'>defendendum</span> <span class='ocrx_word' id='word_1_409' title='bbox 2509 3527 2631 3590; x_wconf 87' lang='lat' dir='ltr'>sibi</span> <span class='ocrx_word' id='word_1_410' title='bbox 2655 3531 2930 3603; x_wconf 89' lang='lat' dir='ltr'>sumant,</span> <span class='ocrx_word' id='word_1_411' title='bbox 2957 3527 3032 3590; x_wconf 90' lang='lat' dir='ltr'>de</span> 
     </span>
     <span class='ocr_line' id='line_1_37' title="bbox 130 3612 3033 3700; baseline 0.002 -27"><span class='ocrx_word' id='word_1_412' title='bbox 130 3629 235 3690; x_wconf 87' lang='lat' dir='ltr'>quo</span> <span class='ocrx_word' id='word_1_413' title='bbox 270 3633 381 3676; x_wconf 85' lang='lat' dir='ltr'>nec</span> <span class='ocrx_word' id='word_1_414' title='bbox 404 3612 728 3677; x_wconf 84' lang='lat' dir='ltr'>Sociniani</span> <span class='ocrx_word' id='word_1_415' title='bbox 759 3637 903 3678; x_wconf 88' lang='lat' dir='ltr'>cum</span> <span class='ocrx_word' id='word_1_416' title='bbox 930 3613 1549 3693; x_wconf 76' lang='lat' dir='ltr'>Remonstrantibu3‚</span> <span class='ocrx_word' id='word_1_417' title='bbox 1576 3638 1690 3680; x_wconf 91' lang='lat' dir='ltr'>nec</span> <span class='ocrx_word' id='word_1_418' title='bbox 1714 3617 2001 3682; x_wconf 78' lang='lat' dir='ltr'>Amesius</span> <span class='ocrx_word' id='word_1_419' title='bbox 2033 3637 2174 3680; x_wconf 89' lang='lat' dir='ltr'>cum</span> <span class='ocrx_word' id='word_1_420' title='bbox 2210 3615 2514 3680; x_wconf 68' lang='lat' dir='ltr'>Maec-ovio</span> <span class='ocrx_word' id='word_1_421' title='bbox 2545 3616 2616 3680; x_wconf 82' lang='lat' dir='ltr'>in</span> <span class='ocrx_word' id='word_1_422' title='bbox 2639 3615 2775 3680; x_wconf 71' lang='lat' dir='ltr'>suis</span> <span class='ocrx_word' id='word_1_423' title='bbox 2796 3615 3033 3700; x_wconf 78' lang='lat' dir='ltr'>discep-</span> 
     </span>
     <span class='ocr_line' id='line_1_38' title="bbox 131 3699 3032 3791; baseline 0.003 -33"><span class='ocrx_word' id='word_1_424' title='bbox 131 3699 441 3766; x_wconf 70' lang='lat' dir='ltr'>tationibus</span> <span class='ocrx_word' id='word_1_425' title='bbox 464 3723 747 3784; x_wconf 90' lang='lat' dir='ltr'>unquam</span> <span class='ocrx_word' id='word_1_426' title='bbox 781 3703 1164 3786; x_wconf 82' lang='lat' dir='ltr'>cogitarunt.</span> <span class='ocrx_word' id='word_1_427' title='bbox 1212 3703 1355 3788; x_wconf 85' lang='lat' dir='ltr'>Ego</span> <span class='ocrx_word' id='word_1_428' title='bbox 1388 3708 1603 3768; x_wconf 88' lang='lat' dir='ltr'>autem</span> <span class='ocrx_word' id='word_1_429' title='bbox 1626 3705 1693 3768; x_wconf 90' lang='lat' dir='ltr'>in</span> <span class='ocrx_word' id='word_1_430' title='bbox 1718 3705 1882 3791; x_wconf 77' lang='lat' dir='ltr'>disp.</span> <span class='ocrx_word' id='word_1_431' title='bbox 1909 3705 2046 3768; x_wconf 73' lang='lat' dir='ltr'>mcci</span> <span class='ocrx_word' id='word_1_432' title='bbox 2071 3703 2255 3768; x_wconf 90' lang='lat' dir='ltr'>modo</span> <span class='ocrx_word' id='word_1_433' title='bbox 2279 3704 2377 3768; x_wconf 76' lang='lat' dir='ltr'>cit.</span> <span class='ocrx_word' id='word_1_434' title='bbox 2403 3703 2822 3787; x_wconf 85' lang='lat' dir='ltr'>respiciebam</span> <span class='ocrx_word' id='word_1_435' title='bbox 2845 3725 3032 3768; x_wconf 89' lang='lat' dir='ltr'>usum</span> 
     </span>
     <span class='ocr_line' id='line_1_39' title="bbox 132 3787 3034 3876; baseline 0.002 -27"><span class='ocrx_word' id='word_1_436' title='bbox 132 3787 457 3866; x_wconf 84' lang='lat' dir='ltr'>particulae</span> <span class='ocrx_word' id='word_1_437' title='bbox 481 3791 607 3875; x_wconf 71' lang='lat' dir='ltr'>qud</span> <span class='ocrx_word' id='word_1_438' title='bbox 631 3791 797 3874; x_wconf 88' lang='lat' dir='ltr'>apud</span> <span class='ocrx_word' id='word_1_439' title='bbox 828 3791 974 3855; x_wconf 92' lang='lat' dir='ltr'>illos</span> <span class='ocrx_word' id='word_1_440' title='bbox 1002 3791 1446 3856; x_wconf 86' lang='lat' dir='ltr'>heterodoxos:</span> <span class='ocrx_word' id='word_1_441' title='bbox 1477 3792 1522 3857; x_wconf 81' lang='lat'>&amp;</span> <span class='ocrx_word' id='word_1_442' title='bbox 1548 3793 1978 3876; x_wconf 87' lang='lat' dir='ltr'>disquirebam</span> <span class='ocrx_word' id='word_1_443' title='bbox 2010 3815 2090 3856; x_wconf 88' lang='lat' dir='ltr'>an</span> <span class='ocrx_word' id='word_1_444' title='bbox 2116 3813 2334 3856; x_wconf 89' lang='lat' dir='ltr'>eorum</span> <span class='ocrx_word' id='word_1_445' title='bbox 2358 3814 2548 3856; x_wconf 88' lang='lat' dir='ltr'>sensu</span> <span class='ocrx_word' id='word_1_446' title='bbox 2571 3792 3034 3856; x_wconf 87' lang='lat' dir='ltr'>concedendum</span> 
     </span>
     <span class='ocr_line' id='line_1_40' title="bbox 131 3875 3034 3965; baseline 0.002 -26"><span class='ocrx_word' id='word_1_447' title='bbox 131 3881 275 3939; x_wconf 72' lang='lat' dir='ltr'>esset</span> <span class='ocrx_word' id='word_1_448' title='bbox 325 3875 655 3942; x_wconf 87' lang='lat' dir='ltr'>Christum</span> <span class='ocrx_word' id='word_1_449' title='bbox 708 3882 837 3962; x_wconf 76' lang='lat' dir='ltr'>qua</span> <span class='ocrx_word' id='word_1_450' title='bbox 881 3880 1296 3944; x_wconf 87' lang='lat' dir='ltr'>mediatorem</span> <span class='ocrx_word' id='word_1_451' title='bbox 1344 3881 1751 3960; x_wconf 89' lang='lat' dir='ltr'>adorandum,</span> <span class='ocrx_word' id='word_1_452' title='bbox 1779 3904 1863 3945; x_wconf 89' lang='lat' dir='ltr'>an</span> <span class='ocrx_word' id='word_1_453' title='bbox 1887 3881 2099 3964; x_wconf 76' lang='lat' dir='ltr'>potius</span> <span class='ocrx_word' id='word_1_454' title='bbox 2130 3881 2512 3965; x_wconf 87' lang='lat' dir='ltr'>negandum.</span> <span class='ocrx_word' id='word_1_455' title='bbox 2561 3879 3034 3963; x_wconf 85' lang='lat' dir='ltr'>Consequenter</span> 
     </span>
     <span class='ocr_line' id='line_1_41' title="bbox 134 3964 3034 4048; baseline 0.003 -26"><span class='ocrx_word' id='word_1_456' title='bbox 134 3981 197 4024; x_wconf 82' lang='lat' dir='ltr'>an</span> <span class='ocrx_word' id='word_1_457' title='bbox 218 3964 412 4028; x_wconf 87' lang='lat' dir='ltr'>tutior</span> <span class='ocrx_word' id='word_1_458' title='bbox 434 3967 481 4032; x_wconf 66' lang='lat' dir='ltr'>a</span> <span class='ocrx_word' id='word_1_459' title='bbox 506 3967 859 4031; x_wconf 85' lang='lat' dir='ltr'>accuratior</span> <span class='ocrx_word' id='word_1_460' title='bbox 884 3972 1049 4032; x_wconf 90' lang='lat' dir='ltr'>esset</span> <span class='ocrx_word' id='word_1_461' title='bbox 1075 3969 1307 4032; x_wconf 89' lang='lat' dir='ltr'>solutio</span> <span class='ocrx_word' id='word_1_462' title='bbox 1334 3969 1645 4048; x_wconf 75' lang='lat' dir='ltr'>Maceovii,</span> <span class='ocrx_word' id='word_1_463' title='bbox 1673 3992 1751 4033; x_wconf 89' lang='lat' dir='ltr'>an</span> <span class='ocrx_word' id='word_1_464' title='bbox 1781 3975 1930 4033; x_wconf 80' lang='lat' dir='ltr'>vero</span> <span class='ocrx_word' id='word_1_465' title='bbox 1955 3969 2207 4034; x_wconf 79' lang='lat' dir='ltr'>Amesii.</span> <span class='ocrx_word' id='word_1_466' title='bbox 2235 3966 2416 4043; x_wconf 84' lang='lat' dir='ltr'>Quod</span> <span class='ocrx_word' id='word_1_467' title='bbox 2441 3972 2586 4032; x_wconf 76' lang='lat' dir='ltr'>vero</span> <span class='ocrx_word' id='word_1_468' title='bbox 2608 3968 2734 4033; x_wconf 87' lang='lat' dir='ltr'>huc</span> <span class='ocrx_word' id='word_1_469' title='bbox 2749 3966 3034 4032; x_wconf 84' lang='lat' dir='ltr'>trahitur</span> 
     </span>
     <span class='ocr_line' id='line_1_42' title="bbox 134 4048 3034 4144; baseline 0.004 -33"><span class='ocrx_word' id='word_1_470' title='bbox 134 4048 429 4118; x_wconf 83' lang='lat' dir='ltr'>distinctio</span> <span class='ocrx_word' id='word_1_471' title='bbox 482 4054 652 4120; x_wconf 90' lang='lat' dir='ltr'>inter</span> <span class='ocrx_word' id='word_1_472' title='bbox 696 4055 1009 4120; x_wconf 87' lang='lat' dir='ltr'>rationem</span> <span class='ocrx_word' id='word_1_473' title='bbox 1061 4056 1393 4121; x_wconf 88' lang='lat' dir='ltr'>formalem</span> <span class='ocrx_word' id='word_1_474' title='bbox 1442 4078 1603 4143; x_wconf 82' lang='lat' dir='ltr'>quae</span> <span class='ocrx_word' id='word_1_475' title='bbox 1654 4063 1767 4121; x_wconf 85' lang='lat' dir='ltr'>aut</span> <span class='ocrx_word' id='word_1_476' title='bbox 1819 4060 1966 4144; x_wconf 73' lang='lat' dir='ltr'>quii,</span> <span class='ocrx_word' id='word_1_477' title='bbox 1994 4059 2040 4123; x_wconf 81' lang='lat'>&amp;</span> <span class='ocrx_word' id='word_1_478' title='bbox 2071 4057 2382 4120; x_wconf 87' lang='lat' dir='ltr'>rationem</span> <span class='ocrx_word' id='word_1_479' title='bbox 2405 4055 2738 4121; x_wconf 84' lang='lat' dir='ltr'>formalem</span> <span class='ocrx_word' id='word_1_480' title='bbox 2763 4056 2880 4122; x_wconf 77' lang='lat' dir='ltr'>sub</span> <span class='ocrx_word' id='word_1_481' title='bbox 2905 4077 3034 4143; x_wconf 78' lang='lat' dir='ltr'>qua-</span> 
     </span>
     <span class='ocr_line' id='line_1_43' title="bbox 137 4141 3032 4229; baseline 0.002 -25"><span class='ocrx_word' id='word_1_482' title='bbox 137 4141 329 4220; x_wconf 81' lang='lat' dir='ltr'>(quam</span> <span class='ocrx_word' id='word_1_483' title='bbox 378 4145 671 4207; x_wconf 73' lang='lat' dir='ltr'>accurate</span> <span class='ocrx_word' id='word_1_484' title='bbox 718 4145 765 4210; x_wconf 71' lang='grc' dir='ltr'>δι</span> <span class='ocrx_word' id='word_1_485' title='bbox 812 4145 1123 4228; x_wconf 77' lang='lat' dir='ltr'>apposite,</span> <span class='ocrx_word' id='word_1_486' title='bbox 1150 4144 1318 4208; x_wconf 79' lang='lat' dir='ltr'>infra</span> <span class='ocrx_word' id='word_1_487' title='bbox 1342 4145 1776 4229; x_wconf 87' lang='lat' dir='ltr'>disquiretur);</span> <span class='ocrx_word' id='word_1_488' title='bbox 1802 4169 1916 4210; x_wconf 88' lang='lat' dir='ltr'>nec</span> <span class='ocrx_word' id='word_1_489' title='bbox 1949 4167 2158 4209; x_wconf 86' lang='lat' dir='ltr'>meam</span> <span class='ocrx_word' id='word_1_490' title='bbox 2181 4147 2293 4208; x_wconf 90' lang='lat' dir='ltr'>aut</span> <span class='ocrx_word' id='word_1_491' title='bbox 2317 4142 2625 4210; x_wconf 87' lang='lat' dir='ltr'>Maccovii</span> <span class='ocrx_word' id='word_1_492' title='bbox 2647 4145 3032 4210; x_wconf 86' lang='lat' dir='ltr'>sententiam</span> 
     </span>
     <span class='ocr_line' id='line_1_44' title="bbox 137 4227 3032 4317; baseline 0.003 -29"><span class='ocrx_word' id='word_1_493' title='bbox 137 4227 341 4312; x_wconf 81' lang='lat' dir='ltr'>tangit,</span> <span class='ocrx_word' id='word_1_494' title='bbox 387 4252 500 4295; x_wconf 88' lang='lat' dir='ltr'>nec</span> <span class='ocrx_word' id='word_1_495' title='bbox 526 4230 957 4311; x_wconf 85' lang='lat' dir='ltr'>Amesianam,</span> <span class='ocrx_word' id='word_1_496' title='bbox 984 4256 1177 4317; x_wconf 88' lang='lat' dir='ltr'>quam</span> <span class='ocrx_word' id='word_1_497' title='bbox 1205 4233 1337 4296; x_wconf 90' lang='lat' dir='ltr'>illic</span> <span class='ocrx_word' id='word_1_498' title='bbox 1370 4234 1749 4311; x_wconf 86' lang='lat' dir='ltr'>refutabam,</span> <span class='ocrx_word' id='word_1_499' title='bbox 1778 4235 2000 4317; x_wconf 84' lang='lat' dir='ltr'>juvat:</span> <span class='ocrx_word' id='word_1_500' title='bbox 2030 4233 2125 4298; x_wconf 87' lang='lat' dir='ltr'>uti</span> <span class='ocrx_word' id='word_1_501' title='bbox 2150 4231 2320 4296; x_wconf 90' lang='lat' dir='ltr'>infra</span> <span class='ocrx_word' id='word_1_502' title='bbox 2344 4233 2605 4298; x_wconf 88' lang='lat' dir='ltr'>dicetur.</span> <span class='ocrx_word' id='word_1_503' title='bbox 2656 4233 3032 4298; x_wconf 89' lang='lat' dir='ltr'>Accedimus</span> 
     </span>
     <span class='ocr_line' id='line_1_45' title="bbox 139 4317 3036 4406; baseline 0.005 -32"><span class='ocrx_word' id='word_1_504' title='bbox 139 4319 269 4398; x_wconf 79' lang='lat' dir='ltr'>ergo</span> <span class='ocrx_word' id='word_1_505' title='bbox 310 4317 387 4380; x_wconf 87' lang='lat' dir='ltr'>ad</span> <span class='ocrx_word' id='word_1_506' title='bbox 430 4319 856 4403; x_wconf 88' lang='lat' dir='ltr'>objectionum</span> <span class='ocrx_word' id='word_1_507' title='bbox 882 4320 1354 4386; x_wconf 89' lang='lat' dir='ltr'>refutationem.</span> <span class='ocrx_word' id='word_1_508' title='bbox 1412 4321 1633 4388; x_wconf 80' lang='lat' dir='ltr'>Prima</span> <span class='ocrx_word' id='word_1_509' title='bbox 1663 4322 1930 4406; x_wconf 59' lang='lat' dir='ltr'>objectio</span> <span class='ocrx_word' id='word_1_510' title='bbox 1981 4321 2113 4387; x_wconf 85' lang='lat' dir='ltr'>Sub</span> <span class='ocrx_word' id='word_1_511' title='bbox 2142 4326 2262 4406; x_wconf 60' lang='lat' dir='ltr'>quin</span> <span class='ocrx_word' id='word_1_512' title='bbox 2297 4321 2544 4387; x_wconf 88' lang='lat' dir='ltr'>ratione</span> <span class='ocrx_word' id='word_1_513' title='bbox 2573 4321 2832 4388; x_wconf 82' lang='lat' dir='ltr'>formali</span> <span class='ocrx_word' id='word_1_514' title='bbox 2857 4322 3036 4388; x_wconf 85' lang='lat' dir='ltr'>Chri-</span> 
     </span>
     <span class='ocr_line' id='line_1_46' title="bbox 140 4403 3031 4495; baseline 0.004 -30"><span class='ocrx_word' id='word_1_515' title='bbox 140 4403 255 4464; x_wconf 81' lang='lat' dir='ltr'>stus</span> <span class='ocrx_word' id='word_1_516' title='bbox 296 4411 387 4469; x_wconf 85' lang='lat' dir='ltr'>est</span> <span class='ocrx_word' id='word_1_517' title='bbox 429 4407 749 4490; x_wconf 81' lang='lat' dir='ltr'>objectum</span> <span class='ocrx_word' id='word_1_518' title='bbox 775 4410 921 4474; x_wconf 90' lang='lat' dir='ltr'>fidei</span> <span class='ocrx_word' id='word_1_519' title='bbox 946 4410 1282 4488; x_wconf 82' lang='lat' dir='ltr'>salvificae,</span> <span class='ocrx_word' id='word_1_520' title='bbox 1318 4411 1435 4474; x_wconf 90' lang='lat' dir='ltr'>sub</span> <span class='ocrx_word' id='word_1_521' title='bbox 1460 4410 1573 4473; x_wconf 75' lang='lat' dir='ltr'>illa</span> <span class='ocrx_word' id='word_1_522' title='bbox 1597 4416 1693 4474; x_wconf 89' lang='lat' dir='ltr'>est</span> <span class='ocrx_word' id='word_1_523' title='bbox 1723 4411 2040 4492; x_wconf 90' lang='lat' dir='ltr'>objectum</span> <span class='ocrx_word' id='word_1_524' title='bbox 2076 4409 2411 4495; x_wconf 86' lang='lat' dir='ltr'>religiosae</span> <span class='ocrx_word' id='word_1_525' title='bbox 2437 4411 2822 4477; x_wconf 87' lang='lat' dir='ltr'>adorationis</span> <span class='ocrx_word' id='word_1_526' title='bbox 2849 4411 3031 4478; x_wconf 80' lang='lat' dir='ltr'>Rom.</span> 
     </span>
    </p>
   </div>
   <div class='ocr_carea' id='block_1_3' title="bbox 2932 4501 3034 4567">
    <p class='ocr_par' dir='ltr' id='par_1_4' title="bbox 2932 4501 3034 4567">
     <span class='ocr_line' id='line_1_47' title="bbox 2932 4501 3034 4567; baseline 0.029 -4"><span class='ocrx_word' id='word_1_527' title='bbox 2932 4501 3034 4567; x_wconf 89' lang='grc'><strong>10.</strong></span> 
     </span>
    </p>
   </div>
   <div class='ocr_carea' id='block_1_4' title="bbox 3449 10 3656 15">
    <p class='ocr_par' dir='ltr' id='par_1_5' title="bbox 3449 10 3656 15">
     <span class='ocr_line' id='line_1_48' title="bbox 3449 10 3656 15; baseline 0 0"><span class='ocrx_word' id='word_1_528' title='bbox 3449 10 3656 15; x_wconf 95' lang='lat' dir='ltr'> </span> 
     </span>
    </p>
   </div>
  </div>
 </body>
</html>
