<?xml version="1.0" encoding="UTF-8"?>
<!DOCTYPE html PUBLIC "-//W3C//DTD XHTML 1.0 Transitional//EN"
    "http://www.w3.org/TR/xhtml1/DTD/xhtml1-transitional.dtd">
<html xmlns="http://www.w3.org/1999/xhtml" xml:lang="en" lang="en">
 <head>
  <title>
</title>
<meta http-equiv="Content-Type" content="text/html;charset=utf-8" />
  <meta name='ocr-system' content='tesseract 3.04.00' />
  <meta name='ocr-capabilities' content='ocr_page ocr_carea ocr_par ocr_line ocrx_word'/>
</head>
<body>
  <div class='ocr_page' id='page_1' title='image "./selectarumdispu00kuypgoog_0231.png"; bbox 0 0 3694 4871; ppageno 0'>
   <div class='ocr_carea' id='block_1_1' title="bbox 522 220 3354 323">
    <p class='ocr_par' dir='ltr' id='par_1_1' title="bbox 522 220 3354 323">
     <span class='ocr_line' id='line_1_1' title="bbox 522 220 3354 323; baseline -0.001 0"><span class='ocrx_word' id='word_1_1' title='bbox 522 314 531 323; x_wconf 92' lang='lat'><strong>.</strong></span> <span class='ocrx_word' id='word_1_2' title='bbox 601 256 733 323; x_wconf 93' lang='grc'><strong>200</strong></span> <span class='ocrx_word' id='word_1_3' title='bbox 806 255 1025 322; x_wconf 73' lang='lat' dir='ltr'><strong>D1sr.</strong></span> <span class='ocrx_word' id='word_1_4' title='bbox 1073 254 1223 321; x_wconf 81' lang='lat' dir='ltr'><strong>Vn.</strong></span> <span class='ocrx_word' id='word_1_5' title='bbox 1271 252 1954 321; x_wconf 61' lang='lat' dir='ltr'><strong>Pnosnsusruu</strong></span> <span class='ocrx_word' id='word_1_6' title='bbox 1997 274 2095 321; x_wconf 75' lang='lat' dir='ltr'><strong>ns</strong></span> <span class='ocrx_word' id='word_1_7' title='bbox 2141 220 2498 320; x_wconf 66' lang='lat' dir='ltr'><strong>Maru-ro</strong></span> <span class='ocrx_word' id='word_1_8' title='bbox 2545 252 2929 321; x_wconf 76' lang='lat' dir='ltr'><strong>Cualsrr</strong></span> <span class='ocrx_word' id='word_1_9' title='bbox 2972 252 3182 320; x_wconf 57' lang='lat' dir='ltr'><strong>Pras</strong></span> <span class='ocrx_word' id='word_1_10' title='bbox 3227 252 3354 321; x_wconf 87' lang='lat' dir='ltr'><strong>III.</strong></span> 
     </span>
    </p>
   </div>
   <div class='ocr_carea' id='block_1_2' title="bbox 600 439 3556 795">
    <p class='ocr_par' dir='ltr' id='par_1_2' title="bbox 600 439 3556 795">
     <span class='ocr_line' id='line_1_2' title="bbox 600 439 3554 528; baseline -0 -18"><span class='ocrx_word' id='word_1_11' title='bbox 600 453 987 510; x_wconf 74' lang='lat' dir='ltr'><strong>voluntatem</strong></span> <span class='ocrx_word' id='word_1_12' title='bbox 1010 442 1081 510; x_wconf 85' lang='lat' dir='ltr'><strong>id</strong></span> <span class='ocrx_word' id='word_1_13' title='bbox 1102 442 1426 509; x_wconf 77' lang='lat' dir='ltr'><strong><em>reducitur</em></strong></span> <span class='ocrx_word' id='word_1_14' title='bbox 1436 464 1463 521; x_wconf 89' lang='lat'><em>;</em></span> <span class='ocrx_word' id='word_1_15' title='bbox 1507 451 1777 527; x_wconf 74' lang='lat' dir='ltr'><strong>possunt</strong></span> <span class='ocrx_word' id='word_1_16' title='bbox 1798 451 2011 508; x_wconf 75' lang='lat' dir='ltr'><strong>antem</strong></span> <span class='ocrx_word' id='word_1_17' title='bbox 2032 440 2472 527; x_wconf 71' lang='lat' dir='ltr'><strong>conqruentiae</strong></span> <span class='ocrx_word' id='word_1_18' title='bbox 2493 440 2691 525; x_wconf 81' lang='lat' dir='ltr'><strong>accipi</strong></span> <span class='ocrx_word' id='word_1_19' title='bbox 2717 460 2796 507; x_wconf 73' lang='lat' dir='ltr'><strong>ex</strong></span> <span class='ocrx_word' id='word_1_20' title='bbox 2813 440 2888 507; x_wconf 80' lang='lat' dir='ltr'><strong>ed</strong></span> <span class='ocrx_word' id='word_1_21' title='bbox 2909 439 3197 507; x_wconf 71' lang='lat' dir='ltr'><strong>brevitate</strong></span> <span class='ocrx_word' id='word_1_22' title='bbox 3225 442 3554 528; x_wconf 71' lang='lat' dir='ltr'><strong>temporis.</strong></span> 
     </span>
     <span class='ocr_line' id='line_1_3' title="bbox 609 528 3556 619; baseline -0.001 -20"><span class='ocrx_word' id='word_1_23' title='bbox 609 531 673 599; x_wconf 65' lang='grc' dir='ltr'><em>ἃ</em></span> <span class='ocrx_word' id='word_1_24' title='bbox 695 532 914 619; x_wconf 79' lang='lat' dir='ltr'><strong>aliqud</strong></span> <span class='ocrx_word' id='word_1_25' title='bbox 934 531 1283 618; x_wconf 77' lang='lat' dir='ltr'><strong>pertinacid</strong></span> <span class='ocrx_word' id='word_1_26' title='bbox 1306 530 1648 597; x_wconf 76' lang='lat' dir='ltr'><strong>voluntatis</strong></span> <span class='ocrx_word' id='word_1_27' title='bbox 1668 530 2018 617; x_wconf 73' lang='lat' dir='ltr'><strong>Anqelicae.</strong></span> <span class='ocrx_word' id='word_1_28' title='bbox 2061 528 2250 595; x_wconf 81' lang='lat' dir='ltr'>Prius</span> <span class='ocrx_word' id='word_1_29' title='bbox 2273 551 2390 596; x_wconf 91' lang='lat' dir='ltr'><strong>uos</strong></span> <span class='ocrx_word' id='word_1_30' title='bbox 2411 530 2759 614; x_wconf 87' lang='lat' dir='ltr'><strong>probamus</strong></span> <span class='ocrx_word' id='word_1_31' title='bbox 2777 553 2794 608; x_wconf 80' lang='lat'>3</span> <span class='ocrx_word' id='word_1_32' title='bbox 2835 530 3151 615; x_wconf 74' lang='lat' dir='ltr'><strong>posterius</strong></span> <span class='ocrx_word' id='word_1_33' title='bbox 3173 528 3418 597; x_wconf 85' lang='lat' dir='ltr'><strong>Autori</strong></span> <span class='ocrx_word' id='word_1_34' title='bbox 3439 553 3556 596; x_wconf 86' lang='lat' dir='ltr'><strong>suo</strong></span> 
     </span>
     <span class='ocr_line' id='line_1_4' title="bbox 602 616 3554 705; baseline 0.001 -19"><span class='ocrx_word' id='word_1_35' title='bbox 602 620 1049 705; x_wconf 73' lang='lat' dir='ltr'><strong>relinquimus,</strong></span> <span class='ocrx_word' id='word_1_36' title='bbox 1102 620 1393 686; x_wconf 86' lang='lat' dir='ltr'><strong>Becanus</strong></span> <span class='ocrx_word' id='word_1_37' title='bbox 1438 641 1577 704; x_wconf 89' lang='lat' dir='ltr'><strong>cap.</strong></span> <span class='ocrx_word' id='word_1_38' title='bbox 1627 619 1735 685; x_wconf 89' lang='lat' dir='ltr'><strong>cit.</strong></span> <span class='ocrx_word' id='word_1_39' title='bbox 1783 626 2030 705; x_wconf 85' lang='lat' dir='ltr'><strong>quaest.</strong></span> <span class='ocrx_word' id='word_1_40' title='bbox 2081 620 2186 685; x_wconf 90' lang='lat'><strong>11.</strong></span> <span class='ocrx_word' id='word_1_41' title='bbox 2235 616 2638 702; x_wconf 86' lang='lat' dir='ltr'><strong>simpliciter:</strong></span> <span class='ocrx_word' id='word_1_42' title='bbox 2689 619 2856 702; x_wconf 78' lang='lat' dir='ltr'><strong>Quia</strong></span> <span class='ocrx_word' id='word_1_43' title='bbox 3071 638 3205 685; x_wconf 83' lang='lat' dir='ltr'><strong>non</strong></span> <span class='ocrx_word' id='word_1_44' title='bbox 3227 620 3406 687; x_wconf 74' lang='lat' dir='ltr'><strong>dedit</strong></span> <span class='ocrx_word' id='word_1_45' title='bbox 3427 620 3554 689; x_wconf 68' lang='lat' dir='ltr'><strong>fui-s</strong></span> 
     </span>
     <span class='ocr_line' id='line_1_5' title="bbox 605 705 3554 795; baseline 0 -21"><span class='ocrx_word' id='word_1_46' title='bbox 605 721 852 795; x_wconf 73' lang='lat' dir='ltr'><strong>tempus</strong></span> <span class='ocrx_word' id='word_1_47' title='bbox 888 708 952 776; x_wconf 70' lang='lat' dir='ltr'><strong>d·</strong></span> <span class='ocrx_word' id='word_1_48' title='bbox 999 709 1319 776; x_wconf 72' lang='lat' dir='ltr'><strong>auxilium</strong></span> <span class='ocrx_word' id='word_1_49' title='bbox 1365 709 1453 775; x_wconf 86' lang='lat' dir='ltr'><strong>ad</strong></span> <span class='ocrx_word' id='word_1_50' title='bbox 1474 708 1788 794; x_wconf 74' lang='lat' dir='ltr'><strong>aqendam</strong></span> <span class='ocrx_word' id='word_1_51' title='bbox 1811 708 2280 795; x_wconf 76' lang='lat' dir='ltr'><strong>poenitentiam.</strong></span> <span class='ocrx_word' id='word_1_52' title='bbox 2328 705 2652 793; x_wconf 80' lang='lat' dir='ltr'><strong>Quidquid</strong></span> <span class='ocrx_word' id='word_1_53' title='bbox 2673 708 2786 773; x_wconf 91' lang='lat' dir='ltr'><strong>alii</strong></span> <span class='ocrx_word' id='word_1_54' title='bbox 2807 730 2888 773; x_wconf 86' lang='lat' dir='ltr'><strong>ex</strong></span> <span class='ocrx_word' id='word_1_55' title='bbox 2966 706 3266 774; x_wconf 83' lang='lat' dir='ltr'><strong>ontificiis</strong></span> <span class='ocrx_word' id='word_1_56' title='bbox 3295 712 3554 794; x_wconf 76' lang='lat' dir='ltr'><strong>praeter</strong></span> 
     </span>
    </p>
   </div>
   <div class='ocr_carea' id='block_1_3' title="bbox 478 795 3550 882">
    <p class='ocr_par' dir='ltr' id='par_1_3' title="bbox 478 795 3550 882">
     <span class='ocr_line' id='line_1_6' title="bbox 478 795 3550 882; baseline -0 -18"><span class='ocrx_word' id='word_1_57' title='bbox 478 804 486 811; x_wconf 86' lang='lat'>&#39;</span> <span class='ocrx_word' id='word_1_58' title='bbox 604 798 729 865; x_wconf 92' lang='lat' dir='ltr'><strong>Dei</strong></span> <span class='ocrx_word' id='word_1_59' title='bbox 781 796 1257 882; x_wconf 85' lang='lat' dir='ltr'><strong>beneplacitum</strong></span> <span class='ocrx_word' id='word_1_60' title='bbox 1303 797 1579 880; x_wconf 76' lang='lat' dir='ltr'><strong>allegare</strong></span> <span class='ocrx_word' id='word_1_61' title='bbox 1622 800 1954 878; x_wconf 88' lang='lat' dir='ltr'><strong>conantur,</strong></span> <span class='ocrx_word' id='word_1_62' title='bbox 2002 798 2129 863; x_wconf 91' lang='lat' dir='ltr'><strong>huc</strong></span> <span class='ocrx_word' id='word_1_63' title='bbox 2177 795 2385 863; x_wconf 82' lang='lat' dir='ltr'><strong>tendit</strong></span> <span class='ocrx_word' id='word_1_64' title='bbox 2403 818 2485 862; x_wconf 90' lang='lat' dir='ltr'><strong>ne</strong></span> <span class='ocrx_word' id='word_1_65' title='bbox 2509 795 2786 862; x_wconf 86' lang='lat' dir='ltr'><strong>liberum</strong></span> <span class='ocrx_word' id='word_1_66' title='bbox 2805 796 3166 878; x_wconf 73' lang='lat' dir='ltr'><strong>arbitrium,</strong></span> <span class='ocrx_word' id='word_1_67' title='bbox 3189 798 3550 864; x_wconf 61' lang='lat' dir='ltr'><strong>misericor*-</strong></span> 
     </span>
    </p>
   </div>
   <div class='ocr_carea' id='block_1_4' title="bbox 609 884 3548 1150">
    <p class='ocr_par' dir='ltr' id='par_1_4' title="bbox 609 884 3548 1150">
     <span class='ocr_line' id='line_1_7' title="bbox 610 884 3547 971; baseline 0 -20"><span class='ocrx_word' id='word_1_68' title='bbox 610 887 787 951; x_wconf 88' lang='lat' dir='ltr'><strong>diam</strong></span> <span class='ocrx_word' id='word_1_69' title='bbox 812 888 860 953; x_wconf 72' lang='lat' dir='ltr'><strong>8z</strong></span> <span class='ocrx_word' id='word_1_70' title='bbox 890 886 1173 971; x_wconf 79' lang='lat' dir='ltr'><strong>gratiam</strong></span> <span class='ocrx_word' id='word_1_71' title='bbox 1196 885 1715 969; x_wconf 79' lang='lat' dir='ltr'><strong>conditionatum,</strong></span> <span class='ocrx_word' id='word_1_72' title='bbox 1736 886 2041 951; x_wconf 88' lang='lat' dir='ltr'><strong>meritum</strong></span> <span class='ocrx_word' id='word_1_73' title='bbox 2063 886 2142 952; x_wconf 89' lang='lat' dir='ltr'><strong>de</strong></span> <span class='ocrx_word' id='word_1_74' title='bbox 2159 896 2466 971; x_wconf 57' lang='lat' dir='ltr'><strong>‘congrum</strong></span> <span class='ocrx_word' id='word_1_75' title='bbox 2512 886 2560 951; x_wconf 63' lang='lat' dir='ltr'><strong>a</strong></span> <span class='ocrx_word' id='word_1_76' title='bbox 2589 884 2832 951; x_wconf 75' lang='lat' dir='ltr'><strong>similes</strong></span> <span class='ocrx_word' id='word_1_77' title='bbox 2853 908 3002 951; x_wconf 83' lang='lat' dir='ltr'><strong>suas</strong></span> <span class='ocrx_word' id='word_1_78' title='bbox 3029 885 3428 971; x_wconf 72' lang='lat' dir='ltr'><strong>hypotheses</strong></span> <span class='ocrx_word' id='word_1_79' title='bbox 3449 908 3547 952; x_wconf 90' lang='lat' dir='ltr'><strong>co-</strong></span> 
     </span>
     <span class='ocr_line' id='line_1_8' title="bbox 609 972 3548 1061; baseline 0.001 -22"><span class='ocrx_word' id='word_1_80' title='bbox 609 978 852 1061; x_wconf 86' lang='lat' dir='ltr'><strong>gantur</strong></span> <span class='ocrx_word' id='word_1_81' title='bbox 876 975 1185 1041; x_wconf 87' lang='lat' dir='ltr'><strong>deserere.</strong></span> <span class='ocrx_word' id='word_1_82' title='bbox 1232 972 1540 1040; x_wconf 80' lang='lat' dir='ltr'><strong>Rationes</strong></span> <span class='ocrx_word' id='word_1_83' title='bbox 1564 995 1727 1059; x_wconf 88' lang='lat' dir='ltr'><strong>quae</strong></span> <span class='ocrx_word' id='word_1_84' title='bbox 1748 974 2107 1040; x_wconf 88' lang='lat' dir='ltr'><strong>afferuntur</strong></span> <span class='ocrx_word' id='word_1_85' title='bbox 2129 977 2168 1041; x_wconf 74' lang='lat' dir='ltr'><strong>a</strong></span> <span class='ocrx_word' id='word_1_86' title='bbox 2189 972 2492 1039; x_wconf 87' lang='lat' dir='ltr'><strong>Patribus</strong></span> <span class='ocrx_word' id='word_1_87' title='bbox 2511 977 2800 1040; x_wconf 77' lang='lat' dir='ltr'><strong>recenset</strong></span> <span class='ocrx_word' id='word_1_88' title='bbox 2819 975 3076 1059; x_wconf 89' lang='lat' dir='ltr'><strong>quidem</strong></span> <span class='ocrx_word' id='word_1_89' title='bbox 3099 974 3399 1041; x_wconf 73' lang='lat' dir='ltr'><strong>Beoanm</strong></span> <span class='ocrx_word' id='word_1_90' title='bbox 3417 994 3548 1059; x_wconf 74' lang='grc' dir='ltr'><strong>αφ.</strong></span> 
     </span>
     <span class='ocr_line' id='line_1_9' title="bbox 614 1060 3545 1150; baseline 0 -22"><span class='ocrx_word' id='word_1_91' title='bbox 614 1064 692 1128; x_wconf 93' lang='grc'><strong>11</strong></span> <span class='ocrx_word' id='word_1_92' title='bbox 706 1109 721 1126; x_wconf 95' lang='grc'><strong>.</strong></span> <span class='ocrx_word' id='word_1_93' title='bbox 757 1062 869 1129; x_wconf 88' lang='lat' dir='ltr'><strong>sed</strong></span> <span class='ocrx_word' id='word_1_94' title='bbox 891 1085 971 1129; x_wconf 91' lang='lat' dir='ltr'><strong>ne</strong></span> <span class='ocrx_word' id='word_1_95' title='bbox 995 1063 1259 1130; x_wconf 82' lang='lat' dir='ltr'><strong>verbulo</strong></span> <span class='ocrx_word' id='word_1_96' title='bbox 1290 1063 1549 1148; x_wconf 90' lang='lat' dir='ltr'><strong>quidem</strong></span> <span class='ocrx_word' id='word_1_97' title='bbox 1570 1064 1804 1149; x_wconf 88' lang='lat' dir='ltr'><strong>probat</strong></span> <span class='ocrx_word' id='word_1_98' title='bbox 1828 1066 1942 1129; x_wconf 89' lang='lat' dir='ltr'><strong>aut</strong></span> <span class='ocrx_word' id='word_1_99' title='bbox 1962 1062 2306 1148; x_wconf 89' lang='lat' dir='ltr'><strong>improbat.</strong></span> <span class='ocrx_word' id='word_1_100' title='bbox 2351 1060 2518 1129; x_wconf 88' lang='lat' dir='ltr'><strong>Sunt</strong></span> <span class='ocrx_word' id='word_1_101' title='bbox 2539 1066 2756 1128; x_wconf 88' lang='lat' dir='ltr'><strong>autem</strong></span> <span class='ocrx_word' id='word_1_102' title='bbox 2777 1062 2962 1142; x_wconf 88' lang='lat' dir='ltr'><strong>istae,</strong></span> <span class='ocrx_word' id='word_1_103' title='bbox 2991 1064 3051 1127; x_wconf 89' lang='lat'><strong>1.</strong></span> <span class='ocrx_word' id='word_1_104' title='bbox 3065 1062 3236 1141; x_wconf 85' lang='lat' dir='ltr'><strong>Quia</strong></span> <span class='ocrx_word' id='word_1_105' title='bbox 3261 1062 3545 1150; x_wconf 80' lang='lat' dir='ltr'><strong>Angelus</strong></span> 
     </span>
    </p>
   </div>
   <div class='ocr_carea' id='block_1_5' title="bbox 610 1150 3661 1237">
    <p class='ocr_par' dir='ltr' id='par_1_5' title="bbox 610 1150 3661 1237">
     <span class='ocr_line' id='line_1_10' title="bbox 610 1150 3661 1237; baseline 0 -20"><span class='ocrx_word' id='word_1_106' title='bbox 610 1154 728 1217; x_wconf 70' lang='lat' dir='ltr'><strong>sua</strong></span> <span class='ocrx_word' id='word_1_107' title='bbox 778 1154 1026 1237; x_wconf 86' lang='lat' dir='ltr'><strong>sponte,</strong></span> <span class='ocrx_word' id='word_1_108' title='bbox 1057 1174 1187 1219; x_wconf 91' lang='lat' dir='ltr'><strong>nou</strong></span> <span class='ocrx_word' id='word_1_109' title='bbox 1232 1152 1360 1217; x_wconf 89' lang='lat' dir='ltr'><strong>alio</strong></span> <span class='ocrx_word' id='word_1_110' title='bbox 1406 1152 1731 1218; x_wconf 77' lang='lat' dir='ltr'><strong>suadente.</strong></span> <span class='ocrx_word' id='word_1_111' title='bbox 1758 1152 1820 1217; x_wconf 89' lang='lat'><strong>2.</strong></span> <span class='ocrx_word' id='word_1_112' title='bbox 1855 1174 1934 1218; x_wconf 87' lang='lat' dir='ltr'><strong>ex</strong></span> <span class='ocrx_word' id='word_1_113' title='bbox 1969 1152 2223 1218; x_wconf 72' lang='lat' dir='ltr'><strong>malitia</strong></span> <span class='ocrx_word' id='word_1_114' title='bbox 2243 1151 2558 1237; x_wconf 77' lang='lat' dir='ltr'><strong>peccavit:</strong></span> <span class='ocrx_word' id='word_1_115' title='bbox 2584 1152 2645 1217; x_wconf 86' lang='lat'><strong>3.</strong></span> <span class='ocrx_word' id='word_1_116' title='bbox 2669 1150 2980 1218; x_wconf 89' lang='lat' dir='ltr'><strong>Peccante</strong></span> <span class='ocrx_word' id='word_1_117' title='bbox 3001 1173 3129 1217; x_wconf 88' lang='lat' dir='ltr'><strong>uno</strong></span> <span class='ocrx_word' id='word_1_118' title='bbox 3149 1150 3419 1219; x_wconf 88' lang='lat' dir='ltr'><strong>homine</strong></span> <span class='ocrx_word' id='word_1_119' title='bbox 3439 1173 3546 1237; x_wconf 88' lang='lat' dir='ltr'><strong>pe-</strong></span> <span class='ocrx_word' id='word_1_120' title='bbox 3659 1192 3661 1197; x_wconf 91' lang='lat'><em>-</em></span> 
     </span>
    </p>
   </div>
   <div class='ocr_carea' id='block_1_6' title="bbox 609 1240 3552 1431">
    <p class='ocr_par' dir='ltr' id='par_1_6' title="bbox 609 1240 3552 1431">
     <span class='ocr_line' id='line_1_11' title="bbox 609 1240 3550 1327; baseline 0 -22"><span class='ocrx_word' id='word_1_121' title='bbox 609 1240 722 1306; x_wconf 90' lang='lat' dir='ltr'><strong>riit</strong></span> <span class='ocrx_word' id='word_1_122' title='bbox 770 1244 912 1307; x_wconf 87' lang='lat' dir='ltr'><strong>tota</strong></span> <span class='ocrx_word' id='word_1_123' title='bbox 958 1244 1195 1307; x_wconf 89' lang='lat' dir='ltr'><strong>natura</strong></span> <span class='ocrx_word' id='word_1_124' title='bbox 1224 1240 1529 1322; x_wconf 88' lang='lat' dir='ltr'><strong>humana,</strong></span> <span class='ocrx_word' id='word_1_125' title='bbox 1553 1262 1681 1307; x_wconf 88' lang='lat' dir='ltr'><strong>uon</strong></span> <span class='ocrx_word' id='word_1_126' title='bbox 1712 1243 1932 1308; x_wconf 87' lang='lat' dir='ltr'><strong>autem</strong></span> <span class='ocrx_word' id='word_1_127' title='bbox 1952 1244 2253 1325; x_wconf 87' lang='lat' dir='ltr'><strong>peccante</strong></span> <span class='ocrx_word' id='word_1_128' title='bbox 2281 1240 2558 1326; x_wconf 90' lang='lat' dir='ltr'><strong>Ange10,</strong></span> <span class='ocrx_word' id='word_1_129' title='bbox 2582 1240 2776 1325; x_wconf 88' lang='lat' dir='ltr'><strong>periit</strong></span> <span class='ocrx_word' id='word_1_130' title='bbox 2795 1242 2934 1306; x_wconf 89' lang='lat' dir='ltr'><strong>tota</strong></span> <span class='ocrx_word' id='word_1_131' title='bbox 2953 1244 3188 1319; x_wconf 85' lang='lat' dir='ltr'><strong>natura</strong></span> <span class='ocrx_word' id='word_1_132' title='bbox 3217 1240 3550 1327; x_wconf 84' lang='lat' dir='ltr'><strong>Angelica.</strong></span> 
     </span>
     <span class='ocr_line' id='line_1_12' title="bbox 610 1327 3552 1431; baseline 0 -37"><span class='ocrx_word' id='word_1_133' title='bbox 610 1327 810 1395; x_wconf 90' lang='lat' dir='ltr'><strong>Istius</strong></span> <span class='ocrx_word' id='word_1_134' title='bbox 837 1330 1095 1416; x_wconf 89' lang='lat' dir='ltr'><strong>generis</strong></span> <span class='ocrx_word' id='word_1_135' title='bbox 1118 1329 1567 1416; x_wconf 78' lang='lat' dir='ltr'><strong>congruentias</strong></span> <span class='ocrx_word' id='word_1_136' title='bbox 1598 1329 1732 1395; x_wconf 89' lang='lat' dir='ltr'><strong>sive</strong></span> <span class='ocrx_word' id='word_1_137' title='bbox 1756 1330 2150 1415; x_wconf 89' lang='lat' dir='ltr'><strong>conjecturas</strong></span> <span class='ocrx_word' id='word_1_138' title='bbox 2171 1329 2230 1395; x_wconf 87' lang='lat' dir='ltr'><strong>si</strong></span> <span class='ocrx_word' id='word_1_139' title='bbox 2259 1329 2403 1413; x_wconf 86' lang='lat' dir='ltr'><strong>quis</strong></span> <span class='ocrx_word' id='word_1_140' title='bbox 2425 1350 2574 1395; x_wconf 89' lang='lat' dir='ltr'><strong>suas</strong></span> <span class='ocrx_word' id='word_1_141' title='bbox 2595 1328 2806 1395; x_wconf 85' lang='lat' dir='ltr'><strong>facere</strong></span> <span class='ocrx_word' id='word_1_142' title='bbox 2827 1328 3006 1410; x_wconf 81' lang='lat' dir='ltr'><strong>velit,</strong></span> <span class='ocrx_word' id='word_1_143' title='bbox 3037 1328 3299 1395; x_wconf 86' lang='lat' dir='ltr'><strong>fruatur</strong></span> <span class='ocrx_word' id='word_1_144' title='bbox 3319 1352 3436 1396; x_wconf 87' lang='lat' dir='ltr'><strong>suo</strong></span> <span class='ocrx_word' id='word_1_145' title='bbox 3449 1330 3552 1431; x_wconf 69' lang='lat' dir='ltr'><strong>ju-</strong></span> 
     </span>
    </p>
   </div>
   <div class='ocr_carea' id='block_1_7' title="bbox 613 1417 3661 1504">
    <p class='ocr_par' dir='ltr' id='par_1_7' title="bbox 613 1417 3661 1504">
     <span class='ocr_line' id='line_1_13' title="bbox 613 1417 3661 1504; baseline 0 -21"><span class='ocrx_word' id='word_1_146' title='bbox 613 1417 812 1484; x_wconf 85' lang='lat' dir='ltr'><strong>dicio:</strong></span> <span class='ocrx_word' id='word_1_147' title='bbox 862 1440 984 1504; x_wconf 89' lang='lat' dir='ltr'><strong>ego</strong></span> <span class='ocrx_word' id='word_1_148' title='bbox 1028 1418 1210 1485; x_wconf 86' lang='lat' dir='ltr'><strong>fruar</strong></span> <span class='ocrx_word' id='word_1_149' title='bbox 1256 1441 1432 1497; x_wconf 89' lang='lat' dir='ltr'><strong>meo;</strong></span> <span class='ocrx_word' id='word_1_150' title='bbox 1476 1417 1546 1483; x_wconf 91' lang='lat' dir='ltr'><strong>in</strong></span> <span class='ocrx_word' id='word_1_151' title='bbox 1590 1440 1718 1504; x_wconf 93' lang='lat' dir='ltr'><strong>quo</strong></span> <span class='ocrx_word' id='word_1_152' title='bbox 1761 1422 1907 1485; x_wconf 90' lang='lat' dir='ltr'><strong>tuto</strong></span> <span class='ocrx_word' id='word_1_153' title='bbox 1957 1418 2379 1504; x_wconf 80' lang='lat' dir='ltr'><strong>acquiescere,</strong></span> <span class='ocrx_word' id='word_1_154' title='bbox 2410 1419 2458 1484; x_wconf 66' lang='grc' dir='ltr'><strong>ἃ,</strong></span> <span class='ocrx_word' id='word_1_155' title='bbox 2479 1418 2650 1503; x_wconf 89' lang='lat' dir='ltr'><strong>quod</strong></span> <span class='ocrx_word' id='word_1_156' title='bbox 2670 1420 2892 1483; x_wconf 88' lang='lat' dir='ltr'><strong>contra</strong></span> <span class='ocrx_word' id='word_1_157' title='bbox 2912 1440 3134 1484; x_wconf 87' lang='lat' dir='ltr'><strong>omnes</strong></span> <span class='ocrx_word' id='word_1_158' title='bbox 3155 1418 3546 1485; x_wconf 70' lang='lat' dir='ltr'><strong>adversanos</strong></span> <span class='ocrx_word' id='word_1_159' title='bbox 3659 1456 3661 1463; x_wconf 62' lang='lat'>2</span> 
     </span>
    </p>
   </div>
   <div class='ocr_carea' id='block_1_8' title="bbox 630 1500 3546 1594">
    <p class='ocr_par' dir='ltr' id='par_1_8' title="bbox 630 1500 3546 1594">
     <span class='ocr_line' id='line_1_14' title="bbox 630 1500 3546 1594; baseline 0 -21"><span class='ocrx_word' id='word_1_160' title='bbox 630 1506 981 1573; x_wconf 73' lang='lat' dir='ltr'><strong>certissime</strong></span> <span class='ocrx_word' id='word_1_161' title='bbox 1029 1508 1365 1574; x_wconf 85' lang='lat' dir='ltr'><strong>defendere</strong></span> <span class='ocrx_word' id='word_1_162' title='bbox 1408 1528 1705 1593; x_wconf 89' lang='lat' dir='ltr'><strong>possum;</strong></span> <span class='ocrx_word' id='word_1_163' title='bbox 1751 1508 2046 1593; x_wconf 87' lang='lat' dir='ltr'><strong>quodque</strong></span> <span class='ocrx_word' id='word_1_164' title='bbox 2068 1500 2340 1573; x_wconf 83' lang='lat' dir='ltr'><strong>liberam</strong></span> <span class='ocrx_word' id='word_1_165' title='bbox 2361 1506 2410 1573; x_wconf 61' lang='grc' dir='ltr'><strong>ἃ</strong></span> <span class='ocrx_word' id='word_1_166' title='bbox 2429 1505 2860 1572; x_wconf 84' lang='lat' dir='ltr'><strong>omnimodam</strong></span> <span class='ocrx_word' id='word_1_167' title='bbox 2879 1504 3005 1571; x_wconf 89' lang='lat' dir='ltr'><strong>Dei</strong></span> <span class='ocrx_word' id='word_1_168' title='bbox 3032 1507 3318 1594; x_wconf 80' lang='lat' dir='ltr'><strong>gratiam</strong></span> <span class='ocrx_word' id='word_1_169' title='bbox 3339 1528 3416 1573; x_wconf 87' lang='lat' dir='ltr'><strong>ac</strong></span> <span class='ocrx_word' id='word_1_170' title='bbox 3433 1510 3546 1572; x_wconf 90' lang='lat' dir='ltr'><strong>mi-</strong></span> 
     </span>
    </p>
   </div>
   <div class='ocr_carea' id='block_1_9' title="bbox 512 1594 3661 1681">
    <p class='ocr_par' dir='ltr' id='par_1_9' title="bbox 512 1594 3661 1681">
     <span class='ocr_line' id='line_1_15' title="bbox 512 1594 3661 1681; baseline 0 -20"><span class='ocrx_word' id='word_1_171' title='bbox 512 1620 522 1629; x_wconf 93' lang='lat'>·</span> <span class='ocrx_word' id='word_1_172' title='bbox 626 1595 1055 1677; x_wconf 88' lang='lat' dir='ltr'><strong>sericordiam,</strong></span> <span class='ocrx_word' id='word_1_173' title='bbox 1087 1600 1217 1661; x_wconf 66' lang='lat' dir='ltr'><strong>unt.</strong></span> <span class='ocrx_word' id='word_1_174' title='bbox 1246 1618 1389 1661; x_wconf 91' lang='lat' dir='ltr'><strong>cum</strong></span> <span class='ocrx_word' id='word_1_175' title='bbox 1430 1595 1724 1663; x_wconf 68' lang='lat' dir='ltr'><strong>absoluta</strong></span> <span class='ocrx_word' id='word_1_176' title='bbox 1767 1598 1816 1664; x_wconf 65' lang='lat' dir='ltr'><strong>a</strong></span> <span class='ocrx_word' id='word_1_177' title='bbox 1845 1600 2096 1662; x_wconf 62' lang='lat' dir='ltr'><strong>summa</strong></span> <span class='ocrx_word' id='word_1_178' title='bbox 2116 1596 2320 1681; x_wconf 87' lang='lat' dir='ltr'><strong>ipsius</strong></span> <span class='ocrx_word' id='word_1_179' title='bbox 2343 1598 2660 1681; x_wconf 84' lang='lat' dir='ltr'><strong>potestate</strong></span> <span class='ocrx_word' id='word_1_180' title='bbox 2689 1594 3160 1662; x_wconf 70' lang='lat' dir='ltr'><strong>evidentissime</strong></span> <span class='ocrx_word' id='word_1_181' title='bbox 3181 1596 3485 1675; x_wconf 78' lang='lat' dir='ltr'><strong>vindicat,</strong></span> <span class='ocrx_word' id='word_1_182' title='bbox 3507 1594 3547 1661; x_wconf 62' lang='lat'>8</span> <span class='ocrx_word' id='word_1_183' title='bbox 3659 1596 3661 1599; x_wconf 46' lang='lat'><em>⁴</em></span> 
     </span>
    </p>
   </div>
   <div class='ocr_carea' id='block_1_10' title="bbox 625 1680 3548 1965">
    <p class='ocr_par' dir='ltr' id='par_1_10' title="bbox 625 1680 3548 1965">
     <span class='ocr_line' id='line_1_16' title="bbox 628 1680 3545 1771; baseline 0 -23"><span class='ocrx_word' id='word_1_184' title='bbox 628 1684 856 1769; x_wconf 86' lang='lat' dir='ltr'><strong>majori</strong></span> <span class='ocrx_word' id='word_1_185' title='bbox 879 1704 952 1749; x_wconf 89' lang='lat' dir='ltr'><strong>ac</strong></span> <span class='ocrx_word' id='word_1_186' title='bbox 974 1684 1227 1751; x_wconf 88' lang='lat' dir='ltr'><strong>fortiori</strong></span> <span class='ocrx_word' id='word_1_187' title='bbox 1248 1684 1499 1751; x_wconf 82' lang='lat' dir='ltr'><strong>vinculo</strong></span> <span class='ocrx_word' id='word_1_188' title='bbox 1524 1685 1605 1750; x_wconf 91' lang='lat' dir='ltr'><strong>ad</strong></span> <span class='ocrx_word' id='word_1_189' title='bbox 1630 1685 2091 1771; x_wconf 79' lang='lat' dir='ltr'><strong>gratitudinem</strong></span> <span class='ocrx_word' id='word_1_190' title='bbox 2135 1706 2249 1750; x_wconf 85' lang='lat' dir='ltr'><strong>nos</strong></span> <span class='ocrx_word' id='word_1_191' title='bbox 2271 1684 2596 1770; x_wconf 80' lang='lat' dir='ltr'><strong>astringit.</strong></span> <span class='ocrx_word' id='word_1_192' title='bbox 2619 1684 2683 1749; x_wconf 87' lang='lat'><strong>2.</strong></span> <span class='ocrx_word' id='word_1_193' title='bbox 2722 1680 2931 1752; x_wconf 74' lang='lat' dir='ltr'><strong>cond.</strong></span> <span class='ocrx_word' id='word_1_194' title='bbox 2953 1682 3244 1749; x_wconf 86' lang='lat' dir='ltr'><strong>Christus</strong></span> <span class='ocrx_word' id='word_1_195' title='bbox 3268 1706 3398 1751; x_wconf 88' lang='lat' dir='ltr'><strong>non</strong></span> <span class='ocrx_word' id='word_1_196' title='bbox 3417 1706 3545 1749; x_wconf 78' lang='lat' dir='ltr'><strong>me-</strong></span> 
     </span>
     <span class='ocr_line' id='line_1_17' title="bbox 625 1770 3548 1860; baseline 0 -23"><span class='ocrx_word' id='word_1_197' title='bbox 625 1773 790 1838; x_wconf 89' lang='lat' dir='ltr'><strong>ritus</strong></span> <span class='ocrx_word' id='word_1_198' title='bbox 822 1775 921 1838; x_wconf 90' lang='lat' dir='ltr'><strong>est</strong></span> <span class='ocrx_word' id='word_1_199' title='bbox 963 1770 1237 1859; x_wconf 83' lang='lat' dir='ltr'><strong>Angelis</strong></span> <span class='ocrx_word' id='word_1_200' title='bbox 1279 1772 1466 1839; x_wconf 90' lang='lat' dir='ltr'><strong>bouis</strong></span> <span class='ocrx_word' id='word_1_201' title='bbox 1513 1774 1793 1860; x_wconf 83' lang='lat' dir='ltr'><strong>gratiam</strong></span> <span class='ocrx_word' id='word_1_202' title='bbox 1816 1778 1931 1840; x_wconf 87' lang='lat' dir='ltr'><strong>aut</strong></span> <span class='ocrx_word' id='word_1_203' title='bbox 1958 1773 2251 1859; x_wconf 89' lang='lat' dir='ltr'><strong>gloriam.</strong></span> <span class='ocrx_word' id='word_1_204' title='bbox 2299 1771 2407 1839; x_wconf 91' lang='lat' dir='ltr'><strong>Sic</strong></span> <span class='ocrx_word' id='word_1_205' title='bbox 2439 1771 2729 1857; x_wconf 88' lang='lat' dir='ltr'><strong>plerique</strong></span> <span class='ocrx_word' id='word_1_206' title='bbox 2752 1772 3113 1840; x_wconf 71' lang='lat' dir='ltr'><strong>Schola-ttici</strong></span> <span class='ocrx_word' id='word_1_207' title='bbox 3137 1795 3290 1838; x_wconf 88' lang='lat' dir='ltr'><strong>cum</strong></span> <span class='ocrx_word' id='word_1_208' title='bbox 3321 1774 3548 1839; x_wconf 64' lang='lat' dir='ltr'><strong>Thomu</strong></span> 
     </span>
     <span class='ocr_line' id='line_1_18' title="bbox 628 1859 3547 1965; baseline -0 -39"><span class='ocrx_word' id='word_1_209' title='bbox 628 1862 701 1927; x_wconf 90' lang='lat' dir='ltr'><strong>in</strong></span> <span class='ocrx_word' id='word_1_210' title='bbox 744 1862 806 1925; x_wconf 90' lang='lat'><strong>3.</strong></span> <span class='ocrx_word' id='word_1_211' title='bbox 846 1862 994 1929; x_wconf 78' lang='lat' dir='ltr'><strong>disi.</strong></span> <span class='ocrx_word' id='word_1_212' title='bbox 1024 1863 1129 1929; x_wconf 87' lang='grc'><strong>13.</strong></span> <span class='ocrx_word' id='word_1_213' title='bbox 1153 1862 1507 1947; x_wconf 86' lang='lat' dir='ltr'><strong>Disputaut</strong></span> <span class='ocrx_word' id='word_1_214' title='bbox 1527 1862 1723 1948; x_wconf 76' lang='lat' dir='ltr'><strong>vulgo</strong></span> <span class='ocrx_word' id='word_1_215' title='bbox 1746 1862 1823 1927; x_wconf 90' lang='lat' dir='ltr'><strong>de</strong></span> <span class='ocrx_word' id='word_1_216' title='bbox 1854 1861 1976 1928; x_wconf 88' lang='lat' dir='ltr'><strong>hac</strong></span> <span class='ocrx_word' id='word_1_217' title='bbox 1999 1861 2371 1965; x_wconf 79' lang='lat' dir='ltr'><strong>quaestione</strong></span> <span class='ocrx_word' id='word_1_218' title='bbox 2386 1860 2474 1927; x_wconf 84' lang='lat' dir='ltr'><strong>ad</strong></span> <span class='ocrx_word' id='word_1_219' title='bbox 2496 1862 2558 1927; x_wconf 86' lang='lat'><strong>3.</strong></span> <span class='ocrx_word' id='word_1_220' title='bbox 2589 1872 2823 1949; x_wconf 73' lang='lat' dir='ltr'><strong>quaest.</strong></span> <span class='ocrx_word' id='word_1_221' title='bbox 2849 1860 2955 1927; x_wconf 87' lang='grc'><strong>19.</strong></span> <span class='ocrx_word' id='word_1_222' title='bbox 2985 1872 3110 1927; x_wconf 80' lang='lat' dir='ltr'><strong>art.</strong></span> <span class='ocrx_word' id='word_1_223' title='bbox 3134 1862 3199 1925; x_wconf 88' lang='grc'><strong>4.</strong></span> <span class='ocrx_word' id='word_1_224' title='bbox 3221 1859 3412 1941; x_wconf 85' lang='lat' dir='ltr'><strong>Sunt,</strong></span> <span class='ocrx_word' id='word_1_225' title='bbox 3443 1860 3547 1946; x_wconf 69' lang='lat' dir='ltr'><strong>qui</strong></span> 
     </span>
    </p>
   </div>
   <div class='ocr_carea' id='block_1_11' title="bbox 630 1948 3661 2127">
    <p class='ocr_par' dir='ltr' id='par_1_11' title="bbox 630 1948 3661 2127">
     <span class='ocr_line' id='line_1_19' title="bbox 630 1948 3661 2039; baseline -0 -24"><span class='ocrx_word' id='word_1_226' title='bbox 630 1950 897 2016; x_wconf 87' lang='lat' dir='ltr'><strong>eandem</strong></span> <span class='ocrx_word' id='word_1_227' title='bbox 943 1951 1274 2039; x_wconf 87' lang='lat' dir='ltr'><strong>attingunt</strong></span> <span class='ocrx_word' id='word_1_228' title='bbox 1304 1951 1373 2015; x_wconf 91' lang='lat' dir='ltr'><strong>in</strong></span> <span class='ocrx_word' id='word_1_229' title='bbox 1398 1962 1571 2018; x_wconf 76' lang='lat' dir='ltr'><strong>tract.</strong></span> <span class='ocrx_word' id='word_1_230' title='bbox 1611 1951 1689 2017; x_wconf 84' lang='lat' dir='ltr'><strong>de</strong></span> <span class='ocrx_word' id='word_1_231' title='bbox 1723 1951 1997 2037; x_wconf 70' lang='lat' dir='ltr'><strong>Anqelis,</strong></span> <span class='ocrx_word' id='word_1_232' title='bbox 2019 1954 2189 2017; x_wconf 88' lang='lat' dir='ltr'><strong>mter</strong></span> <span class='ocrx_word' id='word_1_233' title='bbox 2210 1972 2370 2036; x_wconf 89' lang='lat' dir='ltr'><strong>quos</strong></span> <span class='ocrx_word' id='word_1_234' title='bbox 2395 1951 2686 2017; x_wconf 75' lang='lat' dir='ltr'><strong>Becanue</strong></span> <span class='ocrx_word' id='word_1_235' title='bbox 2716 1950 2790 2017; x_wconf 90' lang='lat' dir='ltr'><strong>in</strong></span> <span class='ocrx_word' id='word_1_236' title='bbox 2827 1950 3032 2017; x_wconf 78' lang='lat' dir='ltr'><strong>Theoi.</strong></span> <span class='ocrx_word' id='word_1_237' title='bbox 3062 1948 3367 2020; x_wconf 66' lang='lat' dir='ltr'><strong>Scholast.</strong></span> <span class='ocrx_word' id='word_1_238' title='bbox 3387 1962 3545 2035; x_wconf 66' lang='lat' dir='ltr'><strong>pun.</strong></span> <span class='ocrx_word' id='word_1_239' title='bbox 3658 1954 3661 1985; x_wconf 78' lang='lat'><em>³</em></span> 
     </span>
     <span class='ocr_line' id='line_1_20' title="bbox 631 2038 3661 2127; baseline 0 -23"><span class='ocrx_word' id='word_1_240' title='bbox 631 2039 690 2105; x_wconf 93' lang='lat'><strong>1.</strong></span> <span class='ocrx_word' id='word_1_241' title='bbox 711 2050 877 2124; x_wconf 76' lang='lat' dir='ltr'><strong>part.</strong></span> <span class='ocrx_word' id='word_1_242' title='bbox 903 2040 964 2105; x_wconf 86' lang='lat'><strong>3.</strong></span> <span class='ocrx_word' id='word_1_243' title='bbox 988 2061 1122 2126; x_wconf 82' lang='lat' dir='ltr'><strong>cap.</strong></span> <span class='ocrx_word' id='word_1_244' title='bbox 1149 2042 1211 2106; x_wconf 83' lang='lat'><strong>2.</strong></span> <span class='ocrx_word' id='word_1_245' title='bbox 1242 2052 1477 2127; x_wconf 73' lang='lat' dir='ltr'><strong>quaest.</strong></span> <span class='ocrx_word' id='word_1_246' title='bbox 1503 2041 1564 2106; x_wconf 88' lang='lat'><strong>4.</strong></span> <span class='ocrx_word' id='word_1_247' title='bbox 1593 2040 1856 2106; x_wconf 75' lang='lat' dir='ltr'><strong>Zwarez</strong></span> <span class='ocrx_word' id='word_1_248' title='bbox 1881 2043 2098 2106; x_wconf 88' lang='lat' dir='ltr'><strong>tamen</strong></span> <span class='ocrx_word' id='word_1_249' title='bbox 2127 2060 2246 2125; x_wconf 87' lang='lat' dir='ltr'><strong>pro</strong></span> <span class='ocrx_word' id='word_1_250' title='bbox 2273 2039 2593 2106; x_wconf 72' lang='lat' dir='ltr'><strong>contraria</strong></span> <span class='ocrx_word' id='word_1_251' title='bbox 2637 2039 2956 2105; x_wconf 67' lang='lat' dir='ltr'><strong>sententia</strong></span> <span class='ocrx_word' id='word_1_252' title='bbox 2997 2060 3078 2105; x_wconf 86' lang='lat' dir='ltr'><strong>ex</strong></span> <span class='ocrx_word' id='word_1_253' title='bbox 3113 2039 3404 2125; x_wconf 79' lang='lat' dir='ltr'><strong>professo</strong></span> <span class='ocrx_word' id='word_1_254' title='bbox 3425 2038 3548 2104; x_wconf 80' lang='lat' dir='ltr'><strong>dis-</strong></span> <span class='ocrx_word' id='word_1_255' title='bbox 3659 2084 3661 2111; x_wconf 61' lang='lat'><em>2</em></span> 
     </span>
    </p>
   </div>
   <div class='ocr_carea' id='block_1_12' title="bbox 627 2126 3548 2215">
    <p class='ocr_par' dir='ltr' id='par_1_12' title="bbox 627 2126 3548 2215">
     <span class='ocr_line' id='line_1_21' title="bbox 627 2126 3548 2215; baseline 0 -22"><span class='ocrx_word' id='word_1_256' title='bbox 627 2131 816 2213; x_wconf 87' lang='lat' dir='ltr'><strong>putat</strong></span> <span class='ocrx_word' id='word_1_257' title='bbox 858 2128 945 2195; x_wconf 86' lang='lat' dir='ltr'><strong>ad</strong></span> <span class='ocrx_word' id='word_1_258' title='bbox 988 2130 1050 2194; x_wconf 92' lang='grc'><strong>3.</strong></span> <span class='ocrx_word' id='word_1_259' title='bbox 1092 2140 1331 2215; x_wconf 73' lang='lat' dir='ltr'><strong>quaest.</strong></span> <span class='ocrx_word' id='word_1_260' title='bbox 1370 2129 1474 2194; x_wconf 89' lang='lat'><strong>12.</strong></span> <span class='ocrx_word' id='word_1_261' title='bbox 1520 2129 1695 2195; x_wconf 79' lang='lat' dir='ltr'><strong>artic.</strong></span> <span class='ocrx_word' id='word_1_262' title='bbox 1742 2129 1806 2194; x_wconf 87' lang='lat'><strong>4.</strong></span> <span class='ocrx_word' id='word_1_263' title='bbox 1863 2140 2009 2195; x_wconf 78' lang='lat' dir='ltr'><strong>tom.</strong></span> <span class='ocrx_word' id='word_1_264' title='bbox 2039 2128 2097 2194; x_wconf 92' lang='lat'><strong>1.</strong></span> <span class='ocrx_word' id='word_1_265' title='bbox 2129 2129 2296 2214; x_wconf 75' lang='lat' dir='ltr'><strong>disp.</strong></span> <span class='ocrx_word' id='word_1_266' title='bbox 2321 2129 2427 2195; x_wconf 86' lang='lat'><strong>42.</strong></span> <span class='ocrx_word' id='word_1_267' title='bbox 2451 2139 2589 2194; x_wconf 77' lang='lat' dir='ltr'><strong>sect.</strong></span> <span class='ocrx_word' id='word_1_268' title='bbox 2619 2128 2678 2193; x_wconf 93' lang='lat' dir='ltr'><strong>l.</strong></span> <span class='ocrx_word' id='word_1_269' title='bbox 2709 2126 2773 2193; x_wconf 73' lang='grc' dir='ltr'><strong>ἃ·</strong></span> <span class='ocrx_word' id='word_1_270' title='bbox 2794 2150 2911 2213; x_wconf 89' lang='lat' dir='ltr'><strong>pro</strong></span> <span class='ocrx_word' id='word_1_271' title='bbox 2933 2150 3002 2194; x_wconf 88' lang='lat' dir='ltr'><strong>se</strong></span> <span class='ocrx_word' id='word_1_272' title='bbox 3025 2128 3186 2193; x_wconf 88' lang='lat' dir='ltr'><strong>citat</strong></span> <span class='ocrx_word' id='word_1_273' title='bbox 3225 2128 3548 2207; x_wconf 70' lang='lat' dir='ltr'><strong>Uummm,</strong></span> 
     </span>
    </p>
   </div>
   <div class='ocr_carea' id='block_1_13' title="bbox 627 2214 3661 2303">
    <p class='ocr_par' dir='ltr' id='par_1_13' title="bbox 627 2214 3661 2303">
     <span class='ocr_line' id='line_1_22' title="bbox 627 2214 3661 2303; baseline 0.001 -22"><span class='ocrx_word' id='word_1_274' title='bbox 627 2214 972 2297; x_wconf 72' lang='lat' dir='ltr'><strong>Albertu‘m,</strong></span> <span class='ocrx_word' id='word_1_275' title='bbox 1029 2216 1467 2296; x_wconf 63' lang='lat' dir='ltr'><strong>Gathar-inum,</strong></span> <span class='ocrx_word' id='word_1_276' title='bbox 1524 2215 1916 2294; x_wconf 78' lang='lat' dir='ltr'><strong>Galatinum,</strong></span> <span class='ocrx_word' id='word_1_277' title='bbox 1969 2216 2327 2296; x_wconf 61' lang='lat' dir='ltr'><strong>Arbon-eam,</strong></span> <span class='ocrx_word' id='word_1_278' title='bbox 2391 2214 2778 2303; x_wconf 75' lang='lat' dir='ltr'><strong>Viyuerium,</strong></span> <span class='ocrx_word' id='word_1_279' title='bbox 2800 2217 2926 2283; x_wconf 80' lang='lat' dir='ltr'><strong>lac.</strong></span> <span class='ocrx_word' id='word_1_280' title='bbox 2952 2217 3030 2283; x_wconf 84' lang='lat' dir='ltr'><strong>de</strong></span> <span class='ocrx_word' id='word_1_281' title='bbox 3067 2214 3370 2298; x_wconf 77' lang='lat' dir='ltr'><strong>Valentia,</strong></span> <span class='ocrx_word' id='word_1_282' title='bbox 3395 2214 3550 2284; x_wconf 73' lang='lat' dir='ltr'><strong>Nae·</strong></span> <span class='ocrx_word' id='word_1_283' title='bbox 3659 2294 3661 2299; x_wconf 88' lang='lat'><strong>.</strong></span> 
     </span>
    </p>
   </div>
   <div class='ocr_carea' id='block_1_14' title="bbox 628 2304 3560 2661">
    <p class='ocr_par' dir='ltr' id='par_1_14' title="bbox 628 2304 3560 2661">
     <span class='ocr_line' id='line_1_23' title="bbox 630 2304 3556 2395; baseline 0.001 -26"><span class='ocrx_word' id='word_1_284' title='bbox 630 2304 896 2384; x_wconf 73' lang='lat' dir='ltr'><strong>lantum,</strong></span> <span class='ocrx_word' id='word_1_285' title='bbox 945 2305 1337 2373; x_wconf 79' lang='lat' dir='ltr'><strong>Melchiorem</strong></span> <span class='ocrx_word' id='word_1_286' title='bbox 1380 2306 1697 2373; x_wconf 80' lang='lat' dir='ltr'><strong>Flavium.</strong></span> <span class='ocrx_word' id='word_1_287' title='bbox 1742 2304 1991 2372; x_wconf 89' lang='lat' dir='ltr'><strong>Ibidem</strong></span> <span class='ocrx_word' id='word_1_288' title='bbox 2013 2309 2228 2371; x_wconf 85' lang='lat' dir='ltr'><strong>tamen</strong></span> <span class='ocrx_word' id='word_1_289' title='bbox 2253 2326 2403 2392; x_wconf 88' lang='lat' dir='ltr'><strong>pag.</strong></span> <span class='ocrx_word' id='word_1_290' title='bbox 2429 2306 2579 2371; x_wconf 82' lang='lat'><strong>656.</strong></span> <span class='ocrx_word' id='word_1_291' title='bbox 2611 2305 2703 2372; x_wconf 90' lang='lat' dir='ltr'><strong>sic</strong></span> <span class='ocrx_word' id='word_1_292' title='bbox 2725 2305 3042 2391; x_wconf 88' lang='lat' dir='ltr'><strong>loquitur:</strong></span> <span class='ocrx_word' id='word_1_293' title='bbox 3076 2306 3156 2372; x_wconf 70' lang='lat' dir='ltr'><strong>Ei</strong></span> <span class='ocrx_word' id='word_1_294' title='bbox 3185 2324 3556 2395; x_wconf 75' lang='lat' dir='ltr'><strong>quanquam</strong></span> 
     </span>
     <span class='ocr_line' id='line_1_24' title="bbox 631 2393 3560 2483; baseline 0 -23"><span class='ocrx_word' id='word_1_295' title='bbox 631 2394 730 2478; x_wconf 79' lang='lat' dir='ltr'><strong>(ut</strong></span> <span class='ocrx_word' id='word_1_296' title='bbox 770 2412 992 2462; x_wconf 79' lang='lat' dir='ltr'><strong>verum</strong></span> <span class='ocrx_word' id='word_1_297' title='bbox 1036 2396 1265 2481; x_wconf 77' lang='lat' dir='ltr'><strong>fatear)</strong></span> <span class='ocrx_word' id='word_1_298' title='bbox 1318 2416 1518 2483; x_wconf 78' lang='lat' dir='ltr'><strong>neque</strong></span> <span class='ocrx_word' id='word_1_299' title='bbox 1552 2416 1631 2464; x_wconf 78' lang='lat' dir='ltr'><strong>ex</strong></span> <span class='ocrx_word' id='word_1_300' title='bbox 1679 2394 2027 2482; x_wconf 72' lang='lat' dir='ltr'><strong>Seripenris</strong></span> <span class='ocrx_word' id='word_1_301' title='bbox 2063 2396 2281 2477; x_wconf 67' lang='lat' dir='ltr'><strong>saci-is,</strong></span> <span class='ocrx_word' id='word_1_302' title='bbox 2303 2416 2504 2483; x_wconf 83' lang='lat' dir='ltr'><strong>neque</strong></span> <span class='ocrx_word' id='word_1_303' title='bbox 2523 2416 2600 2462; x_wconf 72' lang='lat' dir='ltr'><strong>ea·</strong></span> <span class='ocrx_word' id='word_1_304' title='bbox 2619 2395 2853 2461; x_wconf 76' lang='lat' dir='ltr'><strong>sanctis</strong></span> <span class='ocrx_word' id='word_1_305' title='bbox 2879 2393 3176 2462; x_wconf 73' lang='lat' dir='ltr'><strong>Patribus</strong></span> <span class='ocrx_word' id='word_1_306' title='bbox 3191 2396 3394 2480; x_wconf 72' lang='lat' dir='ltr'><strong>possit</strong></span> <span class='ocrx_word' id='word_1_307' title='bbox 3415 2394 3560 2462; x_wconf 76' lang='lat' dir='ltr'><strong>haee</strong></span> 
     </span>
     <span class='ocr_line' id='line_1_25' title="bbox 628 2483 3556 2572; baseline 0.001 -25"><span class='ocrx_word' id='word_1_308' title='bbox 628 2483 929 2550; x_wconf 75' lang='lat' dir='ltr'><strong>sententia</strong></span> <span class='ocrx_word' id='word_1_309' title='bbox 948 2483 1273 2572; x_wconf 74' lang='lat' dir='ltr'><strong>efficaciter</strong></span> <span class='ocrx_word' id='word_1_310' title='bbox 1300 2484 1601 2566; x_wconf 76' lang='lat' dir='ltr'><strong>convinci,</strong></span> <span class='ocrx_word' id='word_1_311' title='bbox 1622 2496 1890 2570; x_wconf 75' lang='lat' dir='ltr'><strong>possunt</strong></span> <span class='ocrx_word' id='word_1_312' title='bbox 1921 2495 2130 2551; x_wconf 78' lang='lat' dir='ltr'><strong>tamen</strong></span> <span class='ocrx_word' id='word_1_313' title='bbox 2149 2505 2228 2551; x_wconf 74' lang='lat' dir='ltr'><strong>ex</strong></span> <span class='ocrx_word' id='word_1_314' title='bbox 2253 2485 2382 2551; x_wconf 76' lang='lat' dir='ltr'><strong>illis</strong></span> <span class='ocrx_word' id='word_1_315' title='bbox 2403 2485 2639 2551; x_wconf 78' lang='lat' dir='ltr'><strong>adduci</strong></span> <span class='ocrx_word' id='word_1_316' title='bbox 2658 2504 2793 2550; x_wconf 89' lang='lat' dir='ltr'><strong>non</strong></span> <span class='ocrx_word' id='word_1_317' title='bbox 2820 2485 3304 2551; x_wconf 77' lang='lat' dir='ltr'><strong>contemnendae</strong></span> <span class='ocrx_word' id='word_1_318' title='bbox 3327 2485 3556 2570; x_wconf 77' lang='lat' dir='ltr'><strong>wnjeo-</strong></span> 
     </span>
     <span class='ocr_line' id='line_1_26' title="bbox 632 2571 3554 2661; baseline 0.001 -25"><span class='ocrx_word' id='word_1_319' title='bbox 632 2580 829 2653; x_wconf 78' lang='lat' dir='ltr'><strong>turae,</strong></span> <span class='ocrx_word' id='word_1_320' title='bbox 854 2593 1012 2660; x_wconf 80' lang='lat' dir='ltr'><strong>quae</strong></span> <span class='ocrx_word' id='word_1_321' title='bbox 1032 2575 1398 2660; x_wconf 74' lang='lat' dir='ltr'><strong>conjunctae</strong></span> <span class='ocrx_word' id='word_1_322' title='bbox 1418 2594 1563 2641; x_wconf 84' lang='lat' dir='ltr'><strong>cum</strong></span> <span class='ocrx_word' id='word_1_323' title='bbox 1590 2574 1694 2654; x_wconf 70' lang='lat' dir='ltr'><strong>iis,</strong></span> <span class='ocrx_word' id='word_1_324' title='bbox 1720 2594 1882 2661; x_wconf 80' lang='lat' dir='ltr'><strong>quae</strong></span> <span class='ocrx_word' id='word_1_325' title='bbox 1901 2574 1979 2640; x_wconf 84' lang='lat' dir='ltr'><strong>de</strong></span> <span class='ocrx_word' id='word_1_326' title='bbox 2004 2572 2236 2642; x_wconf 62' lang='lat' dir='ltr'><strong>christi</strong></span> <span class='ocrx_word' id='word_1_327' title='bbox 2253 2573 2818 2660; x_wconf 76' lang='lat' dir='ltr'><strong>praedestinatione</strong></span> <span class='ocrx_word' id='word_1_328' title='bbox 2837 2573 2912 2639; x_wconf 89' lang='lat' dir='ltr'><strong>in</strong></span> <span class='ocrx_word' id='word_1_329' title='bbox 2933 2573 3374 2660; x_wconf 73' lang='lat' dir='ltr'><strong>superioribus</strong></span> <span class='ocrx_word' id='word_1_330' title='bbox 3394 2571 3554 2640; x_wconf 72' lang='lat' dir='ltr'><strong>dicta</strong></span> 
     </span>
    </p>
   </div>
   <div class='ocr_carea' id='block_1_15' title="bbox 628 2661 3661 2750">
    <p class='ocr_par' dir='ltr' id='par_1_15' title="bbox 628 2661 3661 2750">
     <span class='ocr_line' id='line_1_27' title="bbox 628 2661 3661 2750; baseline 0.001 -25"><span class='ocrx_word' id='word_1_331' title='bbox 628 2671 797 2737; x_wconf 77' lang='lat' dir='ltr'><strong>sunt,</strong></span> <span class='ocrx_word' id='word_1_332' title='bbox 826 2682 967 2728; x_wconf 84' lang='lat' dir='ltr'><strong>eam</strong></span> <span class='ocrx_word' id='word_1_333' title='bbox 986 2663 1166 2730; x_wconf 79' lang='lat' dir='ltr'><strong>valde</strong></span> <span class='ocrx_word' id='word_1_334' title='bbox 1185 2662 1567 2750; x_wconf 80' lang='lat' dir='ltr'><strong>probabilem</strong></span> <span class='ocrx_word' id='word_1_335' title='bbox 1591 2663 1946 2729; x_wconf 69' lang='lat' dir='ltr'><strong>ostendunt.</strong></span> <span class='ocrx_word' id='word_1_336' title='bbox 1977 2661 2372 2729; x_wconf 75' lang='lat' dir='ltr'><strong>Stramineas</strong></span> <span class='ocrx_word' id='word_1_337' title='bbox 2394 2661 2802 2748; x_wconf 85' lang='lat' dir='ltr'><strong>probationes</strong></span> <span class='ocrx_word' id='word_1_338' title='bbox 2825 2661 3041 2728; x_wconf 82' lang='lat' dir='ltr'><strong>videat</strong></span> <span class='ocrx_word' id='word_1_339' title='bbox 3068 2662 3182 2743; x_wconf 90' lang='lat' dir='ltr'><strong>ibi,</strong></span> <span class='ocrx_word' id='word_1_340' title='bbox 3223 2663 3332 2728; x_wconf 90' lang='lat' dir='ltr'><strong>cui</strong></span> <span class='ocrx_word' id='word_1_341' title='bbox 3353 2664 3552 2742; x_wconf 77' lang='lat' dir='ltr'><strong>vacat,</strong></span> <span class='ocrx_word' id='word_1_342' title='bbox 3659 2679 3661 2684; x_wconf 90' lang='grc'><strong><em>·</em></strong></span> 
     </span>
    </p>
   </div>
   <div class='ocr_carea' id='block_1_16' title="bbox 630 2749 3554 3104">
    <p class='ocr_par' dir='ltr' id='par_1_16' title="bbox 630 2749 3554 3104">
     <span class='ocr_line' id='line_1_28' title="bbox 638 2749 3549 2855; baseline 0 -42"><span class='ocrx_word' id='word_1_343' title='bbox 638 2752 752 2814; x_wconf 88' lang='lat' dir='ltr'><strong>aut</strong></span> <span class='ocrx_word' id='word_1_344' title='bbox 799 2749 1119 2834; x_wconf 81' lang='lat' dir='ltr'><strong>epitomen</strong></span> <span class='ocrx_word' id='word_1_345' title='bbox 1166 2774 1389 2818; x_wconf 89' lang='lat' dir='ltr'><strong>earum</strong></span> <span class='ocrx_word' id='word_1_346' title='bbox 1404 2841 1418 2855; x_wconf 48' lang='lat'><strong>·</strong></span> <span class='ocrx_word' id='word_1_347' title='bbox 1436 2751 1607 2837; x_wconf 89' lang='lat' dir='ltr'><strong>apud</strong></span> <span class='ocrx_word' id='word_1_348' title='bbox 1646 2754 1974 2819; x_wconf 81' lang='lat' dir='ltr'><strong>Becanum</strong></span> <span class='ocrx_word' id='word_1_349' title='bbox 1993 2763 2163 2854; x_wconf 73' lang='lat' dir='ltr'><strong>pari.</strong></span> <span class='ocrx_word' id='word_1_350' title='bbox 2200 2752 2258 2816; x_wconf 93' lang='lat' dir='ltr'><strong>l.</strong></span> <span class='ocrx_word' id='word_1_351' title='bbox 2285 2751 2568 2837; x_wconf 73' lang='lat' dir='ltr'><strong>Theoloq.</strong></span> <span class='ocrx_word' id='word_1_352' title='bbox 2593 2751 2894 2854; x_wconf 57' lang='lat' dir='ltr'><strong>Scholaee.</strong></span> <span class='ocrx_word' id='word_1_353' title='bbox 2942 2761 3089 2818; x_wconf 74' lang='lat' dir='ltr'><strong>toni.</strong></span> <span class='ocrx_word' id='word_1_354' title='bbox 3119 2752 3181 2816; x_wconf 91' lang='lat'><strong>1.</strong></span> <span class='ocrx_word' id='word_1_355' title='bbox 3208 2761 3392 2819; x_wconf 76' lang='lat' dir='ltr'><strong>tract.</strong></span> <span class='ocrx_word' id='word_1_356' title='bbox 3415 2753 3477 2816; x_wconf 90' lang='lat'><strong>3.</strong></span> <span class='ocrx_word' id='word_1_357' title='bbox 3503 2771 3549 2815; x_wconf 90' lang='lat' dir='ltr'><strong>c.</strong></span> 
     </span>
     <span class='ocr_line' id='line_1_29' title="bbox 630 2839 3552 3016; baseline 0.001 -26"><span class='ocrx_word' id='word_1_358' title='bbox 630 2857 797 2991; x_wconf 53' lang='lat' dir='ltr'><strong>iffi</strong></span> <span class='ocrx_word' id='word_1_359' title='bbox 810 2839 2174 3015; x_wconf 47' lang='lat' dir='ltr'><strong>{sffl‘xffsttssffigussffmdtssfflgssssffss</strong></span> <span class='ocrx_word' id='word_1_360' title='bbox 2192 2839 2790 2996; x_wconf 48' lang='lat' dir='ltr'><strong>affimat&amp;</strong></span> <span class='ocrx_word' id='word_1_361' title='bbox 2810 2840 3240 2994; x_wconf 45' lang='lat' dir='ltr'><strong>§.dmi</strong></span> <span class='ocrx_word' id='word_1_362' title='bbox 3255 2839 3552 3016; x_wconf 52' lang='lat' dir='ltr'><strong>mii:</strong></span> 
     </span>
     <span class='ocr_line' id='line_1_30' title="bbox 630 2980 3554 3104; baseline 0.002 -25"><span class='ocrx_word' id='word_1_363' title='bbox 630 3035 797 3081; x_wconf 91' lang='lat' dir='ltr'><strong>rum.</strong></span> <span class='ocrx_word' id='word_1_364' title='bbox 841 3014 969 3082; x_wconf 87' lang='lat' dir='ltr'><strong>Sed</strong></span> <span class='ocrx_word' id='word_1_365' title='bbox 991 3017 1068 3083; x_wconf 90' lang='lat' dir='ltr'><strong>de</strong></span> <span class='ocrx_word' id='word_1_366' title='bbox 1090 3017 1213 3084; x_wconf 89' lang='lat' dir='ltr'><strong>hac</strong></span> <span class='ocrx_word' id='word_1_367' title='bbox 1242 2980 1541 3102; x_wconf 78' lang='lat' dir='ltr'><strong>opinione</strong></span> <span class='ocrx_word' id='word_1_368' title='bbox 1564 3018 1964 3085; x_wconf 83' lang='lat' dir='ltr'><strong>conclusione</strong></span> <span class='ocrx_word' id='word_1_369' title='bbox 1987 3017 2301 3104; x_wconf 90' lang='lat' dir='ltr'><strong>sequenti.</strong></span> <span class='ocrx_word' id='word_1_370' title='bbox 2345 3015 2526 3083; x_wconf 90' lang='lat' dir='ltr'><strong>Inter</strong></span> <span class='ocrx_word' id='word_1_371' title='bbox 2545 3038 2742 3083; x_wconf 81' lang='lat' dir='ltr'><strong>novos</strong></span> <span class='ocrx_word' id='word_1_372' title='bbox 2780 3016 3204 3083; x_wconf 89' lang='lat' dir='ltr'><strong>Photiniauos</strong></span> <span class='ocrx_word' id='word_1_373' title='bbox 3259 3017 3554 3085; x_wconf 69' lang='lat' dir='ltr'><strong>vastelius</strong></span> 
     </span>
    </p>
   </div>
   <div class='ocr_carea' id='block_1_17' title="bbox 630 3103 3661 3369">
    <p class='ocr_par' dir='ltr' id='par_1_17' title="bbox 630 3103 3661 3369">
     <span class='ocr_line' id='line_1_31' title="bbox 632 3103 3661 3194; baseline 0.001 -26"><span class='ocrx_word' id='word_1_374' title='bbox 632 3103 837 3169; x_wconf 72' lang='lat' dir='ltr'><strong>Instit.</strong></span> <span class='ocrx_word' id='word_1_375' title='bbox 884 3103 988 3173; x_wconf 84' lang='lat' dir='ltr'><strong>lib.</strong></span> <span class='ocrx_word' id='word_1_376' title='bbox 1030 3105 1093 3172; x_wconf 83' lang='lat'><strong>5.</strong></span> <span class='ocrx_word' id='word_1_377' title='bbox 1132 3127 1268 3194; x_wconf 80' lang='lat' dir='ltr'><strong>cap.</strong></span> <span class='ocrx_word' id='word_1_378' title='bbox 1300 3107 1404 3173; x_wconf 88' lang='grc'><strong>10.</strong></span> <span class='ocrx_word' id='word_1_379' title='bbox 1423 3127 1489 3194; x_wconf 80' lang='lat' dir='ltr'><strong>p.</strong></span> <span class='ocrx_word' id='word_1_380' title='bbox 1515 3107 1667 3173; x_wconf 87' lang='lat'><strong>448.</strong></span> <span class='ocrx_word' id='word_1_381' title='bbox 1698 3106 1850 3172; x_wconf 86' lang='lat'><strong>449.</strong></span> <span class='ocrx_word' id='word_1_382' title='bbox 1899 3105 2184 3192; x_wconf 82' lang='lat' dir='ltr'><strong>Angelos</strong></span> <span class='ocrx_word' id='word_1_383' title='bbox 2205 3105 2574 3172; x_wconf 89' lang='lat' dir='ltr'><strong>hominibus</strong></span> <span class='ocrx_word' id='word_1_384' title='bbox 2598 3104 2892 3171; x_wconf 88' lang='lat' dir='ltr'><strong>fidelibus</strong></span> <span class='ocrx_word' id='word_1_385' title='bbox 2916 3126 3031 3190; x_wconf 89' lang='lat' dir='ltr'><strong>per</strong></span> <span class='ocrx_word' id='word_1_386' title='bbox 3051 3103 3390 3172; x_wconf 81' lang='lat' dir='ltr'><strong>Christum</strong></span> <span class='ocrx_word' id='word_1_387' title='bbox 3431 3103 3554 3170; x_wconf 89' lang='lat' dir='ltr'><strong>Do-</strong></span> <span class='ocrx_word' id='word_1_388' title='bbox 3658 3165 3661 3184; x_wconf 25' lang='grc' dir='ltr'>ὲ</span> 
     </span>
     <span class='ocr_line' id='line_1_32' title="bbox 630 3191 3661 3281; baseline 0.001 -24"><span class='ocrx_word' id='word_1_389' title='bbox 630 3191 875 3258; x_wconf 85' lang='lat' dir='ltr'><strong>minum</strong></span> <span class='ocrx_word' id='word_1_390' title='bbox 924 3195 972 3260; x_wconf 72' lang='grc' dir='ltr'><strong>δι</strong></span> <span class='ocrx_word' id='word_1_391' title='bbox 994 3199 1187 3279; x_wconf 89' lang='lat' dir='ltr'><strong>caput</strong></span> <span class='ocrx_word' id='word_1_392' title='bbox 1212 3199 1251 3261; x_wconf 74' lang='lat' dir='ltr'><strong>a</strong></span> <span class='ocrx_word' id='word_1_393' title='bbox 1273 3195 1553 3261; x_wconf 89' lang='lat' dir='ltr'><strong>dominio</strong></span> <span class='ocrx_word' id='word_1_394' title='bbox 1576 3195 1821 3281; x_wconf 89' lang='lat' dir='ltr'><strong>peccati</strong></span> <span class='ocrx_word' id='word_1_395' title='bbox 1843 3195 2157 3276; x_wconf 89' lang='lat' dir='ltr'><strong>liberatis,</strong></span> <span class='ocrx_word' id='word_1_396' title='bbox 2181 3195 2318 3260; x_wconf 90' lang='lat' dir='ltr'><strong>sine</strong></span> <span class='ocrx_word' id='word_1_397' title='bbox 2342 3194 2479 3260; x_wconf 89' lang='lat' dir='ltr'><strong>ulla</strong></span> <span class='ocrx_word' id='word_1_398' title='bbox 2501 3193 2907 3260; x_wconf 88' lang='lat' dir='ltr'><strong>distinctione</strong></span> <span class='ocrx_word' id='word_1_399' title='bbox 2923 3197 3234 3260; x_wconf 84' lang='lat' dir='ltr'><strong>accenset.</strong></span> <span class='ocrx_word' id='word_1_400' title='bbox 3261 3191 3394 3261; x_wconf 88' lang='lat' dir='ltr'><strong>Sed</strong></span> <span class='ocrx_word' id='word_1_401' title='bbox 3413 3193 3560 3260; x_wconf 80' lang='lat' dir='ltr'><strong>haec</strong></span> <span class='ocrx_word' id='word_1_402' title='bbox 3659 3193 3661 3240; x_wconf 84' lang='grc' dir='ltr'>ἶ</span> 
     </span>
     <span class='ocr_line' id='line_1_33' title="bbox 630 3280 3661 3369; baseline 0.001 -23"><span class='ocrx_word' id='word_1_403' title='bbox 630 3280 849 3365; x_wconf 85' lang='lat' dir='ltr'><strong>opinio</strong></span> <span class='ocrx_word' id='word_1_404' title='bbox 895 3281 1073 3348; x_wconf 89' lang='lat' dir='ltr'><strong>nullo</strong></span> <span class='ocrx_word' id='word_1_405' title='bbox 1104 3281 1473 3368; x_wconf 86' lang='lat' dir='ltr'><strong>Scripturae</strong></span> <span class='ocrx_word' id='word_1_406' title='bbox 1517 3283 1889 3350; x_wconf 88' lang='lat' dir='ltr'><strong>testimonio</strong></span> <span class='ocrx_word' id='word_1_407' title='bbox 1933 3282 2194 3369; x_wconf 88' lang='lat' dir='ltr'><strong>probari</strong></span> <span class='ocrx_word' id='word_1_408' title='bbox 2237 3287 2471 3367; x_wconf 86' lang='lat' dir='ltr'><strong>potest.</strong></span> <span class='ocrx_word' id='word_1_409' title='bbox 2518 3283 2580 3348; x_wconf 87' lang='grc'><strong>3.</strong></span> <span class='ocrx_word' id='word_1_410' title='bbox 2633 3284 2837 3350; x_wconf 81' lang='lat' dir='ltr'><strong>Conci.</strong></span> <span class='ocrx_word' id='word_1_411' title='bbox 2869 3281 3054 3360; x_wconf 81' lang='lat' dir='ltr'><strong>Quod</strong></span> <span class='ocrx_word' id='word_1_412' title='bbox 3099 3283 3182 3349; x_wconf 87' lang='lat' dir='ltr'><strong>ad</strong></span> <span class='ocrx_word' id='word_1_413' title='bbox 3219 3281 3558 3368; x_wconf 82' lang='lat' dir='ltr'><strong>specialem</strong></span> <span class='ocrx_word' id='word_1_414' title='bbox 3659 3315 3661 3318; x_wconf 44' lang='lat'><em>⁴</em></span> 
     </span>
    </p>
   </div>
   <div class='ocr_carea' id='block_1_18' title="bbox 631 3369 3556 3460">
    <p class='ocr_par' dir='ltr' id='par_1_18' title="bbox 631 3369 3556 3460">
     <span class='ocr_line' id='line_1_34' title="bbox 631 3369 3556 3460; baseline 0.002 -27"><span class='ocrx_word' id='word_1_415' title='bbox 631 3369 913 3455; x_wconf 87' lang='lat' dir='ltr'><strong>gratiam</strong></span> <span class='ocrx_word' id='word_1_416' title='bbox 956 3369 1473 3453; x_wconf 87' lang='lat' dir='ltr'><strong>confirmationis,</strong></span> <span class='ocrx_word' id='word_1_417' title='bbox 1518 3393 1636 3438; x_wconf 88' lang='lat' dir='ltr'><strong>nec</strong></span> <span class='ocrx_word' id='word_1_418' title='bbox 1664 3393 1790 3437; x_wconf 90' lang='lat' dir='ltr'><strong>non</strong></span> <span class='ocrx_word' id='word_1_419' title='bbox 1816 3373 2000 3460; x_wconf 90' lang='lat' dir='ltr'><strong>[pag.</strong></span> <span class='ocrx_word' id='word_1_420' title='bbox 2027 3371 2192 3459; x_wconf 87' lang='grc'><strong>264]</strong></span> <span class='ocrx_word' id='word_1_421' title='bbox 2215 3370 2496 3457; x_wconf 81' lang='lat' dir='ltr'><strong>gratiam</strong></span> <span class='ocrx_word' id='word_1_422' title='bbox 2519 3371 2985 3456; x_wconf 84' lang='lat' dir='ltr'><strong>applicationis,</strong></span> <span class='ocrx_word' id='word_1_423' title='bbox 3011 3373 3058 3438; x_wconf 74' lang='grc' dir='ltr'><strong>ἃ</strong></span> <span class='ocrx_word' id='word_1_424' title='bbox 3081 3371 3556 3457; x_wconf 82' lang='lat' dir='ltr'><strong>praemotiouis,</strong></span> 
     </span>
    </p>
   </div>
   <div class='ocr_carea' id='block_1_19' title="bbox 632 3457 3661 3634">
    <p class='ocr_par' dir='ltr' id='par_1_19' title="bbox 632 3457 3661 3634">
     <span class='ocr_line' id='line_1_35' title="bbox 632 3457 3661 3545; baseline 0.001 -23"><span class='ocrx_word' id='word_1_425' title='bbox 632 3477 777 3522; x_wconf 90' lang='lat' dir='ltr'><strong>eam</strong></span> <span class='ocrx_word' id='word_1_426' title='bbox 806 3479 886 3523; x_wconf 86' lang='lat' dir='ltr'><strong>ex</strong></span> <span class='ocrx_word' id='word_1_427' title='bbox 905 3458 1182 3542; x_wconf 87' lang='lat' dir='ltr'><strong>liberali,</strong></span> <span class='ocrx_word' id='word_1_428' title='bbox 1206 3461 1549 3540; x_wconf 90' lang='lat' dir='ltr'><strong>immerito,</strong></span> <span class='ocrx_word' id='word_1_429' title='bbox 1574 3465 1619 3524; x_wconf 73' lang='grc' dir='ltr'><strong>δι</strong></span> <span class='ocrx_word' id='word_1_430' title='bbox 1640 3460 1844 3526; x_wconf 85' lang='lat' dir='ltr'><strong>libero</strong></span> <span class='ocrx_word' id='word_1_431' title='bbox 1871 3459 1999 3526; x_wconf 91' lang='lat' dir='ltr'><strong>Dei</strong></span> <span class='ocrx_word' id='word_1_432' title='bbox 2019 3460 2419 3545; x_wconf 87' lang='lat' dir='ltr'><strong>beneplacito</strong></span> <span class='ocrx_word' id='word_1_433' title='bbox 2440 3459 2522 3526; x_wconf 91' lang='lat' dir='ltr'><strong>iis</strong></span> <span class='ocrx_word' id='word_1_434' title='bbox 2545 3459 2868 3541; x_wconf 88' lang='lat' dir='ltr'><strong>collatam,</strong></span> <span class='ocrx_word' id='word_1_435' title='bbox 2891 3459 3242 3526; x_wconf 88' lang='lat' dir='ltr'><strong>secundum</strong></span> <span class='ocrx_word' id='word_1_436' title='bbox 3277 3457 3558 3545; x_wconf 84' lang='lat' dir='ltr'><strong>Scriptu-</strong></span> <span class='ocrx_word' id='word_1_437' title='bbox 3659 3477 3661 3484; x_wconf 87' lang='lat'>·</span> 
     </span>
     <span class='ocr_line' id='line_1_36' title="bbox 633 3545 3661 3634; baseline 0.001 -25"><span class='ocrx_word' id='word_1_438' title='bbox 633 3567 737 3610; x_wconf 88' lang='lat' dir='ltr'><strong>ras</strong></span> <span class='ocrx_word' id='word_1_439' title='bbox 760 3545 1180 3615; x_wconf 85' lang='lat' dir='ltr'><strong>affirmamus.</strong></span> <span class='ocrx_word' id='word_1_440' title='bbox 1226 3547 1421 3614; x_wconf 86' lang='lat' dir='ltr'><strong>Ratio</strong></span> <span class='ocrx_word' id='word_1_441' title='bbox 1450 3552 1669 3616; x_wconf 76' lang='lat' dir='ltr'><strong>nostra</strong></span> <span class='ocrx_word' id='word_1_442' title='bbox 1698 3548 1858 3615; x_wconf 88' lang='lat' dir='ltr'><strong>haec</strong></span> <span class='ocrx_word' id='word_1_443' title='bbox 1879 3549 2070 3615; x_wconf 87' lang='lat' dir='ltr'><strong>unica</strong></span> <span class='ocrx_word' id='word_1_444' title='bbox 2093 3552 2193 3616; x_wconf 90' lang='lat' dir='ltr'><strong>est</strong></span> <span class='ocrx_word' id='word_1_445' title='bbox 2215 3548 2263 3614; x_wconf 71' lang='grc' dir='ltr'><strong>δι</strong></span> <span class='ocrx_word' id='word_1_446' title='bbox 2293 3547 2854 3628; x_wconf 88' lang='lat' dir='ltr'><strong>sufficientissima,</strong></span> <span class='ocrx_word' id='word_1_447' title='bbox 2903 3547 3070 3624; x_wconf 80' lang='lat' dir='ltr'><strong>Quia</strong></span> <span class='ocrx_word' id='word_1_448' title='bbox 3089 3545 3430 3634; x_wconf 84' lang='lat' dir='ltr'><strong>Scriptura</strong></span> <span class='ocrx_word' id='word_1_449' title='bbox 3449 3547 3560 3612; x_wconf 85' lang='lat' dir='ltr'><strong>hoc</strong></span> <span class='ocrx_word' id='word_1_450' title='bbox 3659 3579 3661 3584; x_wconf 93' lang='lat'>·</span> 
     </span>
    </p>
   </div>
   <div class='ocr_carea' id='block_1_20' title="bbox 633 3619 3661 3723">
    <p class='ocr_par' dir='ltr' id='par_1_20' title="bbox 633 3619 3661 3723">
     <span class='ocr_line' id='line_1_37' title="bbox 633 3619 3661 3723; baseline 0.002 -26"><span class='ocrx_word' id='word_1_451' title='bbox 633 3632 877 3701; x_wconf 88' lang='lat' dir='ltr'><strong>factum</strong></span> <span class='ocrx_word' id='word_1_452' title='bbox 906 3657 1046 3702; x_wconf 90' lang='lat' dir='ltr'><strong>esse</strong></span> <span class='ocrx_word' id='word_1_453' title='bbox 1074 3636 1310 3703; x_wconf 85' lang='lat' dir='ltr'><strong>nullibi</strong></span> <span class='ocrx_word' id='word_1_454' title='bbox 1340 3637 1550 3704; x_wconf 87' lang='lat' dir='ltr'><strong>docet:</strong></span> <span class='ocrx_word' id='word_1_455' title='bbox 1576 3638 1870 3723; x_wconf 85' lang='lat' dir='ltr'><strong>quamvis</strong></span> <span class='ocrx_word' id='word_1_456' title='bbox 1915 3637 2194 3703; x_wconf 88' lang='lat' dir='ltr'><strong>nolimus</strong></span> <span class='ocrx_word' id='word_1_457' title='bbox 2231 3637 2652 3704; x_wconf 88' lang='lat' dir='ltr'><strong>determinare</strong></span> <span class='ocrx_word' id='word_1_458' title='bbox 2691 3641 2912 3702; x_wconf 87' lang='lat' dir='ltr'><strong>contra</strong></span> <span class='ocrx_word' id='word_1_459' title='bbox 2933 3636 3030 3703; x_wconf 91' lang='lat' dir='ltr'><strong>rei</strong></span> <span class='ocrx_word' id='word_1_460' title='bbox 3051 3635 3558 3722; x_wconf 83' lang='lat' dir='ltr'><strong>possibilitatem.</strong></span> <span class='ocrx_word' id='word_1_461' title='bbox 3659 3619 3661 3694; x_wconf 77' lang='lat'><em>]</em></span> 
     </span>
    </p>
   </div>
   <div class='ocr_carea' id='block_1_21' title="bbox 634 3721 3661 3810">
    <p class='ocr_par' dir='ltr' id='par_1_21' title="bbox 634 3721 3661 3810">
     <span class='ocr_line' id='line_1_38' title="bbox 634 3721 3661 3810; baseline 0 -20"><span class='ocrx_word' id='word_1_462' title='bbox 634 3721 1133 3792; x_wconf 85' lang='lat' dir='ltr'><strong>Affirmantibus</strong></span> <span class='ocrx_word' id='word_1_463' title='bbox 1176 3727 1283 3793; x_wconf 87' lang='lat' dir='ltr'><strong>hic</strong></span> <span class='ocrx_word' id='word_1_464' title='bbox 1320 3725 1635 3793; x_wconf 88' lang='lat' dir='ltr'><strong>incumbit</strong></span> <span class='ocrx_word' id='word_1_465' title='bbox 1683 3726 2004 3810; x_wconf 88' lang='lat' dir='ltr'><strong>probatio.</strong></span> <span class='ocrx_word' id='word_1_466' title='bbox 2050 3724 2218 3792; x_wconf 86' lang='lat' dir='ltr'><strong>Sunt</strong></span> <span class='ocrx_word' id='word_1_467' title='bbox 2260 3748 2340 3792; x_wconf 84' lang='lat' dir='ltr'><strong>ex</strong></span> <span class='ocrx_word' id='word_1_468' title='bbox 2383 3725 2641 3807; x_wconf 88' lang='lat' dir='ltr'><strong>nostris,</strong></span> <span class='ocrx_word' id='word_1_469' title='bbox 2680 3725 2795 3810; x_wconf 91' lang='lat' dir='ltr'><strong>qui</strong></span> <span class='ocrx_word' id='word_1_470' title='bbox 2815 3724 3178 3802; x_wconf 78' lang='lat' dir='ltr'><strong>affirmaut3</strong></span> <span class='ocrx_word' id='word_1_471' title='bbox 3207 3725 3387 3791; x_wconf 86' lang='lat' dir='ltr'><strong>inter</strong></span> <span class='ocrx_word' id='word_1_472' title='bbox 3413 3745 3558 3808; x_wconf 84' lang='lat' dir='ltr'><strong>quos</strong></span> <span class='ocrx_word' id='word_1_473' title='bbox 3658 3741 3661 3780; x_wconf 47' lang='grc' dir='ltr'>ἒ</span> 
     </span>
    </p>
   </div>
   <div class='ocr_carea' id='block_1_22' title="bbox 638 3813 3661 4342">
    <p class='ocr_par' dir='ltr' id='par_1_22' title="bbox 638 3813 3661 4342">
     <span class='ocr_line' id='line_1_39' title="bbox 644 3813 3557 3902; baseline -0.001 -22"><span class='ocrx_word' id='word_1_474' title='bbox 644 3814 899 3880; x_wconf 55' lang='lat' dir='ltr'><strong>Tilenus</strong></span> <span class='ocrx_word' id='word_1_475' title='bbox 931 3835 1079 3900; x_wconf 73' lang='lat' dir='ltr'><strong>pay.</strong></span> <span class='ocrx_word' id='word_1_476' title='bbox 1135 3816 1196 3879; x_wconf 88' lang='lat'><strong>2.</strong></span> <span class='ocrx_word' id='word_1_477' title='bbox 1252 3815 1581 3902; x_wconf 75' lang='lat' dir='ltr'><strong>Symaqm.</strong></span> <span class='ocrx_word' id='word_1_478' title='bbox 1626 3835 1760 3900; x_wconf 73' lang='lat' dir='ltr'><strong>cap.</strong></span> <span class='ocrx_word' id='word_1_479' title='bbox 1800 3817 1905 3881; x_wconf 92' lang='grc'><strong>10.</strong></span> <span class='ocrx_word' id='word_1_480' title='bbox 1944 3817 2230 3882; x_wconf 72' lang='lat' dir='ltr'><strong>Polanns</strong></span> <span class='ocrx_word' id='word_1_481' title='bbox 2269 3815 2374 3882; x_wconf 84' lang='lat' dir='ltr'><strong>lib.</strong></span> <span class='ocrx_word' id='word_1_482' title='bbox 2399 3815 2463 3880; x_wconf 83' lang='lat'><strong>6.</strong></span> <span class='ocrx_word' id='word_1_483' title='bbox 2485 3835 2623 3900; x_wconf 84' lang='lat' dir='ltr'><strong>cap.</strong></span> <span class='ocrx_word' id='word_1_484' title='bbox 2648 3815 2754 3880; x_wconf 89' lang='grc'><strong>27.</strong></span> <span class='ocrx_word' id='word_1_485' title='bbox 2778 3813 3220 3880; x_wconf 73' lang='grc' dir='ltr'><strong>Βαυοπαηιίιιε</strong></span> <span class='ocrx_word' id='word_1_486' title='bbox 3239 3813 3319 3879; x_wconf 85' lang='lat' dir='ltr'><strong>in</strong></span> <span class='ocrx_word' id='word_1_487' title='bbox 3345 3816 3557 3881; x_wconf 64' lang='lat' dir='ltr'><strong>Goion.</strong></span> 
     </span>
     <span class='ocr_line' id='line_1_40' title="bbox 640 3901 3554 3992; baseline 0 -28"><span class='ocrx_word' id='word_1_488' title='bbox 640 3901 701 3968; x_wconf 90' lang='lat'><strong>1.</strong></span> <span class='ocrx_word' id='word_1_489' title='bbox 756 3903 863 3967; x_wconf 88' lang='grc'><strong>20.</strong></span> <span class='ocrx_word' id='word_1_490' title='bbox 918 3905 965 3970; x_wconf 63' lang='grc' dir='ltr'><strong>ἃ</strong></span> <span class='ocrx_word' id='word_1_491' title='bbox 1029 3905 1284 3972; x_wconf 78' lang='lat' dir='ltr'><strong>Waleus</strong></span> <span class='ocrx_word' id='word_1_492' title='bbox 1314 3905 1385 3969; x_wconf 87' lang='lat' dir='ltr'><strong>in</strong></span> <span class='ocrx_word' id='word_1_493' title='bbox 1427 3903 1703 3992; x_wconf 72' lang='lat' dir='ltr'><strong>Synopei</strong></span> <span class='ocrx_word' id='word_1_494' title='bbox 1746 3905 2034 3971; x_wconf 72' lang='lat' dir='ltr'><strong>Leidensi</strong></span> <span class='ocrx_word' id='word_1_495' title='bbox 2054 3905 2218 3990; x_wconf 72' lang='lat' dir='ltr'><strong>disp.</strong></span> <span class='ocrx_word' id='word_1_496' title='bbox 2249 3904 2350 3970; x_wconf 90' lang='lat'><strong>12.</strong></span> <span class='ocrx_word' id='word_1_497' title='bbox 2376 3905 2637 3972; x_wconf 71' lang='lat' dir='ltr'><strong>Damus</strong></span> <span class='ocrx_word' id='word_1_498' title='bbox 2658 3903 2732 3968; x_wconf 90' lang='lat' dir='ltr'><strong>in</strong></span> <span class='ocrx_word' id='word_1_499' title='bbox 2759 3903 2820 3968; x_wconf 88' lang='lat'><strong>1.</strong></span> <span class='ocrx_word' id='word_1_500' title='bbox 2853 3902 3160 3969; x_wconf 75' lang='grc' dir='ltr'><strong>ΊῚιίπιοιΙι.</strong></span> <span class='ocrx_word' id='word_1_501' title='bbox 3197 3902 3260 3967; x_wconf 86' lang='grc'><strong>5.</strong></span> <span class='ocrx_word' id='word_1_502' title='bbox 3284 3903 3554 3970; x_wconf 56' lang='lat' dir='ltr'><strong>ver-⁸21.</strong></span> 
     </span>
     <span class='ocr_line' id='line_1_41' title="bbox 638 3990 3556 4079; baseline 0 -24"><span class='ocrx_word' id='word_1_503' title='bbox 638 3992 749 4056; x_wconf 90' lang='lat' dir='ltr'><strong>ubi</strong></span> <span class='ocrx_word' id='word_1_504' title='bbox 796 3991 991 4057; x_wconf 85' lang='lat' dir='ltr'><strong>etiam</strong></span> <span class='ocrx_word' id='word_1_505' title='bbox 1043 4013 1159 4076; x_wconf 89' lang='lat' dir='ltr'><strong>pro</strong></span> <span class='ocrx_word' id='word_1_506' title='bbox 1213 4014 1283 4056; x_wconf 90' lang='lat' dir='ltr'><strong>se</strong></span> <span class='ocrx_word' id='word_1_507' title='bbox 1330 3992 1488 4058; x_wconf 87' lang='lat' dir='ltr'><strong>citat</strong></span> <span class='ocrx_word' id='word_1_508' title='bbox 1536 3993 1967 4079; x_wconf 72' lang='lat' dir='ltr'><strong>Auqustinum</strong></span> <span class='ocrx_word' id='word_1_509' title='bbox 2009 3993 2083 4059; x_wconf 89' lang='lat' dir='ltr'><strong>in</strong></span> <span class='ocrx_word' id='word_1_510' title='bbox 2119 3992 2443 4060; x_wconf 80' lang='lat' dir='ltr'><strong>Enchirid.</strong></span> <span class='ocrx_word' id='word_1_511' title='bbox 2495 4012 2630 4077; x_wconf 82' lang='lat' dir='ltr'><strong>cap.</strong></span> <span class='ocrx_word' id='word_1_512' title='bbox 2665 3991 2772 4057; x_wconf 88' lang='grc'><strong>28.</strong></span> <span class='ocrx_word' id='word_1_513' title='bbox 2797 3991 3216 4058; x_wconf 79' lang='lat' dir='ltr'><strong>Bernardum</strong></span> <span class='ocrx_word' id='word_1_514' title='bbox 3235 3990 3314 4056; x_wconf 87' lang='lat' dir='ltr'><strong>in</strong></span> <span class='ocrx_word' id='word_1_515' title='bbox 3343 3991 3556 4059; x_wconf 72' lang='lat' dir='ltr'><strong>Cantic-</strong></span> 
     </span>
     <span class='ocr_line' id='line_1_42' title="bbox 638 4079 3557 4169; baseline -0.001 -24"><span class='ocrx_word' id='word_1_516' title='bbox 638 4101 824 4146; x_wconf 77' lang='lat' dir='ltr'><strong>serm.</strong></span> <span class='ocrx_word' id='word_1_517' title='bbox 872 4081 979 4145; x_wconf 84' lang='lat'><strong>22.</strong></span> <span class='ocrx_word' id='word_1_518' title='bbox 1007 4080 1109 4148; x_wconf 69' lang='lat' dir='ltr'><strong>Sic.</strong></span> <span class='ocrx_word' id='word_1_519' title='bbox 1142 4079 1451 4147; x_wconf 69' lang='lat' dir='ltr'><strong>Thommn</strong></span> <span class='ocrx_word' id='word_1_520' title='bbox 1484 4082 1543 4146; x_wconf 92' lang='lat'><strong>1.</strong></span> <span class='ocrx_word' id='word_1_521' title='bbox 1567 4093 1800 4169; x_wconf 74' lang='lat' dir='ltr'><strong>quaest.</strong></span> <span class='ocrx_word' id='word_1_522' title='bbox 1838 4083 1945 4146; x_wconf 91' lang='grc'><strong>23.</strong></span> <span class='ocrx_word' id='word_1_523' title='bbox 1970 4082 2148 4148; x_wconf 78' lang='lat' dir='ltr'><strong>artic.</strong></span> <span class='ocrx_word' id='word_1_524' title='bbox 2178 4082 2236 4147; x_wconf 94' lang='lat' dir='ltr'><strong>l.</strong></span> <span class='ocrx_word' id='word_1_525' title='bbox 2262 4079 2389 4148; x_wconf 87' lang='lat' dir='ltr'><strong>Sed</strong></span> <span class='ocrx_word' id='word_1_526' title='bbox 2407 4102 2524 4146; x_wconf 88' lang='lat' dir='ltr'><strong>nos</strong></span> <span class='ocrx_word' id='word_1_527' title='bbox 2547 4101 2693 4146; x_wconf 89' lang='lat' dir='ltr'><strong>cum</strong></span> <span class='ocrx_word' id='word_1_528' title='bbox 2720 4081 2996 4148; x_wconf 76' lang='lat' dir='ltr'><strong>Gomara</strong></span> <span class='ocrx_word' id='word_1_529' title='bbox 3017 4080 3090 4145; x_wconf 89' lang='lat' dir='ltr'><strong>in</strong></span> <span class='ocrx_word' id='word_1_530' title='bbox 3117 4080 3354 4146; x_wconf 73' lang='lat' dir='ltr'><strong>Coloss.</strong></span> <span class='ocrx_word' id='word_1_531' title='bbox 3379 4083 3438 4146; x_wconf 89' lang='lat'><strong>1.</strong></span> <span class='ocrx_word' id='word_1_532' title='bbox 3461 4099 3557 4144; x_wconf 89' lang='lat' dir='ltr'><strong>ue·</strong></span> 
     </span>
     <span class='ocr_line' id='line_1_43' title="bbox 638 4167 3661 4255; baseline 0 -23"><span class='ocrx_word' id='word_1_533' title='bbox 638 4168 822 4254; x_wconf 87' lang='lat' dir='ltr'><strong>ganti</strong></span> <span class='ocrx_word' id='word_1_534' title='bbox 858 4167 1234 4234; x_wconf 87' lang='lat' dir='ltr'><strong>insistimus.</strong></span> <span class='ocrx_word' id='word_1_535' title='bbox 1284 4167 1655 4251; x_wconf 87' lang='lat' dir='ltr'><strong>Rationum,</strong></span> <span class='ocrx_word' id='word_1_536' title='bbox 1686 4191 1847 4255; x_wconf 89' lang='lat' dir='ltr'><strong>quas</strong></span> <span class='ocrx_word' id='word_1_537' title='bbox 1889 4171 2139 4238; x_wconf 74' lang='lat' dir='ltr'><strong>Waleus</strong></span> <span class='ocrx_word' id='word_1_538' title='bbox 2183 4172 2311 4238; x_wconf 78' lang='lat' dir='ltr'><strong>loco</strong></span> <span class='ocrx_word' id='word_1_539' title='bbox 2355 4171 2518 4237; x_wconf 75' lang='lat' dir='ltr'><strong>citat.</strong></span> <span class='ocrx_word' id='word_1_540' title='bbox 2557 4169 2836 4249; x_wconf 87' lang='lat' dir='ltr'><strong>adducit,</strong></span> <span class='ocrx_word' id='word_1_541' title='bbox 2859 4168 3250 4235; x_wconf 84' lang='lat' dir='ltr'><strong>solutionem</strong></span> <span class='ocrx_word' id='word_1_542' title='bbox 3269 4168 3344 4234; x_wconf 88' lang='lat' dir='ltr'><strong>in</strong></span> <span class='ocrx_word' id='word_1_543' title='bbox 3365 4169 3556 4254; x_wconf 88' lang='lat' dir='ltr'><strong>ipsum</strong></span> <span class='ocrx_word' id='word_1_544' title='bbox 3659 4243 3661 4248; x_wconf 90' lang='lat'><strong>.</strong></span> 
     </span>
     <span class='ocr_line' id='line_1_44' title="bbox 640 4255 3661 4342; baseline 0.002 -23"><span class='ocrx_word' id='word_1_545' title='bbox 640 4255 1091 4338; x_wconf 87' lang='lat' dir='ltr'><strong>disputationis</strong></span> <span class='ocrx_word' id='word_1_546' title='bbox 1135 4257 1511 4323; x_wconf 83' lang='lat' dir='ltr'><strong>exercitium</strong></span> <span class='ocrx_word' id='word_1_547' title='bbox 1546 4280 1966 4325; x_wconf 83' lang='lat' dir='ltr'><strong>reservamus.</strong></span> <span class='ocrx_word' id='word_1_548' title='bbox 2013 4257 2283 4324; x_wconf 89' lang='lat' dir='ltr'><strong>Interim</strong></span> <span class='ocrx_word' id='word_1_549' title='bbox 2314 4257 2558 4325; x_wconf 87' lang='lat' dir='ltr'><strong>consuli</strong></span> <span class='ocrx_word' id='word_1_550' title='bbox 2602 4260 2818 4342; x_wconf 84' lang='lat' dir='ltr'><strong>potest</strong></span> <span class='ocrx_word' id='word_1_551' title='bbox 2870 4259 3194 4326; x_wconf 67' lang='lat' dir='ltr'><strong>Gomara-r</strong></span> <span class='ocrx_word' id='word_1_552' title='bbox 3225 4259 3360 4324; x_wconf 77' lang='lat' dir='ltr'><strong>loco</strong></span> <span class='ocrx_word' id='word_1_553' title='bbox 3379 4259 3556 4324; x_wconf 72' lang='lat' dir='ltr'><strong>citato.</strong></span> <span class='ocrx_word' id='word_1_554' title='bbox 3659 4321 3661 4326; x_wconf 88' lang='lat'><strong>.</strong></span> 
     </span>
    </p>
   </div>
   <div class='ocr_carea' id='block_1_23' title="bbox 641 4341 3661 4434">
    <p class='ocr_par' dir='ltr' id='par_1_23' title="bbox 641 4341 3661 4434">
     <span class='ocr_line' id='line_1_45' title="bbox 641 4341 3661 4434; baseline 0.001 -26"><span class='ocrx_word' id='word_1_555' title='bbox 641 4341 823 4421; x_wconf 82' lang='lat' dir='ltr'><strong>Quod</strong></span> <span class='ocrx_word' id='word_1_556' title='bbox 868 4347 1085 4408; x_wconf 83' lang='lat' dir='ltr'><strong>autem</strong></span> <span class='ocrx_word' id='word_1_557' title='bbox 1128 4344 1393 4411; x_wconf 67' lang='lat' dir='ltr'><strong>Danais</strong></span> <span class='ocrx_word' id='word_1_558' title='bbox 1436 4347 1546 4414; x_wconf 88' lang='lat' dir='ltr'><strong>loc.</strong></span> <span class='ocrx_word' id='word_1_559' title='bbox 1592 4347 1780 4428; x_wconf 62' lang='lat' dir='ltr'><strong>citat,</strong></span> <span class='ocrx_word' id='word_1_560' title='bbox 1824 4347 2168 4434; x_wconf 71' lang='lat' dir='ltr'><strong>Auqustini</strong></span> <span class='ocrx_word' id='word_1_561' title='bbox 2213 4346 2642 4415; x_wconf 63' lang='lat' dir='ltr'><strong>Enchiiidion.</strong></span> <span class='ocrx_word' id='word_1_562' title='bbox 2665 4366 2803 4433; x_wconf 79' lang='lat' dir='ltr'><strong>cap.</strong></span> <span class='ocrx_word' id='word_1_563' title='bbox 2835 4346 2944 4412; x_wconf 87' lang='grc'><strong>28.</strong></span> <span class='ocrx_word' id='word_1_564' title='bbox 2974 4367 3092 4431; x_wconf 88' lang='lat' dir='ltr'><strong>pro</strong></span> <span class='ocrx_word' id='word_1_565' title='bbox 3115 4350 3238 4413; x_wconf 70' lang='lat' dir='ltr'><strong>sut.</strong></span> <span class='ocrx_word' id='word_1_566' title='bbox 3259 4343 3556 4413; x_wconf 64' lang='lat' dir='ltr'><strong>sententis</strong></span> <span class='ocrx_word' id='word_1_567' title='bbox 3659 4395 3661 4400; x_wconf 83' lang='lat'><strong>.</strong></span> 
     </span>
    </p>
   </div>
   <div class='ocr_carea' id='block_1_24' title="bbox 3421 4433 3554 4499">
    <p class='ocr_par' dir='ltr' id='par_1_24' title="bbox 3421 4433 3554 4499">
     <span class='ocr_line' id='line_1_46' title="bbox 3421 4433 3554 4499; baseline -0.008 0"><span class='ocrx_word' id='word_1_568' title='bbox 3421 4433 3554 4499; x_wconf 83' lang='lat' dir='ltr'><strong>alle-</strong></span> 
     </span>
    </p>
   </div>
  </div>
 </body>
</html>
