3694 4871
448 279 663 345 stp.
712 279 794 343 V.
842 279 959 344 An
1006 280 1405 345 Cnnls'rus
1452 303 1594 355 QUA
1640 281 2070 346 Manlaron
2116 303 2235 346 811·
2283 292 2797 350 1001111101]εὲ
2961 287 3085 351 117

142 466 542 532 adorationis
566 468 811 532 cultum
836 471 1209 551 competere.
1253 471 1313 533 3.
1342 468 1627 532 Gloriam
1652 468 1832 532 illam
1856 491 1993 535 esse
2019 491 2234 533 veram
2259 470 2644 535 adorationis
2673 470 2948 556 gloriam
2971 473 3078 537 sed

143 579 270 622 non
328 556 627 621 absolute
683 556 980 620 divinam.
1031 558 1090 619 4.
1130 555 1279 622 Νο0
1311 581 1448 622 0880
1480 580 1753 635 0000880,
1780 561 1855 622 ut
1878 559 2189 633 credatur,
2217 559 2529 644 quomodo
2562 558 2816 623 Christo
2841 561 3082 624 media-

142 645 269 710 tori
318 644 829 710 communicatus
852 645 939 709 sit
962 645 1165 709 honor
1194 645 1602 724 adorationiS,
1628 669 1709 709 an
1734 647 2081 710 secundum
2105 650 2403 711 naturam
2427 647 2731 726 divinam,
2755 670 2833 712 an
2860 670 3083 713 sccun-

143 735 299 799 dum
348 734 725 812 humanam,
770 757 853 798 an
877 735 1223 800 secundum
1248 739 1603 818 utramque.
1654 733 1821 798 Dum
1857 735 2152 818 strophas
2183 735 2330 799 illas
2355 736 2650 820 detegere
2674 738 2720 802 a
2751 737 2832 800 ad
2855 759 3081 820 excep-

143 823 397 888 tionem
432 825 723 886 accurate
747 824 1131 906 respondere
1162 827 1467 908 satagunt
1496 821 1870 903 orthodoxi,
1904 827 2093 888 enata
2124 828 2222 888 est
2243 823 2400 889 haec
2426 825 2735 908 quaestiO,
2773 826 3083 907 quomodo

141 911 661 994 respondendum
707 911 792 974 sit
838 912 918 975 ad
954 911 1073 976 hoc
1128 911 1637 976 adversariorum
1685 915 2172 995 argumentum3
2220 913 2396 988 Quae
2443 912 2728 978 adoratio
2780 912 3086 977 tribuitur

143 1000 409 1064 Christo
458 1022 589 1083 qua
629 999 983 1072 mediatori,
1037 1000 1153 1064 illa
1183 1021 1309 1063 non
1357 1000 1659 1082 competit
1682 1000 1803 1065 soli
1828 999 1964 1064 Deo
1989 1023 2116 1084 qua
2143 1001 2298 1065 tali:
2333 1004 2378 1067 &
2403 1023 2515 1085 per
2545 1023 2935 1087 consequens
2958 1024 3083 1065 non

142 1087 387 1152 evincit
412 1089 619 1172 ipsius
642 1087 947 1152 deitatem
980 1091 1025 1154 ἃ
1052 1088 1369 1161 buocha-coza.
1423 1087 1547 1152 Sed
1572 1111 1793 1153 verum
1818 1089 2016 1173 priuS,
2043 1089 2236 1174 Ergo·
2272 1088 2570 1175 Plerique
2594 1089 2704 1173 qui
2729 1093 3086 1154 controver-

142 1177 268 1242 sias
324 1177 451 1240 has
506 1180 788 1241 tractant
811 1178 1004 1261 (quod
1035 1200 1149 1242 nos
1181 1178 1483 1259 sciamus)
1510 1181 1749 1260 negant
1774 1178 2113 1253 minorem3
2144 1200 2458 1244 nonnemo
2488 1182 2706 1242 tamen
2729 1178 2934 1243 voluit
2960 1201 3082 1243 ne-

141 1287 295 1348 gare
320 1267 662 1349 majorem.
686 1264 857 1329 Hinc
882 1267 1141 1330 tandem
1172 1266 1531 1350 problema3
1558 1266 1884 1342 Quomodo
1908 1289 2018 1330 seu
2043 1268 2162 1331 sub
2196 1289 2320 1349 quo
2345 1265 2600 1332 formali
2628 1266 2919 1332 Christus
2943 1267 3088 1332 ado·

141 1355 381 1418 raudus
403 1359 435 1417 P

224 1439 297 1510 2.
350 1442 476 1507 Est
524 1463 678 1526 ergo
709 1442 829 1508 hoc
863 1445 1245 1527 quaesitum,
1290 1465 1401 1507 seu
1447 1447 1922 1508 controversum
1953 1443 2121 1508 inter
2143 1443 2527 1509 orthodoxos
2551 1443 2802 1527 proprie
2835 1444 3084 1527 proble-

120 1532 485 1596 maticum:
545 1532 869 1615 pertinens
916 1533 997 1596 ad
1040 1532 1431 1616 theologiam
1475 1554 1600 1594 non
1646 1536 1781 1596 tam
1828 1530 2134 1596 theticam
2181 1554 2294 1596 seu
2342 1532 2753 1597 ecclesiarum
2776 1531 3082 1612 nostram,

140 1643 334 1704 quam
383 1621 467 1684 ad
509 1615 808 1695 ἀκρίβειαν
848 1619 1291 1686 scholasticam
1337 1643 1448 1683 seu
1497 1620 2419 1705 philosophico-theologicam.
2467 1619 2572 1684 An
2611 1622 2658 1687 81
2707 1620 2915 1704 qualis
2945 1620 3082 1686 scil.

142 1708 447 1773 limitatio
496 1708 583 1772 sit
632 1709 917 1773 addenda
976 1709 1259 1792 subjecto
1294 1707 1751 1772 enuntiationis
1777 1708 2048 1786 Christe,
2073 1732 2217 1772 cum
2242 1709 2527 1774 adoratio
2551 1710 2626 1774 de
2651 1731 2726 1774 eo
2756 1709 3083 1793 praedica-
3139 1743 3150 1752 ·

143 1803 262 1862 tur.
286 1798 423 1882 (Sic
444 1799 703 1883 quidem
726 1800 797 1862 in
816 1799 1025 1882 priori
1046 1797 1311 1863 editione
1334 1798 1528 1880 hujus
1551 1797 1996 1880 dis-putationis
2025 1799 2440 1883 scrip-sermm
2485 1799 2594 1862 sed
2641 1798 2820 1882 infra
2843 1798 2914 1862 in
2930 1818 3081 1882 pro·

144 1886 425 1951 hiemalis
470 1887 880 1972 disquiretur,
926 1907 1147 1952 annon
1192 1885 1546 1951 accuratius
1591 1885 1926 1952 dicendum
1949 1887 2030 1951 sit
2054 1887 2477 1952 limitationem
2504 1885 2658 1950 addi
2677 1886 3080 1970 praedicato).

146 1973 215 2038 In
252 1998 323 2039 re
347 1975 495 2059 ipsa
526 1974 781 2058 quidem
812 1975 1237 2052 conveniunt,
1268 1975 1379 2039 sed
1411 1975 1477 2038 in
1501 1974 1942 2057 explicatione,
1971 1997 2110 2053 usu,
2142 1977 2188 2041 a
2212 1975 2638 2058 applicatione
2663 1974 3082 2040 terminorum

147 2067 297 2146 qua3
346 2066 395 2129 81
438 2064 561 2130 sub
610 2063 729 2129 hoc
760 2064 1015 2129 formali
1040 2087 1167 2148 qua
1190 2063 1593 2128 dissentiunt.
1642 2062 1861 2127 Habet
1893 2067 2106 2128 tamen
2142 2063 2434 2128 enodatio
2457 2063 2873 2146 problematis
2897 2084 3082 2127 usum

149 2174 349 2231 suum,
376 2175 527 2218 cum
552 2153 634 2216 ab
660 2153 1039 2217 adversariis
1078 2152 1263 2217 nobis
1288 2153 1605 2234 objectum
1630 2152 1749 2230 sit;
1776 2175 1894 2217 nec
1913 2152 2102 2216 liceat
2120 2152 2256 2235 jam
2288 2174 2400 2235 per
2423 2152 2567 2216 illos
2593 2151 2869 2236 simplici
2892 2151 3079 2237 igno·-

146 2243 388 2306 rantiae
437 2242 648 2320 litare,
698 2241 929 2306 nedum
971 2263 1049 2306 ex
1072 2241 1475 2306 contentione
1500 2244 1612 2305 aut
1634 2241 2002 2326 ignorantia
2026 2263 2257 2324 pravae
2281 2239 2710 2324 dispositionis
2736 2239 3082 2324 quidquam

149 2331 503 2408 concedere,
553 2353 635 2394 ne
680 2353 905 2394 causae
947 2329 1235 2395 veritatis
1282 2333 1501 2396 contra
1526 2327 1896 2394 Socinianos
1921 2330 2020 2393 vel
2045 2329 2382 2392 minimum
2405 2327 2930 2412 praejudicemus·
2976 2327 3083 2392 Illi

150 2418 310 2483 enim
355 2419 467 2485 hic
508 2442 635 2483 000
658 2419 1035 2497 subsistunt,
1084 2419 1195 2483 sed
1218 2418 1487 2483 ulterius
1512 2417 1634 2481 hoc
1658 2417 1944 2497 trahunt,
1971 2421 2044 2483 ut
2066 2419 2234 2483 tecte
2259 2417 2535 2482 innuunt
2558 2415 3084 2486 Remonstrantes

152 2508 251 2572 loc.
298 2509 400 2575 cil.
436 2512 659 2593 aperte
706 2508 1028 2573 Sociniani
1072 2510 1180 2574 loc.
1230 2508 1328 2571 cil.
1378 2506 1559 2571 Haut
1590 2506 1780 2571 aliter
1802 2530 1878 2571 ac
1901 2507 2116 2571 evenit
2139 2508 2204 2571 in
2229 2505 3082 2591 theologico-philosophicis

154 2598 329 2662 Conr.
396 2598 643 2673 Vorstii,
682 2598 757 2661 de
780 2599 910 2663 Deo
938 2598 1008 2661 in
1026 2598 1552 2681 praedicamenta,
1583 2596 1659 2661 de
1690 2598 1813 2661 loco
1846 2594 1910 2661 a·
1933 2596 2270 2663 duratio-rw
2295 2595 2435 2672 Dei,
2471 2596 2545 2661 de
2573 2594 2991 2661 accidentibus
3021 2592 3084 2659 a·

151 2686 467 2771 affectibus
492 2686 563 2749 in
586 2686 719 2751 Deo
750 2684 862 2751 80
931 2734 939 2739 -

237 2771 303 2841 3.
352 2778 645 2841 Examen
696 2774 894 2853 tituli,
936 2798 1043 2839 8011
1076 2774 1494 2858 praecoqnicio
1526 2774 1948 2838 terminorum
1975 2774 2455 2857 praemittenda.
2506 2770 2794 2837 Occurrit
2817 2771 2925 2837 hic
2947 2772 3078 2857 pri-

154 2882 245 2926 mo
286 2864 651 2947 subjectum
685 2862 1097 2947 problematis
1114 2886 1131 2945 ;
1178 2863 1313 2928 scil.
1350 2862 1669 2937 Christis-35
1716 2860 1963 2925 Deinde
2007 2863 2462 2945 praedicatum,
2510 2862 2644 2926 scil.
2695 2861 3077 2927 Adorandus

150 2972 265 3034 qua
307 2954 640 3021 mediator.
693 2954 748 3015 1.
791 2951 1159 3036 Subjectum
1206 2955 1305 3015 est
1361 2952 1663 3028 christu-3,
1710 2950 2069 3031 subjectum
2117 2951 2186 3015 in
2237 2952 2456 3015 ordine
2504 2951 2585 3014 ad
2616 2951 2930 3015 attributa
2953 2972 3069 3015 sua

152 3040 327 3121 plane
382 3040 977 3105 extraordinarium.
1030 3039 1248 3103 Potest
1298 3040 1467 3103 enim
1512 3060 1785 3122 persona
1838 3038 2079 3103 Christi
2125 3062 2268 3104 cum
2315 3041 2393 3104 de
2439 3040 2555 3104 illa
2615 3040 2768 3121 quid
2823 3038 3074 3123 praedi-

153 3132 320 3193 catur
388 3130 687 3214 spectari,
748 3133 1062 3213 quatenus
1131 3127 1413 3211 praecise
1460 3131 1558 3191 est
1610 3150 1884 3210 persona
1931 3128 2180 3193 divinae
2232 3134 2533 3203 naturae;
2593 3132 2707 3192 aut
2761 3132 3076 3210 quatenus

151 3218 420 3297 praecise
469 3222 569 3282 est
616 3240 887 3301 persona
940 3218 1259 3281 humanae
1304 3214 1613 3294 Naturae,
1665 3216 1765 3281 vel
1798 3221 2113 3299 quatenus
2145 3219 2192 3284 81
2218 3218 2398 3303 [pag.
2435 3218 2598 3303 522]
2626 3238 2895 3299 persona
2918 3215 3078 3279 utri·-

156 3327 341 3388 usque
388 3311 678 3371 naturae.
749 3304 847 3369 De
908 3304 1483 3390 praedicationibus
1538 3304 1668 3368 illis
1716 3305 2084 3370 consulendi
2140 3304 2540 3384 Scholastici,
2597 3307 2644 3371 81
2695 3304 3080 3369 recentiores

154 3390 887 3481 Theologo-philosophi.
935 3392 1017 3459 Π.
1069 3394 1251 3469 Quod
1296 3393 1377 3456 ad
1420 3393 1725 3457 terminos
1780 3394 2208 3459 describentes
2262 3394 2719 3478 praedicatum,
2745 3391 2917 3479 ,quia
2980 3396 3082 3457 est

158 3484 497 3549 enuntiatio
544 3506 671 3547 non
715 3505 877 3566 pura
930 3484 1039 3547 sed
1064 3482 1353 3559 modaliS,
1380 3482 1725 3546 considera.
1783 3483 1839 3545 1.
1875 3482 2088 3565 ipsum
2112 3483 2547 3567 praedicatum
2571 3480 2966 3547 adorandus.
3017 3482 3078 3545 2.

156 3567 618 3637 Limitationem
662 3593 775 3636 seu
822 3570 1417 3635 determinationem
1456 3570 1821 3653 praedicato
1871 3572 2170 3636 additam.
2221 3572 2402 3648 Quod
2448 3572 2529 3635 ad
2559 3570 2770 3653 ipsum
2817 3569 3070 3653 praedi-

158 3664 355 3724 catum
406 3660 799 3739 adoranda&
847 3682 960 3725 seu
991 3659 1418 3736 -invocanduS,
1469 3663 1653 3723 nota:
1710 3658 1833 3723 Per
1867 3660 2300 3724 adorationem
2325 3659 2489 3724 nihil
2519 3658 2694 3723 aliud
2716 3680 2912 3742 quam
2935 3658 3074 3721 cul-

158 3748 285 3810 tum
329 3750 725 3833 religiosum,
773 3770 885 3813 seu
935 3747 1222 3813 divinum
1252 3750 1297 3813 &
1338 3745 1473 3811 Deo
1499 3748 1828 3830 proprium
1861 3748 2164 3832 intelligi.
2211 3747 2685 3832 Distinguimus
2717 3750 2935 3813 autem
2975 3746 3078 3811 in-

160 3836 245 3897 ter
286 3837 795 3902 adorabilitatem
842 3840 889 3903 &
936 3836 1387 3902 adorationem.
1437 3832 1561 3899 Illa
1604 3840 1702 3899 est
1756 3837 2141 3900 attributum
2189 3837 2311 3901 Dei
2357 3836 2748 3914 absolutum,
2784 3836 2832 3901 &
2861 3857 3074 3900 conse-

165 3930 413 4004 quenter
465 3926 821 4010 proprietas
868 3926 1003 4010 ejus
1052 3924 1430 4003 essentialis,
1464 3924 1601 3988 sine
1626 3927 1754 4007 qua
1779 3924 1954 3989 Deus
1987 3948 2114 3989 non
2145 3929 2268 3999 est⁸
2335 3946 2468 3989 eus.
2517 3922 2651 3989 Ista
2678 3928 2776 3989 est
2803 3924 3079 3989 attribu-

164 4014 285 4075 tum
308 4015 747 4100 respectivum,
774 4014 943 4098 quod
965 4012 1102 4079 Deo
1126 4013 1434 4077 tribuitur
1466 4012 1531 4075 in
1558 4013 1777 4077 ordine
1802 4014 1882 4077 ad
1906 4018 2249 4091 creatura-s,
2345 4013 2776 4077 intercedente
2801 4012 3082 4096 quadam

166 4100 387 4167 actione
440 4126 695 4179 earum;
744 4103 913 4187 quod
958 4125 1085 4167 non
1112 4106 1210 4166 est
1234 4100 1590 4166 essentialis
1613 4100 1737 4171 Dei
1768 4102 2145 4185 proprietas,
2173 4102 2326 4185 quia
2351 4100 2525 4166 Deus
2557 4101 2638 4165 ab
2664 4105 2924 4166 aeterno
2956 4100 3084 4165 fuit

74 4240 79 4245 .
166 4186 285 4253 sine
312 4214 404 4270 eo,
430 4198 501 4257 ut
524 4192 685 4257 bene
716 4192 1013 4257 observat
1041 4190 1361 4257 Zanchius
1388 4190 1490 4255 lib.
1531 4190 1589 4255 1.
1614 4190 1691 4255 de
1717 4191 2171 4257 lucarnatione.
2201 4188 2386 4254 Illius
2411 4194 2703 4273 respectu
2726 4187 2903 4255 Deus
2927 4210 3081 4254 con-

170 4276 457 4345 sideratur
488 4281 843 4367 (analogice
885 4280 933 4345 81
975 4280 1345 4361 θεοπρεπῶς)
1373 4284 1445 4344 01
1468 4278 1844 4363 subjectum,
1873 4278 2262 4343 inhaesionis
2291 4278 2412 4364 (ita
2453 4278 2631 4361 loqui
2657 4278 2880 4355 liceat3
2913 4278 3083 4362 quod

170 4366 487 4442 θεοπρεπῶς
516 4370 974 4454 accipiendum)
1029 4369 1077 4433 81
1124 4366 1561 4433 attributionis
1606 4366 1653 4433 &
1678 4368 1769 4433 sic
1791 4368 2126 4452 problema
2149 4366 2594 4433 formandum:
2623 4367 2725 4434 An
2747 4366 2925 4433 Deus
2955 4368 3082 4452 qud
