3694 4871
502 321 724 388 D1sp.
771 323 885 388 IX.
934 325 1046 391 Da
1093 324 1352 390 SrAru
1397 325 1875 392 Eneca-onum
1922 347 2111 392 Aure
2158 325 2769 396 convznsmnnn.
2956 328 3079 395 261

159 505 255 571 De
279 505 617 573 foederatis
641 511 687 576 ἃ
711 510 1016 594 regenitis
1041 510 1315 594 amplius
1339 509 1607 595 disquiri
1637 515 1883 595 potest:
1932 535 2049 577 nos
2088 511 2155 577 in
2180 513 2683 596 praesentiarum
2704 512 2775 576 in
2810 514 2956 598 Neq.
2981 513 3083 578 in-

153 595 479 661 clinamuS.
529 597 834 673 Quamvis
865 598 1035 664 enim
1061 601 1377 664 contraria
1402 600 1714 684 principia
1737 601 1969 680 adsint,
1996 623 2142 666 caro
2158 600 2292 666 scil.
2320 601 2368 668 ἃ
2398 601 2695 686 spiritus;
2722 599 2844 666 hoc
2866 606 3080 668 tamen

151 686 430 750 nondum
479 691 576 750 est
623 689 984 762 actuosum3
1035 688 1081 753 8⁶
1120 687 1174 752 si
1198 709 1324 771 quo
1347 689 1532 754 modo
1558 693 1888 754 actuosum
1914 689 2444 774 deprehendatur,
2464 691 2599 774 jam
2626 689 2960 755 dicendum
2984 695 3084 755 est

153 775 624 859 regenerationi
667 775 873 859 primo
921 777 1164 859 primae
1205 777 1534 842 actualem·
1564 779 2059 856 conversionem,
2100 778 2567 856 excitationem,
2611 777 2658 843 δι
2681 779 3078 844 vocationem

148 863 501 927 accessisse.
528 861 625 928 De
649 863 1030 948 incomplete
1055 866 1391 944 conversiS,
1420 866 1672 954 Affirm.
1705 865 1968 932 XXXV.
2006 864 2215 932 Probl.
2240 867 2345 931 An
2375 867 2561 931 electi
2593 888 2717 931 non
2742 866 3077 947 foederati,

147 949 342 1015 aliam
369 951 670 1026 ‚habeant
716 954 996 1038 gratiam
1043 953 1410 1028 salutarem,
1459 977 1651 1038 quam
1686 955 2044 1034 relativam,
2072 977 2265 1039 quam
2291 955 2426 1022 scil.
2456 954 2693 1020 exserit
2714 953 2888 1020 Deus
2912 955 3077 1020 circa

148 1037 310 1115 ὶΠοε,
339 1062 454 1124 per
482 1039 762 1106 actiones
785 1042 907 1120 (ita
930 1042 1107 1124 loqui
1129 1042 1345 1122 liceat)
1369 1043 1857 1120 intentionales;
1894 1067 2021 1108 non
2047 1066 2195 1108 vero
2218 1044 2422 1108 reales
2447 1043 2765 1110 &interne
2791 1043 2943 1126 quid
2966 1043 3075 1107 in-

143 1127 543 1193 troducentes
589 1151 699 1194 seu
745 1129 1228 1213 imprimentes?
1276 1133 1457 1216 Hesp.
1511 1133 1656 1216 Neq.
1705 1131 1794 1196 Et
1837 1155 2033 1216 supra
2080 1131 2420 1215 aliquoties
2444 1132 2565 1196 hoc
2586 1131 3070 1208 inculcavimuS,

143 1215 323 1292 Quod
373 1217 603 1282 attinet
651 1219 730 1282 ad
775 1219 1092 1283 internam
1135 1221 1180 1285 δι
1212 1219 1653 1284 inhaerentem
1677 1222 1957 1305 gratiam
1980 1221 2452 1304 reprimentem,
2486 1242 2570 1284 an
2594 1220 2679 1284 sit
2704 1220 3005 1284 salutaris
3031 1222 3077 1287 86

144 1303 492 1370 electorum
535 1307 814 1390 propria,
857 1308 976 1371 hoc
1001 1311 1117 1387 est,
1143 1331 1224 1371 an
1248 1308 1586 1374 intrinsece
1620 1313 1658 1373 a
1681 1310 1893 1390 gratia
1915 1309 2301 1392 reprimente
2325 1308 2737 1392 reproborum
2764 1308 3077 1392 distingui

141 1393 393 1472 debeat,
451 1395 526 1458 de
567 1417 639 1459 eo
685 1392 911 1475 ἐποχὴν
955 1397 1140 1460 modo
1187 1397 1652 1480 proposuimus.
1700 1395 2001 1462 XXXVI.
2053 1397 2258 1463 Probl.
2308 1397 2413 1460 An
2456 1397 2513 1461 1.
2570 1396 2850 1462 Corinth.
2881 1396 2939 1460 7.
2973 1397 3077 1463 14.

141 1482 274 1546 sola
304 1482 520 1567 gratia
566 1483 855 1563 relativa,
897 1486 943 1550 ἃ
992 1488 1255 1549 externa
1301 1485 1546 1550 externi
1571 1485 1842 1550 foederis
1866 1486 2285 1570 intelligenda
2308 1486 2443 1550 sit?
2468 1483 2654 1570 Resp.
2680 1483 2973 1550 Ulterius
2998 1507 3075 1550 ex

141 1569 279 1634 istis
319 1570 485 1634 nihil
533 1576 764 1656 urgent
810 1594 934 1636 non
983 1573 1168 1657 pauci
1209 1595 1286 1638 ex
1317 1574 1903 1639 commentatoribus
1926 1576 2159 1640 nostr-is
2176 1597 2199 1650 ;
2228 1573 2398 1638 inter
2423 1596 2579 1657 quos
2616 1575 2856 1640 Parcus
2888 1573 2934 1638 ἃ
2960 1573 3069 1641 Pi·

137 1671 358 1724 scator.
407 1661 909 1726 Remonstrantes
955 1663 1026 1726 in
1077 1683 1374 1746 responso
1418 1663 1504 1727 ad
1549 1663 1632 1728 D.
1659 1663 1742 1728 D.
1771 1662 2161 1746 Professores
2184 1663 2507 1728 Leidenses
2534 1683 2601 1745 p.
2636 1663 2785 1726 101.
2814 1666 3073 1727 conten·

140 1747 296 1811 dunt
319 1771 448 1812 non
471 1751 722 1813 tantum
748 1771 824 1813 ex
850 1772 925 1814 eo
948 1748 1107 1828 locO,
1132 1751 1240 1814 sed
1257 1751 1303 1816 8⁶
1327 1749 1558 1815 nullibi
1585 1773 1662 1814 ex
1687 1754 1824 1814 tota
1841 1751 2157 1834 scriptura
2180 1750 2355 1815 aliud
2380 1751 2532 1834 quid
2555 1751 2841 1834 exsculpi
2866 1773 3070 1834 posse:

137 1836 434 1900 nituntur
458 1844 673 1902 autem
704 1837 826 1902 hac
857 1838 1136 1902 ratione:
1187 1840 1357 1923 quod
1379 1838 1658 1904 infantes
1691 1839 1820 1903 sint
1860 1839 2361 1923 regenerationis
2384 1839 2737 1923 incapaces.
2787 1837 2922 1903 Nos
2948 1860 3069 1903 non

137 1927 394 1990 tantum
441 1947 518 1990 ex
556 1925 911 1990 rationibus
954 1928 1000 1993 ἃ
1033 1927 1366 2011 scripturis
1393 1929 1432 1992 a
1453 1927 1688 2006 nostris
1712 1927 2021 1992 hactenus
2052 1927 2289 2006 allatis,
2315 1927 2531 1991 thesin
2556 1927 2623 1990 in
2654 1948 2891 2012 genere
2916 1927 3073 1991 reti-

139 2015 408 2078 nendam
462 2017 794 2097 putamus:
843 2016 952 2080 sed
1007 2017 1052 2081 δι
1077 2016 1200 2082 loci
1222 2016 1402 2080 citati
1434 2016 1923 2101 explicationem
1948 2016 2029 2080 ad
2066 2014 2505 2080 inhaerentem
2529 2016 2931 2080 sanctitatem
2960 2037 3070 2079 ex-

144 2102 548 2167 tendendam.
596 2102 922 2179 Quomodo
973 2103 1260 2168 Ecclesia
1305 2109 1522 2169 sancta
1575 2103 1825 2181 dicitur,
1866 2127 1994 2169 non
2017 2107 2267 2168 tantum
2294 2103 2559 2168 relative
2585 2103 2631 2169 δι
2658 2107 2933 2182 externe,
2962 2105 3071 2168 sed

140 2189 452 2275 imprimis
475 2191 898 2271 inhaerenter,
926 2193 1094 2275 quod
1119 2193 1184 2256 in
1208 2193 1504 2258 omnibus
1529 2194 1576 2259 ἃ
1598 2193 1871 2279 singulis
1898 2193 2278 2269 verificatur,
2304 2191 2413 2275 qui
2439 2214 2583 2256 vere
2607 2195 2757 2256 sunt
2783 2191 2858 2256 de
2876 2192 3071 2256 eccle·

141 2279 254 2356 sia,
305 2281 536 2344 secund
547 2303 652 2344 um
699 2284 939 2345 statum
987 2281 1370 2346 invisibilem
1399 2282 1816 2347 considerata.
1864 2279 2195 2346 XXXVII.
2250 2280 2461 2348 Proba.
2509 2279 2613 2344 An
2638 2284 2805 2344 recte
2830 2279 3070 2344 dictum

143 2369 180 2431 a
205 2367 394 2433 Conr.
444 2367 704 2434 Vorstio
731 2369 895 2434 libro
928 2369 1002 2434 de
1027 2367 1185 2445 Dec,
1213 2370 1382 2434 notis
1407 2371 1488 2434 ad
1511 2370 1672 2455 disp.
1702 2372 1803 2434 10.
1830 2369 2043 2434 thesin
2084 2369 2183 2432 11.
2212 2391 2272 2453 p.
2298 2369 2449 2432 430.
2476 2368 2664 2434 Elccli
2686 2368 2754 2433 in
2784 2369 2847 2434 S.
2875 2369 3069 2434 literis

139 2478 383 2543 sernper
406 2459 594 2524 iidem
619 2470 790 2538 sum,
816 2461 1088 2545 quivere
1109 2459 1436 2525 credentes.
1489 2461 1652 2527 Nam
1683 2466 2022 2546 antequam
2048 2458 2171 2546 fide
2187 2458 2464 2543 praedici
2494 2478 2741 2533 eumue,
2766 2478 2897 2523 non
2928 2470 3067 2524 sla-

139 2557 328 2612 munt
378 2547 520 2613 illae
564 2546 901 2613 discrimen
917 2549 1176 2635 aliquod
1195 2552 1432 2615 acctaeale
1455 2548 1620 2613 inter
1641 2570 1758 2613 nos
1789 2548 1852 2614 ἃ·
1874 2548 2031 2613 alios
2056 2548 2429 2622 incredulos,
2458 2546 2583 2611 sive
2610 2558 2754 2612 acta
2776 2546 3066 2630 reprobos

137 2636 234 2701 ec.
291 2636 468 2716 Quin
508 2636 722 2721 potius
776 2658 992 2703 omnes
1044 2658 1120 2703 ex
1166 2658 1362 2723 aequo
1409 2638 1711 2715 homines,
1750 2650 2062 2723 quatenu-8
2097 2635 2159 2703 ἃ·
2180 2636 2493 2723 quamdiu
2521 2646 2861 2719 peccatores
2884 2634 3066 2721 [pag.

137 2722 297 2811 421]
350 2738 522 2803 sant,
571 2727 858 2791 inimicos
891 2727 1010 2793 Dei
1055 2726 1117 2792 a·
1169 2728 1301 2791 irae
1349 2728 1514 2814 filios
1535 2728 1878 2811 appellant.
1929 2727 2111 2809 Resp.
2140 2727 2287 2809 Ncq.
2321 2724 2591 2788 Actuale
2609 2723 2945 2787 discrimen
2970 2728 3067 2789 est

135 2814 232 2877 vel
255 2814 671 2879 intrinsecum
695 2816 795 2880 vel
822 2814 1262 2881 extrinsecum.
1277 2813 1376 2880 De
1393 2815 1517 2879 isto
1533 2820 1826 2897 negatur:
1846 2817 1945 2879 est
1977 2814 2149 2878 enim
2174 2812 2295 2877 Dei
2312 2835 2490 2877 amor
2507 2810 2854 2890 electionis,
2874 2811 3068 2877 bene-

135 2902 416 2967 volentia
459 2903 779 2982 salutaris,
819 2906 862 2971 &
897 2904 1340 2968 destinationis
1366 2926 1520 2989 erga
1544 2904 1899 2969 incredulos
1925 2904 2178 2981 electos,
2204 2924 2329 2966 non
2356 2923 2505 2966 vero
2530 2922 2685 2985 erga
2709 2900 3065 2965 incredulos

134 2991 454 3075 reprobos,
487 2991 732 3057 Deinde
757 2992 1066 3057 increduli
1091 2992 1186 3057 illi
1211 2998 1360 3057 sunt
1377 2993 1631 3058 Christo
1648 2992 1803 3069 dati,
1821 2994 1887 3057 in
1905 2986 2157 3056 foedere
2174 2989 2444 3076 gratiae,
2468 2992 2513 3056 δι
2536 2990 2605 3053 in
2622 2989 2830 3053 activa
2844 3010 3064 3054 recon-

135 3079 457 3145 ciliatione
497 3081 581 3158 (2.
635 3083 772 3147 Cor.
800 3082 860 3144 5.
901 3080 1009 3165 18)
1034 3081 1492 3164 comprehensi,
1519 3083 1565 3147 ἃ
1590 3084 1628 3145 ὑ.
1652 3079 1790 3145 Deo
1815 3082 1896 3145 ad
1928 3081 2276 3145 salutarem
2300 3078 2797 3155 conversionem,
2822 3077 2869 3143 δι
2894 3078 3066 3143 salu-

133 3171 262 3233 tem
312 3169 720 3253 peculiariter
765 3173 1218 3235 conservantur
1264 3172 1484 3255 (supra
1527 3170 1830 3255 problem.
1876 3169 2029 3251 22.):
2064 3169 2174 3233 isti
2206 3190 2353 3233 vero
2385 3166 2668 3231 minime.
2718 3164 2889 3230 Hinc
2912 3165 3062 3231 Joh.

138 3255 238 3322 10.
285 3278 450 3321 vere.
513 3258 613 3321 16.
641 3258 848 3324 Habeo
870 3260 1028 3324 alias
1051 3280 1188 3323 oves
1212 3260 1312 3325 Sic.
1359 3257 1457 3323 De
1491 3258 1852 3323 discrimine
1878 3257 2221 3321 intrinseco
2247 3256 2440 3320 etiam
2465 3258 2763 3340 negatur,
2790 3254 2959 3338 quod
2985 3256 3063 3319 ad

134 3344 369 3411 electos
391 3346 748 3412 incredulos
771 3348 840 3411 in
863 3346 1139 3412 infantia
1162 3347 1505 3432 regenitOS,
1530 3350 1576 3413 δι
1600 3346 1832 3431 spiritu
1856 3346 1979 3411 Dei
2004 3345 2463 3410 sanctificatos:
2515 3346 2611 3407 est
2636 3342 2899 3406 enimin
2927 3342 3059 3407 illis

132 3434 313 3499 radix
338 3457 412 3499 ac
441 3457 655 3499 semen
678 3436 846 3515 fidei,
872 3436 1040 3518 quod
1057 3458 1182 3500 non
1209 3440 1307 3500 est
1329 3435 1397 3499 in
1421 3435 1764 3500 incredulis
1780 3434 2088 3518 reprobis,
2107 3430 2474 3497 XXXVIII.
2507 3430 2713 3496 Probl.
2744 3430 2845 3493 An
2873 3429 3061 3495 electi

135 3526 284 3588 ante
331 3524 878 3609 regenerationem
926 3524 1173 3608 possint
1197 3524 1471 3588 incidere
1493 3525 1562 3588 in
1587 3526 1828 3589 statum
1854 3521 2335 3600 excoecationis,
2364 3518 2805 3596 indurationis,
2832 3539 3057 3582 sensus

133 3612 408 3695 reprobi,
456 3614 502 3679 δι
539 3611 936 3677 dedolentiae
955 3618 984 3677 ἱ)
1022 3614 1200 3697 Hesp.
1232 3610 1329 3677 De
1357 3612 1574 3677 electis
1601 3614 1781 3676 extra
1804 3611 2134 3677 ecclesiam
2156 3610 2326 3673 natis
2356 3609 2403 3673 a
2428 3606 2729 3685 educatiS,
2758 3604 3059 3671 determi-

67 3728 74 3733 ·
133 3700 272 3763 nari
303 3704 516 3784 potest
545 3722 623 3765 ex
655 3701 944 3785 exemplo
975 3699 1327 3766 Gentilium
1362 3703 1628 3768 Roman.
1663 3702 1719 3763 l.
1751 3721 1911 3766 vers.
1938 3700 2042 3763 24.
2072 3720 2215 3763 cum
2248 3697 2476 3783 Ephes.
2500 3696 2563 3760 4.
2589 3696 2693 3760 20.
2722 3716 2798 3758 ex
2823 3694 3057 3778 quibus

133 3787 380 3873 aliquos
404 3790 484 3853 ad
509 3789 701 3854 fidem
724 3788 965 3855 Christi
989 3811 1320 3856 conversos
1347 3792 1392 3855 St
1415 3790 1713 3869 salvatOS,
1733 3791 2251 3871 &consequenter
2278 3786 2357 3851 ab
2384 3788 2642 3849 aeterno
2666 3784 2899 3848 electos
2920 3804 3056 3847 ense

132 3876 506 3943 credendum
539 3880 656 3944 est.
682 3876 779 3942 De
803 3878 1021 3943 electis
1045 3878 1112 3942 in
1137 3878 1400 3943 ecclesia
1431 3878 1622 3956 natiS‚
1645 3900 1774 3942 non
1797 3899 1947 3942 vero
1972 3874 2272 3947 educatis,
2307 3874 2555 3939 videtur
2580 3872 2775 3936 etiam
2797 3871 3057 3936 concedi

133 3986 334 4047 posse.
371 3963 498 4031 Sed
527 3966 604 4030 de
629 3966 848 4031 electis
870 3966 938 4030 in
961 3966 1226 4032 ecclesia
1249 3966 1418 4031 natis
1442 3970 1634 4050 atque
1658 3966 1961 4045 educatis,
1988 3966 2139 4029 dum
2162 3962 2441 4027 nondum
2465 3959 2803 4026 actualiter
2828 3959 2875 4024 ἃ
2908 3959 3050 4025 effi-

134 4054 363 4119 caciter
386 4054 672 4121 conversi
694 4059 864 4133 sunt,
888 4076 1016 4119 non
1038 4056 1134 4119 ita
1155 4054 1378 4138 liquet.

219 4139 289 4210 8.
336 4141 704 4226 Sequuntur
737 4144 1139 4228 problemata
1183 4144 1494 4227 quaedam
1545 4141 1983 4228 hypothetica.
2025 4143 2082 4207 l.
2107 4140 2309 4227 probl.
2339 4138 2444 4205 An
2468 4135 2881 4203 Abrahamus
2906 4140 3055 4203 ante

135 4231 527 4297 vocationem
551 4254 630 4297 ex
653 4230 874 4297 Haran
899 4233 1092 4318 plane
1122 4231 1320 4298 fuerit
1342 4232 1769 4319 irregenitusl>
1817 4230 2004 4315 Resp.
2028 4229 2099 4295 Si
2122 4228 2669 4315 regenerationem
2690 4227 2897 4310 primo
2922 4225 3056 4311 pri-

135 4340 301 4384 mam
347 4320 659 4407 intelligis
703 4321 773 4387 in
825 4320 1100 4386 infantia
1148 4326 1494 4406 peractam,
1546 4322 1693 4408 Neq.
1724 4318 1953 4402 Neque
1978 4320 2149 4384 enim
2173 4317 2433 4403 probari
2454 4319 2666 4401 potest
2699 4313 3055 4380 Abrahami

135 4412 376 4490 patrem
420 4410 597 4475 nullo
643 4410 828 4475 modo
874 4410 1072 4475 fuisse
1101 4410 1558 4495 patriarcham,
1593 4412 1639 4477 a
1663 4412 2120 4493 consequenter
2143 4407 2315 4472 omni
2340 4407 2439 4471 vel
2462 4404 2839 4472 tenuissimo
2866 4402 2977 4468 filo
3008 4404 3055 4471 δι

2497 4532 2505 4541 .
2904 4514 3055 4558 con-
