3694 4871
687 331 813 395 292
1461 324 2840 395 D1s12.X.D-„:Rnamnnm10m.

685 520 864 581 tactu
909 514 1190 600 Spiritus
1237 513 1332 597 S.)
1381 518 1561 579 extra
1599 514 2019 578 tentationes:
2054 513 2365 577 indirecta
2395 535 2545 577 vero
2583 534 2695 575 seu
2722 512 3041 591 reflexiva,
3070 514 3135 577 in
3157 516 3330 576 statu
3354 515 3587 577 tentati·

683 607 822 670 onis
843 628 857 681 ;
885 627 1049 688 quae
1075 608 1172 669 est
1196 626 1273 668 ex
1297 603 1504 687 signis
1530 604 1576 668 &
1601 602 1851 666 indiciis
1875 602 2277 686 quibusdam,
2304 602 2468 667 unde
2494 623 2607 685 per
2647 602 3065 665 necessariam
3100 601 3585 683 consequentiam

684 694 880 757 etiam
906 697 1124 757 contra
1155 714 1409 757 Sensum
1434 695 1546 755 aut
1577 691 1970 761 ἀναισθησίαν
1993 694 2277 754 nostram
2302 689 2753 755 concludimus,
2800 688 2989 754 Illam
3034 712 3258 755 vocare
3284 712 3583 773 possumus

681 782 1124 846 certitudinem
1151 780 1526 855 evidentiae,
1552 780 1742 843 istam
1769 778 2238 843 adhaerentiae.
2288 778 2386 843 De
2410 777 2806 843 Certitudine
2838 778 2954 842 illa
2986 802 3063 843 ex
3090 779 3377 862 professo
3398 783 3581 842 actum

681 876 778 935 est
823 872 890 934 in
938 881 1110 936 tract.
1162 870 1498 933 vernaculo
1555 879 1773 933 contra
1830 868 2139 933 Tilfmum..
2200 866 2317 932 III.
2366 866 2569 952 Signa
2618 867 2754 950 ejus
2810 872 3003 951 (quae
3039 867 3401 951 philosophi
3452 888 3580 931 11011-

683 960 845 1023 nulli
893 959 1060 1022 inter
1106 958 1407 1040 adjuncta
1458 960 1822 1035 numerant)
1869 957 2113 1021 desumi
2162 956 2396 1021 debent
2441 955 2677 1040 partim
2700 978 2777 1019 ex
2804 956 3051 1020 actibus
3076 978 3188 1020 seu
3212 956 3483 1019 motibus
3502 978 3577 1019 re·

679 1046 1104 1131 sipiscentiae,
1175 1045 1342 1124 fidei,
1393 1048 1438 1111 &
1486 1066 1686 1110 novae
1735 1045 2124 1109 sanctitatis:
2167 1045 2403 1128 partim
2427 1068 2506 1109 ex
2538 1044 2945 1127 consequenti
2972 1044 3386 1108 beatitudine.
3430 1043 3577 1117 Quae

678 1136 830 1219 quia
855 1158 931 1199 ex
965 1134 1118 1198 locis
1150 1134 1280 1198 illis
1313 1134 1446 1217 peti
1470 1137 1759 1218 possunt,
1785 1134 1832 1197 81
1856 1156 1970 1197 nos
2003 1156 2305 1219 magnam
2330 1137 2579 1217 partem
2606 1155 2679 1196 ea
2710 1132 3199 1197 indicaverimus
3240 1132 3307 1196 in
3330 1134 3496 1217 Dap.
3518 1134 3579 1197 de

676 1224 954 1308 Simplic.
1007 1222 1069 1288 ἃ·
1117 1222 1472 1309 Ημροονίδί,
1519 1244 1646 1285 11011
1694 1226 1791 1285 est
1816 1222 1985 1305 quod
2008 1222 2115 1286 hic
2148 1223 2391 1305 prolixe
2418 1243 2895 1306 prosequamur.
2944 1219 3061 1285 IV.
3110 1219 3315 1304 Signa
3348 1226 3573 1285 externa

675 1317 826 1376 sunt
879 1316 1312 1377 sacramenta:
1364 1312 1532 1375 inter
1575 1332 1739 1393 quae
1773 1311 2179 1394 appropriate
2214 1332 2355 1373 eam
2404 1310 2693 1395 sigillant
2740 1310 3132 1374 circumcisio
3183 1310 3229 1374 &
3254 1310 3575 1393 baptismus

675 1401 898 1485 Ephe&
947 1401 1008 1463 5.
1060 1401 1168 1464 26.
1220 1402 1448 1465 Coloss.
1496 1401 1558 1464 2.
1612 1400 1712 1463 11.
1757 1401 1934 1465 Rom.
1963 1400 2024 1463 6.
2054 1400 2111 1462 3.
2140 1402 2202 1463 4.
2255 1399 2462 1465 Probe.
2513 1398 2617 1461 An
2642 1419 2835 1462 coena
2866 1398 3106 1462 domini
3136 1398 3345 1483 possit
3364 1398 3477 1462 diei
3498 1399 3573 1461 di-

673 1494 844 1554 recte
881 1496 922 1552 &
972 1489 1257 1573 proxime
1303 1489 1644 1573 obsignare
1683 1488 1963 1571 gratiam
1995 1488 2518 1572 regenerationis,
2546 1485 2623 1549 R..
2652 1486 3219 1565 continuationem,
3246 1489 3293 1553 &
3320 1487 3576 1551 excitati·

673 1600 859 1641 onem
899 1578 1054 1661 ejuS,
1103 1600 1215 1641 seu
1247 1576 1506 1641 termini
1531 1577 1665 1661 ejus
1689 1575 2009 1661 obsignat,
2033 1577 2182 1663 fidei
2212 1576 2344 1641 scil.
2375 1581 2472 1654 (ut
2496 1580 2595 1639 est
2618 1575 2958 1659 organum)
2984 1576 3317 1659 primari0‚
3340 1578 3387 1641 ἃ
3412 1597 3577 1640 novae

671 1665 1068 1730 obedientiae
1113 1666 1506 1729 secundario.
1555 1664 1681 1729 Sed
1719 1665 2218 1749 regenerationis
2274 1665 2551 1749 gratiam
2584 1686 2750 1748 quae
2774 1663 2922 1727 fidei
2954 1686 3146 1729 causa
3169 1668 3293 1743 est,
3316 1665 3577 1749 designat

670 1757 1128 1838 consequenter
1153 1753 1200 1818 81
1232 1754 1526 1833 mediate,
1551 1758 1860 1836 tanquam
1884 1753 2037 1836 quid
2062 1753 2638 1837 praesuppositum.
2688 1752 2767 1816 V.
2822 1754 3003 1835 Quod
3034 1752 3120 1817 sit
3146 1754 3328 1836 prior
3350 1758 3574 1817 autnon

671 1843 846 1926 prior
863 1842 1340 1927 justificatione,
1367 1842 1727 1925 adoptione,
1751 1842 2102 1921 vocatione,
2136 1843 2482 1905 secundum
2515 1840 2953 1905 distinctiones
2969 1842 3106 1923 jam
3138 1840 3405 1905 allatas:
3436 1845 3578 1905 atta·

669 1954 814 1996 men
839 1930 1058 1995 eodem
1083 1930 1390 2015 temporis
1414 1930 1701 2008 instanti,
1727 1929 1962 1995 existat
1987 1952 2131 1993 cum
2154 1932 2503 2009 vocatione,
2529 1930 2681 1993 dum
2704 1929 2871 1993 enim
2900 1928 3073 1994 Deus
3096 1934 3287 1994 vocat
3310 1930 3574 1995 salutari-

669 2023 788 2099 ter,
822 2024 1158 2105 regenerat
1182 2018 1548 2084 efficaciter.
1595 2018 1683 2082 Et
1729 2019 1820 2083 sic
1866 2041 2011 2083 cum
2048 2018 2523 2102 justificatione.
2558 2018 2732 2082 Dum
2758 2017 2925 2081 enim
2954 2018 3020 2082 in
3049 2018 3261 2101 primo
3286 2023 3575 2085 momento

667 2110 1003 2193 ingenerat
1033 2109 1244 2187 fidem,
1277 2108 1591 2193 imprimit
1613 2108 1660 2172 &
1685 2108 1983 2171 unionem
2010 2129 2155 2172 cum
2178 2106 2454 2186 Christo,
2479 2107 2525 2172 &
2550 2106 3093 2189 justificationem,
3116 2110 3428 2191 tanquam
3452 2106 3573 2171 fidei

667 2197 990 2283 (organice
1029 2198 1076 2263 81
1101 2196 1460 2261 formaliter
1499 2197 1959 2283 consideratae)
1982 2196 2443 2260 consectarium
2467 2198 2513 2262 &
2537 2194 2834 2259 effectum
2860 2196 3041 2280 [pag.
3068 2195 3235 2281 460]
3264 2197 3577 2281 insepara-

665 2286 815 2351 bile.
864 2284 956 2351 Ut
992 2284 1161 2350 enim
1187 2286 1254 2349 in
1284 2284 1684 2350 naturalibus
1709 2285 1785 2349 de
1811 2285 1985 2348 omni
2011 2288 2359 2369 generante
2384 2284 2645 2349 dicitur:
2698 2284 2824 2365 Qui
2860 2284 2969 2349 dat
2992 2285 3302 2368 somnam,
3326 2287 3432 2350 dal
3452 2306 3576 2350 con·

661 2375 980 2462 seqzoemia
1009 2378 1286 2460 sormam
1305 2397 1325 2438 .·
1373 2373 1463 2439 sic
1509 2376 1555 2440 &
1595 2373 1658 2438 in
1685 2374 2277 2458 supernaturalibus
2302 2375 2403 2440 810.
2428 2371 2607 2438 Idem
2640 2372 2972 2437 dicendum
2997 2373 3073 2438 de
3098 2373 3223 2438 fide
3250 2374 3321 2439 in
3344 2380 3483 2440 actu
3504 2396 3579 2438 se-

666 2464 903 2542 cundo;
952 2467 1141 2546 prout
1188 2464 1358 2528 enim
1380 2463 1495 2527 illa
1525 2463 1806 2528 motibus
1840 2465 1887 2528 a
1920 2463 2165 2527 actibus
2190 2462 2321 2526 suis
2348 2463 2577 2526 elicitis
2602 2462 2935 2548 (credendo
2958 2463 3005 2527 δι
3029 2461 3395 2546 recipiendo
3415 2463 3575 2528 Chri-

666 2557 837 2617 stum
885 2557 1193 2636 tanquam
1246 2575 1318 2616 su
1328 2575 1437 2615 um
1483 2552 1898 2634 servatorem)
1922 2551 2133 2616 minus
2166 2554 2279 2615 aut
2304 2551 2511 2636 magis
2542 2549 2910 2620 &cosm-moa*
2932 2552 2979 2616 &
3002 2550 3303 2616 formatis
3326 2551 3575 2635 erumpit

661 2664 735 2706 ac
761 2641 1076 2724 procedit;
1101 2640 1196 2705 ita
1219 2641 1414 2704 etiam
1437 2641 1576 2725 pari
1600 2663 1793 2724 passu
1818 2639 2071 2723 passiva
2095 2641 2142 2706 81
2165 2640 2421 2724 quidem
2446 2639 2767 2704 sensibilis
2786 2639 3157 2723 justificatio
3182 2640 3253 2703 in
3284 2641 3576 2705 conscien-

662 2729 754 2794 tia
799 2729 1076 2794 hominis
1127 2729 1402 2814 regeniti
1447 2729 1797 2813 peragitur.
1846 2727 1961 2793 VI.
2005 2729 2191 2811 Quod
2236 2728 2321 2792 sit
2366 2751 2527 2814 opus
2581 2729 2847 2811 aequale
2879 2728 3185 2792 creationi
3210 2728 3486 2794 hominis
3506 2751 3571 2792 ex

661 2822 858 2882 terra:
915 2819 1084 2902 quod
1128 2818 1210 2881 ad
1239 2818 1544 2882 materiae
1592 2817 2161 2902 indispositionem,
2210 2817 2257 2882 &
2302 2821 2760 2900 consequenter
2812 2816 3199 2900 operationis
3240 2817 3377 2882 vim
3404 2822 3573 2900 atque

662 2905 986 2972 efficacem
1030 2906 1578 2990 omnipotentiam.
1629 2904 1720 2970 Ut
1766 2905 1936 2970 enim
1969 2905 2035 2969 in
2064 2906 2275 2990 lapide
2300 2905 2545 2991 (Mauh.
2574 2907 2660 2984 3.)
2687 2909 2799 2969 aut
2829 2909 3001 2970 terra
3024 2906 3275 2990 (Genea.
3304 2907 3395 2989 2.)
3418 2907 3571 2970 nulla

660 2999 757 3060 est
781 2995 1063 3079 potentia
1087 2996 1313 3075 activa,
1360 3017 1476 3059 nec
1501 2994 1694 3059 etiam
1719 2994 1974 3078 passiva
1998 2995 2078 3058 ad
2110 3017 2246 3060 esse
2270 2994 2569 3072 hominis,
2618 2994 2742 3058 nisi
2774 2992 3229 3058 obedientalis:
3258 2994 3353 3060 sic
3384 2996 3446 3060 in
3468 2995 3567 3058 ho-

660 3084 830 3149 mine
854 3083 1200 3169 irregenito
1223 3083 1324 3148 810.
1351 3083 1522 3148 Hinc
1553 3084 1880 3168 eleganter
1903 3082 2179 3168 Prosper
2204 3083 2484 3147 carmine
2524 3084 2600 3148 de
2632 3081 2949 3168 Ingratis;
2992 3083 3227 3169 Vasque
3252 3104 3485 3149 novum
3505 3105 3571 3148 ex

656 3173 882 3258 fragili
903 3175 1146 3260 finqens
1175 3173 1404 3238 virtute
1425 3173 1698 3238 meandi.
1749 3170 1899 3236 VII.
1948 3172 2127 3248 Quod
2171 3168 2569 3256 quorundam
2616 3170 3017 3256 regeneratio
3048 3171 3095 3236 a
3128 3173 3453 3237 conversio
3474 3194 3569 3255 pe-

659 3266 924 3346 ragatur
969 3261 1194 3346 majori
1241 3282 1386 3326 cum
1417 3265 1728 3345 apparatu
1759 3264 2021 3326 externo
2046 3261 2375 3346 signorum
2400 3263 2446 3326 a
2470 3260 2763 3346 gravium
2797 3264 2909 3324 aut
2934 3259 3345 3326 insolitorum
3359 3260 3567 3344 judici·

657 3371 840 3414 orum
879 3351 1002 3415 Dei
1017 3377 1036 3428 ;
1087 3354 1278 3434 atque
1323 3350 1479 3414 adeo
1524 3349 1746 3433 majori
1788 3371 1932 3414 cum
1955 3350 2207 3414 interna
2236 3349 2641 3414 concussione
2672 3371 2745 3413 ac
2769 3348 3077 3414 violentia
3108 3349 3231 3435 (ita
3256 3350 3472 3434 loquar
3498 3370 3563 3412 ex

660 3440 875 3504 Manli.
931 3440 1030 3504 11.
1085 3439 1187 3503 11.
1235 3439 1550 3522 Exempla
1586 3439 1728 3503 vide
1775 3440 1957 3504 Actor
1992 3440 2051 3503 2.
2084 3436 2147 3503 st
2179 3441 2239 3502 9.
2266 3439 2329 3504 ἃ·
2364 3439 2467 3502 16.
2492 3440 2640 3505 Luc.
2668 3439 2773 3501 23.
2823 3437 3002 3502 Haec
3032 3442 3251 3502 tamen
3276 3438 3564 3506 omnibus·

660 3528 1038 3611 praesertim
1062 3529 1128 3591 in
1151 3527 1438 3592 Ecclesia
1463 3528 1765 3605 educatis,
1791 3527 2109 3591 ordinario
2133 3527 2225 3591 ita
2246 3527 2496 3592 evenire
2520 3547 2647 3591 non
2673 3531 2770 3590 est
2793 3526 3161 3591 verisimile.
3194 3525 3383 3594 VIII.
3410 3525 3561 3601 Quod

659 3617 1055 3700 quorundam
1103 3617 1448 3681 electorum
1472 3617 2051 3700 regenerandorum
2097 3617 2418 3699 corruptio
2442 3615 2711 3680 actualis
2737 3619 2849 3679 aut
2878 3615 3196 3680 intensive
3221 3621 3339 3680 aut
3362 3616 3561 3680 saltem

658 3706 980 3770 extensive
1020 3709 1132 3770 aut
1156 3709 1422 3789 utroque
1461 3704 1646 3768 modo
1680 3705 1903 3788 major,
1950 3725 2145 3788 quam
2176 3704 2522 3768 multorum
2548 3704 2995 3788 reproborum:
3023 3704 3259 3789 quibus
3284 3703 3563 3790 regenitis

658 3793 985 3878 analogice
1008 3793 1318 3878 applicari
1345 3797 1554 3876 potest
1578 3793 1738 3857 illud
1770 3795 1947 3859 Rom.
1984 3793 2044 3857 5.
2072 3794 2175 3858 20.
2206 3794 2311 3855 21.
2366 3793 2428 3858 ἃ·
2458 3793 2560 3856 11.
2588 3795 2695 3857 32.
2720 3793 2829 3857 33.
2876 3791 2989 3856 ΙΧ.
3020 3794 3207 3875 Quod
3228 3794 3559 3877 aliquorum

656 3883 1036 3965 praecedens
1067 3883 1386 3967 corruptio
1412 3883 1458 3947 &
1481 3885 1686 3946 status
1717 3882 1962 3964 peccati
1987 3881 2346 3946 diuturnior
2362 3882 2466 3960 sit,
2493 3903 2685 3965 quam
2718 3881 3020 3946 aliorum:
3070 3883 3268 3947 immo
3295 3903 3561 3947 nonnun-

656 3993 850 4054 quam
897 3972 977 4035 ad
1019 3973 1212 4036 finem
1245 3972 1412 4035 vitae
1445 3970 1856 4046 extendatur;
1882 3991 2041 4053 quos
2064 3969 2223 4034 hora
2248 3971 2581 4035 undecima
2602 3970 2669 4033 in
2702 3969 2953 4034 vineam
2970 3970 3213 4036 domini
3238 3970 3493 4046 extrudi,
3518 3968 3559 4032 ἃ

655 4079 799 4122 011111
831 4059 1076 4124 latrone
1098 4062 1246 4125 Luc.
1273 4061 1378 4124 23.
1399 4059 1680 4124 converti
1703 4059 2085 4124 credendum
2109 4063 2225 4123 est.
2267 4058 2573 4133 Quamvis
2597 4059 2767 4123 enim
2790 4059 3117 4142 pauciores
3142 4059 3243 4123 illi
3266 4059 3414 4137 sint,
3436 4079 3557 4122 cum

653 4152 868 4211 tamen
923 4147 1124 4231 aliqui
1162 4149 1310 4226 sint,
1353 4152 1464 4212 aut
1487 4148 1736 4230 possint
1759 4169 1923 4212 esse:
1952 4147 2190 4212 nemini
2214 4148 2294 4233 ad
2318 4148 2595 4232 gratiam
2620 4147 2951 4212 anhelanti
2982 4169 3127 4232 spes
3152 4147 3373 4212 veniae
3396 4168 3557 4231 prae-

655 4234 938 4312 cidenda,
986 4258 1130 4299 cum
1175 4237 1314 4320 pari
1350 4258 1540 4319 passu
1587 4239 1736 4300 eant
1762 4236 1909 4300 fidei
1944 4240 2121 4300 actus
2147 4237 2341 4300 etiam
2365 4237 2645 4301 initiales
2672 4259 2814 4302 cum
2832 4235 3313 4318 justificatione,
3336 4235 3557 4318 adopti-

654 4345 795 4401 one,
847 4322 1240 4388 beatitudine
1267 4325 1480 4390 Mami.
1518 4327 1576 4388 ὃ.
1614 4326 1673 4388 3.
1703 4327 1763 4389 4.
1792 4325 1853 4389 6.
1888 4323 1951 4389 a·
1980 4325 2081 4388 11.
2110 4326 2213 4389 28.
2247 4325 2350 4390 29.
2376 4325 2514 4391 Joh.
2548 4327 2611 4391 6.
2638 4325 2743 4391 37.
2773 4327 2879 4392 Ps.
2907 4326 3013 4388 51.
3045 4327 3146 4391 19.
3173 4325 3310 4392 Joh.
3336 4327 3393 4390 3.
3422 4325 3478 4389 5.
3502 4323 3555 4384 6.

661 4409 726 4474 a·
776 4412 830 4473 l.
877 4411 1012 4473 1011.
1050 4413 1108 4473 5.
1143 4413 1196 4474 l.
1218 4415 1279 4477 4.
1313 4414 1376 4478 5.
1404 4414 1504 4476 ll.
1535 4415 1636 4476 12.
1687 4413 1868 4488 Quod
1891 4418 2109 4477 contra
2132 4414 2429 4497 antiquos
2456 4417 2501 4480 a
2526 4415 2905 4479 recentiores
2930 4413 3350 4492 NovatianoS,
3376 4411 3553 4478 nomi·

3376 4501 3553 4565 natim
