3694 4871
864 293 2236 377 D1sp.X.DaRnanmnm10m,
2889 296 3018 368 277

101 477 154 542 l.
179 480 280 542 30.
329 477 426 543 Ut
449 484 660 544 autem
685 480 900 544 omnia
924 479 1000 544 de
1026 479 1281 545 Christo
1313 501 1442 544 una
1465 479 1649 564 quasi
1670 479 1912 544 tabella
1937 479 2117 566 [pag.
2145 479 2309 566 440]
2337 480 2751 548 exhibeamus
2788 483 2847 546 l.
2894 481 3017 548 Est

73 589 277 633 -causa
323 567 560 633 directe
606 569 652 634 ἃ
684 567 942 652 physice
977 567 1260 633 efficiens
1307 567 1875 654 regenerationem,
1924 571 2233 652 tanquam
2286 567 2463 637 Deus
2494 568 2943 650 sanctificator,
2969 572 3016 637 a

93 657 349 740 spiritus
383 656 902 722 sanctificationis
935 660 1228 735 (Roman.
1274 678 1412 742 cap.
1464 658 1525 720 l.
1568 677 1730 722 vera
1775 659 1864 735 4.)
1903 679 2031 722 una
2054 679 2197 722 cum
2227 661 2409 741 patre
2434 658 2480 724 δι
2503 657 2735 742 spiritu
2760 663 3015 737 sanct03

94 745 272 828 idque
313 767 394 809 ex
425 747 570 829 jure
616 768 864 810 summo
915 748 960 812 &
1007 749 1324 829 potestate
1348 745 1575 830 prima,
1600 767 1764 830 quae
1795 745 1895 810 illi
1918 745 2271 812 communis
2294 748 2391 810 est
2422 766 2565 810 cum
2590 750 2770 830 patre
2797 749 2843 814 ἃ
2868 745 3016 832 Spi-

90 833 210 898 ritu
263 831 518 898 Sancto.
569 833 657 899 Et
709 833 814 897 hic
839 835 1022 908 λόγος
1045 834 1206 893 xxv&
1227 837 1566 909 θεολογίαν.
1621 835 1684 898 2.
1723 833 1844 899 Est
1866 855 2057 900 causa
2082 833 2366 899 efficiens
2390 834 2675 913 eandem,
2702 834 2937 901 directe
2968 837 3015 902 ἃ

93 921 348 1006 physice
379 923 726 986 secundum
751 925 796 988 δι
819 945 934 1006 per
957 923 1256 1007 spiritum
1289 922 1812 988 sanctificationis
1835 922 1985 1008 (hoc
2028 927 2126 987 est
2158 927 2485 987 aeternam
2510 922 2841 1004 deitatem)
2865 945 3015 1010 gra-

95 1009 179 1074 tia
221 1011 358 1074 scil.
411 1010 653 1076 efficaci
687 1033 800 1075 seu
830 1012 1252 1096 omnipotenti
1299 1011 1612 1076 facilitate
1666 1013 1712 1078 a
1767 1010 1945 1076 facili
1968 1010 2461 1094 omnipotentia;
2508 1011 2618 1076 sed
2644 1033 2723 1077 ex
2737 1012 2882 1096 jure
2904 1034 3017 1079 seu

92 1103 402 1182 potestate
433 1097 722 1163 inferiori
754 1100 1165 1184 dependente,
1200 1100 1629 1178 subordinata,
1684 1099 1752 1164 in
1797 1103 2087 1183 tempore
2117 1104 2260 1165 orta
2298 1122 2411 1192 seu
2434 1100 2761 1184 producta,
2789 1101 3016 1185 illique

94 1209 396 1265 concessa,
423 1191 738 1272 quatenus
763 1193 860 1252 est
889 1190 1060 1253 filius
1084 1189 1363 1254 hominis
1384 1189 1430 1254 δι
1455 1188 1784 1258 mediator.
1807 1187 1897 1253 Et
1928 1188 2033 1254 hic
2058 1189 2241 1261 λόγος
2266 1207 2390 1247 κατ’
2431 1185 2770 1263 &cuononem
2804 1189 3020 1266 &Est

92 1298 272 1340 causa
303 1277 720 1341 subordinata
745 1278 1103 1351 meritoria3
1131 1299 1294 1360 quae
1324 1300 1452 1342 non
1479 1277 1712 1342 directe
1736 1278 1782 1343 St
1807 1276 2089 1362 physice,
2122 1278 2232 1342 sed
2252 1276 2580 1341 moraliter
2602 1297 2717 1358 per
2750 1277 3005 1343 modum

91 1364 555 1448 impetrationis
601 1368 646 1432 δι
692 1366 906 1429 meriti
948 1370 1262 1450 quatenus
1301 1366 1612 1430 mediator
1656 1370 1878 1431 causat
1909 1366 2488 1450 regenerationem3
2533 1366 2579 1431 ἃ
2603 1363 2761 1431 haec
2791 1365 3013 1431 itidem

93 1450 485 1518 Oeconomia.
537 1459 596 1517 4.
641 1453 765 1519 Est
786 1476 974 1520 causa
1007 1455 1422 1538 exemplaris:
1452 1468 1587 1521 (mn
1611 1475 1929 1538 suprema,
1962 1476 2090 1518 una
2113 1476 2257 1518 cum
2280 1458 2464 1538 patre
2498 1455 2545 1519 a
2588 1450 2757 1536 Spir-
2784 1453 2849 1520 S.
2887 1457 3011 1540 (se-

93 1542 354 1606 cundum
379 1541 836 1626 Theologiam3
885 1556 1020 1608 lum
1065 1543 1329 1608 inferior
1366 1546 1412 1610 δι
1436 1541 1869 1622 subordinata,
1902 1565 2029 1626 qua
2054 1543 2383 1622 mediator,
2408 1541 2598 1626 idque
2623 1541 2691 1604 in
2717 1543 2852 1608 vita
2874 1545 2921 1610 ἃ
2944 1543 3012 1607 in

94 1634 282 1694 morte
330 1654 449 1694 sua
497 1631 842 1695 secundum
890 1630 1385 1718 Oeconomiam).
1433 1631 1759 1709 Quomodo
1807 1634 2023 1712 autem
2046 1631 2223 1696 notio
2248 1653 2474 1696 causae
2500 1631 2901 1716 exemplaris,
2928 1631 3011 1717 (si

95 1739 216 1782 rem
260 1718 326 1782 in
375 1719 589 1803 rigore
643 1720 1138 1801 consideremus)
1186 1723 1388 1804 possit
1435 1720 1651 1793 aeduci
1695 1720 1931 1803 partim
1969 1721 2049 1784 ad
2072 1718 2648 1796 instrumentalem,
2672 1720 2910 1806 partim
2932 1720 3013 1785 ad

97 1807 626 1888 procatarcticam,
651 1809 946 1872 nolumus
977 1809 1082 1872 hic
1108 1813 1242 1868 λίαν
1267 1807 1576 1884 ἁκριβοῦνε
1597 1808 1974 1892 praesertim
2005 1831 2147 1874 cum
2176 1809 2407 1874 divinis
2432 1807 2533 1872 his
2556 1809 2877 1889 mysteriis
2898 1831 3013 1873 no-

95 1893 284 1960 tiones
322 1897 368 1962 &
413 1895 840 1962 formalitates
889 1897 1366 1981 philosophicae
1401 1896 1711 1981 applicari
1735 1919 1986 1982 semper
2016 1918 2217 1982 aeque
2242 1895 2568 1962 commodo
2595 1895 2643 1960 St
2671 1902 3014 1971 θεοπρεπῶς

97 2005 200 2048 nec
221 1984 494 2049 debeant
516 2007 632 2049 nec
655 1986 918 2069 possint.
951 1983 1282 2050 Suffecerit
1304 1986 1586 2050 melioris
1610 1986 1931 2051 doctrinae
1957 2007 2167 2065 causa,
2200 1985 2366 2050 hanc
2390 1986 2597 2050 lucem
2620 1987 3007 2051 inaccessam

99 2091 208 2153 quo
251 2077 470 2156 potest
518 2074 704 2138 modo
735 2075 1018 2159 depingi.
1067 2073 1192 2138 Sed
1217 2075 1292 2138 de
1318 2074 1665 2158 exemplari
1696 2096 1844 2139 mox
1876 2074 2229 2139 dicendum.
2278 2072 2461 2150 Quod
2490 2073 2571 2138 ad
2592 2073 3009 2162 procatarcti—

99 2181 241 2239 cam,
269 2164 636 2248 propinqua
666 2185 780 2246 per
801 2164 1058 2228 modum
1083 2163 1295 2227 meriti
1325 2162 1865 2246 &impetrationis
1896 2162 1963 2226 in
1994 2163 2212 2228 ordine
2245 2162 2324 2226 ad
2351 2160 2561 2226 Deum
2586 2169 2684 2230 est
2705 2162 3005 2230 obedien-

99 2247 180 2312 tia
221 2248 458 2316 Christi
511 2252 877 2316 mediatoris
907 2253 1130 2317 loha-n.
1179 2252 1278 2316 17.
1309 2253 1410 2316 19.
1447 2253 1562 2318 Tic.
1589 2253 1648 2316 2.
1686 2251 1788 2316 14.
1815 2250 1977 2335 Eph.
2006 2251 2067 2316 5.
2095 2251 2200 2315 25.
2228 2251 2333 2314 26.
2355 2249 2531 2326 Quae
2556 2251 3007 2319 consideranda

99 2337 189 2400 vel
238 2340 684 2404 universaliter
728 2341 794 2404 in
833 2345 968 2405 toto
1002 2341 1172 2405 vitae
1190 2341 1532 2417 curricu103
1557 2340 1658 2405 vel
1684 2339 2158 2424 particulariter
2188 2340 2255 2404 in
2280 2343 2485 2404 morte
2510 2343 2555 2408 a
2579 2338 3005 2426 perpessioni-

99 2423 220 2491 bus.
266 2427 445 2494 Haec
488 2428 686 2494 habet
730 2429 1042 2495 rationem
1066 2429 1281 2495 meriti
1305 2427 1755 2495 satisfactorii:
1805 2451 1955 2493 nam
2005 2430 2073 2492 in
2120 2429 2339 2494 ordine
2388 2428 2470 2494 ad
2504 2429 2715 2496 Deum
2741 2433 3001 2512 ejusque

96 2514 390 2595 justitiam
426 2518 656 2583 dicitur
680 2518 1032 2584 satisfactio
1052 2543 1068 2595 3
1115 2520 1182 2583 in
1207 2520 1424 2583 ordine
1449 2519 1530 2583 ad
1552 2540 1667 2583 nos
1692 2517 1925 2583 dicitur
1950 2518 2271 2598 meritum,
2294 2540 2411 2602 pro
2436 2520 2771 2585 commissa
2795 2517 3004 2601 culpa.

101 2602 205 2687 Illa
233 2628 374 2672 vero
406 2607 722 2671 rationem
760 2607 958 2673 habet
1003 2608 1238 2685 meriti,
1288 2609 1484 2672 etiam
1530 2606 1943 2672 satisfactorii
1990 2610 2283 2691 respectu
2325 2607 2525 2688 debiti
2551 2606 2931 2674 universalis
2958 2606 3005 2671 δι

99 2693 392 2774 perfectae
441 2696 836 2761 obedientiae
882 2697 1049 2781 quod
1096 2697 1197 2761 lex
1247 2697 1326 2761 ad
1374 2696 1574 2761 vitam
1612 2695 1811 2779 exigit
1839 2697 2041 2762 Galat.
2070 2698 2130 2761 3.
2158 2695 2357 2779 quue
2382 2697 2670 2762 ordinem
2702 2696 2901 2761 habet
2923 2695 3004 2760 ad

101 2778 284 2847 Deum
307 2785 351 2849 ἃ
375 2785 458 2849 ad
481 2808 618 2851 nos.
663 2782 980 2869 Respectu
1010 2784 1166 2850 Dei:
1203 2786 1434 2849 dicitur
1471 2785 1816 2869 satisfactio
1831 2808 1863 2871 ,ᾗ
1902 2784 2055 2869 quia
2094 2784 2228 2868 ejus
2267 2785 2399 2869 juri
2423 2786 2689 2851 satisfit:
2715 2787 3005 2869 respectu

99 2872 277 2935 nostri
322 2874 555 2938 dicitur
602 2874 918 2953 merit-um,
945 2875 1096 2958 quia
1117 2875 1217 2957 jus
1243 2876 1288 2940 a
1312 2874 1668 2957 praemium
1691 2872 1865 2937 vitae
1896 2877 2191 2938 aeternae
2218 2874 2401 2939 nobis
2424 2874 2729 2959 impetrat
2754 2896 2826 2937 ac
2859 2894 3004 2937 me-

101 2962 273 3023 retur.
318 2960 696 3026 Obedientia
743 2964 788 3028 &
827 2962 1082 3045 justitia
1127 2962 1350 3027 mortis
1397 2985 1509 3027 seu
1547 2962 1995 3045 perpessioniS,
2022 2984 2215 3044 quam
2238 2961 2691 3045 particularem
2719 2964 2765 3029 St
2798 2962 3003 3046 hypo—

100 3044 380 3115 theticam
427 3054 532 3136 (ex
578 3050 920 3135 hypothesi
968 3051 1182 3134 lapsus
1225 3053 1271 3117 &
1317 3051 1560 3135 peccati
1605 3050 1832 3132 nostri)
1880 3051 2203 3134 appellare
2255 3072 2613 3134 possumus,
2663 3056 2760 3115 est
2808 3072 3001 3115 causa

101 3139 528 3215 procatarctica
557 3142 621 3205 ·&
651 3138 978 3204 meritoria
1023 3140 1545 3224 regenerationis,
1571 3138 2021 3217 conversionis,
2051 3138 2591 3218 sanctificationis,
2618 3142 2663 3206 &
2696 3139 3003 3205 sanctita—

101 3220 172 3286 tis
191 3230 434 3292 nostrae
457 3227 708 3291 infusae
741 3232 932 3311 atque
956 3228 1368 3307 inhaerentiS‚
1399 3227 1774 3312 propinque,
1802 3227 2193 3311 dispositive,
2218 3233 2697 3312 consequenter,
2725 3250 2841 3311 per
2863 3248 3003 3291 mo·-

103 3309 234 3375 dum
269 3316 399 3381 scil.
446 3316 788 3381 necessarii
819 3316 1250 3382 antecedentis
1274 3317 1320 3382 δι
1345 3315 1824 3401 praeparatorii,
1876 3337 1988 3380 seu
2034 3316 2416 3381 removentis
2450 3316 3000 3401 impedimentum,

103 3406 399 3478 peccatum
424 3404 584 3483 scil.,
610 3405 772 3469 iram
795 3404 938 3481 Dei,
965 3407 1012 3471 δι
1035 3405 1565 3481 maledictionem,
1583 3404 1629 3468 8⁶
1651 3404 1740 3469 sic
1756 3404 2247 3489 intelligendum
2263 3409 2564 3487 putamus
2583 3406 2791 3469 locum
2810 3400 3000 3467 Hebr.

105 3484 156 3549 9.
190 3491 280 3554 14.
307 3490 684 3558 Obedientia
707 3516 858 3559 vero
881 3516 995 3559 seu
1010 3494 1267 3579 justitia
1290 3494 1690 3571 universaliS,
1730 3514 1895 3577 quae
1920 3494 2079 3559 vilae
2102 3492 2147 3556 δι
2176 3493 2376 3559 activa
2403 3493 2525 3558 dici
2550 3492 2711 3557 solet
2739 3494 3001 3575 (quam-

104 3574 186 3639 vis
232 3580 307 3643 ad
347 3582 514 3647 hanc
553 3582 622 3647 in
645 3586 782 3647 tota
809 3584 987 3667 [pag.
1013 3583 1177 3667 441]
1205 3583 1542 3648 latitudine
1573 3604 1688 3647 sua
1711 3585 2037 3666 acceptam
2062 3583 2259 3646 etiam
2280 3582 2535 3666 passiva
2564 3580 2779 3645 reduci
2801 3578 3004 3663 possit

105 3684 166 3727 ac
185 3665 414 3745 debeat,
439 3674 748 3755 tanquam
779 3672 1124 3757 singularis
1147 3672 1194 3736 δι
1218 3671 1630 3756 hypothetica
1656 3670 1967 3754 quaedam
1993 3670 2299 3749 extensio,
2353 3671 2432 3735 ad
2465 3670 2622 3735 talia
2646 3668 2993 3746 subeunda,

105 3770 201 3817 seu
242 3754 303 3820 in
352 3759 468 3824 tali
516 3764 629 3823 aut
672 3759 790 3825 tali
835 3760 1126 3839 materia,
1172 3760 1440 3845 objectO,
1489 3759 1834 3838 occasione,
1883 3758 2308 3824 obedientiam
2338 3780 2521 3823 suam
2543 3754 3004 3822 ostendendam

107 3839 250 3907 Phil.
295 3847 379 3931 2.)
411 3852 508 3912 est
539 3870 727 3913 causa
750 3850 1206 3932 procatarctica
1229 3850 1275 3914 δι
1299 3848 1625 3913 meritoria
1648 3852 1902 3912 nostrae
1928 3846 2445 3934 regenerationiS,
2489 3847 2535 3911 δι
2560 3846 2829 3910 collatae
2854 3866 3004 3907 san-

108 3928 316 3998 ctitatis
359 3936 771 4016 inhaerentiS,
817 3938 1102 4021 proxime
1127 3937 1512 4015 immediate,
1537 3937 1583 4001 8⁶
1615 3936 1991 4000 formaliter.
2017 3935 2214 3999 Porro
2238 3935 2304 3999 in
2330 3936 2451 4000 hac
2473 3932 2835 4000 obedientia
2858 3954 3001 4016 pas·

107 4014 224 4082 Siva
249 4024 456 4105 (quam
488 4024 580 4089 ita
634 4027 954 4109 vocamus)
1000 4026 1295 4091 distincte
1327 4025 1794 4091 consideramus
1825 4020 1897 4082 τὸ
1928 4024 2279 4101 materiale,
2313 4028 2584 4088 mortem
2608 4021 2744 4101 scil,
2772 4021 2817 4087 δι
2850 4042 2995 4105 pas·

111 4102 312 4187 siones3
344 4116 387 4179 a
423 4112 496 4189 τῤ
529 4113 819 4194 formale,
865 4114 1292 4179 obedientiam
1338 4114 1474 4179 scil.
1518 4114 1870 4179 innocentis
1910 4112 2230 4196 sponsoris
2270 4112 2407 4176 Deo
2430 4112 2565 4177 vice
2590 4110 2792 4176 nostri
2818 4130 3002 4193 prae—

111 4192 314 4263 stitam.
359 4201 516 4269 Cum
559 4206 774 4267 autem
820 4204 1026 4269 forma
1087 4203 1194 4267 det
1236 4226 1372 4269 esse
1418 4203 1530 4281 rei,
1581 4203 1628 4268 ἃ
1677 4202 2103 4285 operationes,
2126 4222 2471 4284 earumque
2495 4200 2613 4280 vis,
2638 4198 2937 4273 efficacia,
2960 4199 3007 4264 ἃ

111 4278 351 4365 dignitas
394 4292 480 4356 sit
526 4295 564 4356 a
611 4291 847 4356 forma:
905 4293 1190 4357 videmus
1214 4292 1527 4377 quomodo
1565 4290 1929 4375 accipienda
1953 4288 2083 4354 sint
2105 4289 2273 4354 dicta
2297 4289 2412 4353 illa
2440 4288 2813 4375 scripturae,
2838 4308 3003 4372 quae

113 4374 488 4459 metonymice
532 4381 580 4447 δι
627 4380 1074 4465 synecdochice
1129 4380 1428 4467 sanguini
1480 4383 1593 4445 aut
1639 4379 1827 4445 morti
1883 4378 2123 4444 Christi
2148 4378 2449 4443 virtutem
2475 4374 2995 4444 sanctificationis

2748 4469 3003 4530 nostrae
