3694 4871
624 311 709 375 42
1216 311 2958 378 11181».ΙΙΙ.Ι)ε.1υηεετ.ΙσετιτιΑΒει.

626 497 897 575 sufficit;
936 500 1153 561 tamen
1186 521 1313 562 non
1347 497 1609 563 minoris
1650 499 1813 564 forte
1853 500 2159 563 momenti
2201 503 2318 578 est,
2343 522 2536 584 quam
2559 499 2837 564 rationes
2861 497 3214 562 sententiae
3239 497 3544 561 adversae.

626 586 769 651 Scio
795 587 1072 650 rationes
1091 590 1340 650 nostras
1362 609 1487 651 non
1513 588 1763 672 exiguis
1787 587 2274 652 difficultatibus
2299 589 2538 673 urgeri,
2555 611 2670 652 nec
2683 588 2847 651 forte
2861 591 2996 650 tam
3011 585 3333 650 evidenter
3347 607 3550 650 omues

628 675 801 739 tolli:
840 679 1054 740 tamen
1096 675 1494 759 experiemur
1526 699 1605 740 an
1637 676 2106 761 Antagonistae
2139 675 2620 742 Socinianorum
2653 676 2847 740 etiam
2873 675 2996 739 hac
3019 674 3082 737 in
3108 678 3285 758 parte
3307 673 3550 738 defendi

625 764 892 846 possint,
934 787 1013 828 an
1052 785 1180 827 non
1217 764 1429 846 potius
1470 765 1538 828 iu
1570 765 1829 829 illorum
1869 765 2185 829 sententia
2225 768 2416 849 (quae
2449 765 2732 848 alioquin
2774 786 2890 848 per
2917 786 2986 828 se
3025 762 3280 826 absurdi
3301 762 3468 826 nihil
3495 762 3550 826 in

625 853 835 917 Deum
874 857 987 916 aut
1012 852 1198 915 fidem
1225 853 1538 937 implicat)
1570 855 2072 936 permanendum
2099 854 2201 917 sit.
2231 851 2474 918 Saltem
2499 853 2807 937 quidquid
2829 852 2916 916 sit
2949 853 3024 916 de
3047 851 3325 915 naturali
3351 873 3550 914 neces-

626 945 816 1005 sitate
858 941 1161 1024 puniendi
1202 946 1550 1023 peccatum,
1592 943 1847 1006 firmum
1890 946 2020 1006 stat
2051 965 2124 1006 ex
2165 943 2554 1006 immutabili
2595 943 2844 1006 decreto
2885 944 2932 1007 81
2967 941 3106 1024 lege
3148 943 3407 1003 aeterna
3445 938 3549 1002 Dei

627 1029 821 1093 etiam
864 1034 1129 1094 naturae
1170 1032 1216 1094 81
1260 1030 1461 1094 menti
1506 1031 1791 1094 omnium
1838 1031 2170 1096 hominum
2209 1030 2413 1095 indita
2450 1035 2779 1114 peccatum
2819 1053 2898 1094 ex
2932 1052 3045 1092 sua
3070 1032 3300 1092 natura
3339 1027 3548 1091 mereri

628 1140 917 1200 poenam,
942 1141 1057 1183 1166
1081 1140 1265 1200 116886
1292 1121 1329 1181 6,-
1346 1123 1602 1200 peccato
1620 1141 1809 1203 quem
1827 1120 2071 1184 absolvi
2089 1120 2210 1183 nisi
2227 1121 2477 1203 placato
2495 1119 2772 1183 numine.
2799 1118 3035 1181 Fontes
3053 1116 3438 1180 solutionum
3455 1115 3550 1178 ad-

627 1228 847 1270 versus
886 1206 1273 1288 objectiones
1306 1211 1440 1270 tum
1473 1207 2024 1284 heterodoxorum,
2049 1212 2188 1272 tum
2221 1232 2296 1272 ex
2324 1207 2705 1272 Orthodoxis
2733 1207 2984 1270 doctiss.
3021 1205 3239 1271 th'ssi
3268 1204 3493 1270 Vindio.
3515 1204 3548 1266 l.

634 1295 690 1358 1.
720 1308 887 1379 part.
930 1297 991 1360 2.
1024 1297 1187 1379 diqr.
1228 1295 1287 1361 8.
1322 1301 1471 1359 sunt
1495 1297 1636 1359 isti:
1672 1298 1726 1361 1.
1756 1296 2099 1380 Distingue
2122 1319 2391 1380 poenam
2415 1297 2479 1360 in
2507 1295 2941 1362 satisfactione
2965 1295 3032 1358 in
3057 1315 3291 1378 genere
3315 1295 3548 1356 dic-tam.

629 1384 708 1447 ab
749 1384 869 1448 hac
900 1407 1139 1468 poenae
1176 1387 1287 1448 aut
1325 1385 1619 1448 factionis
1660 1385 1888 1468 8116616,
1923 1409 2033 1449 8611
2069 1386 2330 1468 speciali
2357 1387 2490 1468 ejus
2515 1386 2717 1448 modo.
2748 1385 2806 1446 2.
2833 1383 3178 1466 Distingue
3205 1382 3548 1445 volitionem

628 1495 739 1536 seu
772 1479 984 1537 actum
1022 1473 1370 1536 voluntatis
1410 1473 1660 1537 divinae
1699 1496 1825 1556 quo
1851 1474 1988 1537 vult
2019 1476 2171 1557 quid
2197 1497 2273 1538 ex
2299 1475 2671 1538 necessitate
2695 1477 2964 1536 naturae
2987 1494 3099 1535 seu
3124 1472 3270 1554 jure
3295 1468 3550 1533 naturali

629 1563 675 1626 ἃ
716 1565 929 1625 16111611
965 1563 1163 1626 1111616
1214 1561 1746 1626 concomitantur:
1790 1566 1829 1626 a
1853 1561 2152 1626 volitione
2177 1585 2304 1644 qua
2327 1564 2466 1626 vult
2489 1584 2603 1645 per
2632 1560 3061 1624 indifferentia
3083 1563 3132 1624 ἃ
3163 1559 3366 1622 1111616
3393 1561 3549 1621 ante-

629 1649 941 1728 cedenter,
977 1651 1153 1730 cujus
1179 1670 1262 1714 sc.
1291 1650 1650 1732 oppositum
1676 1651 1988 1733 potuisset
2012 1651 2193 1715 velle..
2231 1654 2290 1714 3.
2317 1651 2662 1733 Distingue
2692 1648 3190 1732 turpirtudinem
3223 1671 3334 1710 8611
3367 1647 3550 1710 (16161-

629 1736 919 1802 mitatem
946 1739 1206 1822 peccati,
1238 1740 1273 1800 6
1302 1742 1503 1801 reatu.
1532 1741 1592 1801 4.
1620 1739 1933 1822 Egressus
1958 1739 2254 1803 attributi
2285 1739 2482 1803 divini
2505 1738 2778 1813 relativi,
2805 1738 2973 1820 quod
2996 1741 3358 1818 respectum
3383 1735 3552 1798 habet

632 1825 710 1888 ad
736 1830 1055 1891 creaturas
1082 1831 1180 1890 est
1211 1827 1602 1889 necessarius
1626 1851 1702 1890 ex
1730 1828 2135 1910 hypothesi&
2153 1828 2374 1911 11681118
2392 1827 2722 1910 ponendis.
2751 1824 2858 1890 Sic
2875 1825 3048 1889 Deus
3065 1824 3422 1889 necessario
3435 1821 3552 1906 agit

630 1935 742 1996 per
760 1915 805 1978 &
823 1917 1163 1979 secundum
1181 1914 1963 1998 omnipotentiam,posit0,
1977 1917 2144 2000 quod
2161 1920 2340 1980 extra
2358 1939 2424 1980 se
2441 1916 2595 2000 quid
2611 1915 2768 1998 agit.
2788 1912 2892 1979 Sic
2909 1913 3328 1977 determinate
3347 1915 3392 1978 &
3407 1914 3551 1976 certo

630 2003 807 2065 novit
822 2003 942 2066 hoc
960 2005 1059 2068 vel
1078 2003 1236 2067 illud
1250 2002 1539 2066 futurum
1552 2005 1942 2088 contingens,
1957 2006 2165 2088 posito
2183 2027 2265 2068 sc.
2279 2006 2528 2070 decreto
2540 2026 2654 2068 suo
2667 2005 2741 2066 de
2751 2003 2864 2066 illo
2875 2001 3294 2084 contingenti.
3313 2001 3414 2064 Sic
3425 1999 3549 2063 ado-

632 2091 917 2170 rationiS,
938 2093 1120 2178 [pag.
1139 2091 1301 2175 362]
1320 2092 1365 2155 81
1382 2093 1590 2155 61111118
1608 2092 1919 2156 naturalis
1936 2094 2216 2157 officium
2231 2092 2366 2157 Deo
2385 2093 2669 2170 debetur,
2689 2115 2764 2156 ex
2782 2089 3126 2174 hypothesi
3143 2090 3280 2153 scil.
3299 2112 3408 2154 8611
3425 2109 3550 2168 sup·

630 2179 838 2261 posita
884 2185 1175 2245 creatura
1218 2179 1536 2244 rationali.
1586 2179 1688 2244 Sic
1729 2183 2084 2246 necessario
2107 2181 2283 2246 Deus
2309 2181 2608 2245 continua
2633 2179 3114 2243 manutenentia
3135 2182 3256 2242 sua
3279 2177 3480 2241 influit
3496 2174 3548 2237 in

632 2289 949 2350 quamque
966 2274 1323 2333 creaturam
1342 2291 1608 2351 eamque
1626 2268 1692 2332 in
1710 2291 1843 2333 esse
1864 2276 2209 2334 conservat:
2231 2270 2436 2353 posito
2455 2269 2587 2333 scil.
2603 2269 2770 2352 quod
2781 2267 2936 2331 velit
2949 2289 3088 2330 eam
3100 2266 3394 2330 existere.
3409 2263 3550 2328 Nam

632 2355 882 2420 sineilla
906 2357 1386 2422 manutenentia
1406 2359 1450 2422 &
1470 2357 1715 2421 influxu
1730 2363 2036 2442 perpetuo
2054 2359 2324 2422 existere
2341 2358 2584 2438 nequit,
2603 2361 2676 2421 ut
2692 2378 2807 2420 1166
2825 2356 2960 2419 81116
2977 2377 3286 2419 concursu
3300 2351 3550 2439 operati:

632 2466 773 2508 cum
800 2446 1219 2529 dependentia
1242 2450 1572 2510 creaturae
1598 2448 1635 2509 6
1659 2451 1940 2511 creatore
1973 2448 2040 2511 in
2073 2447 2375 2522 essentia3
2405 2446 2764 2521 existentia,
2794 2444 3162 2528 operatione
3193 2445 3282 2509 sit
3311 2440 3552 2509 essenti-

632 2534 771 2596 alis.
798 2532 904 2597 Sic
929 2534 1310 2619 gubernatio
1334 2536 1380 2599 81
1397 2535 1703 2617 judicium
1733 2536 1974 2618 justum
1997 2537 2349 2600 necessario
2381 2534 2686 2617 competit
2710 2533 2846 2597 Deo
2871 2533 3036 2597 circa
3061 2536 3328 2615 peccata
3357 2551 3550 2595 8661111·

633 2622 782 2684 (111111
809 2623 1158 2686 dominium
1186 2624 1353 2705 &jus
1380 2646 1566 2687 suum
1592 2623 1904 2702 naturale,
1932 2625 2138 2707 posita
2166 2625 2298 2688 scil.
2327 2628 2616 2688 creatura
2638 2621 2936 2686 rationali
2964 2622 3010 2685 81
3036 2622 3281 2703 peccati
3307 2618 3546 2704 permis-

632 2709 829 2784 sione;
848 2711 999 2794 quia
1022 2711 1375 2775 necessario
1399 2712 1683 2795 subjacet
1706 2710 1843 2777 Deo
1867 2736 2052 2777 omne
2077 2713 2386 2777 rationale
2413 2715 2526 2776 aut
2541 2712 2619 2774 ad
2637 2708 3064 2775 obedientiam
3081 2713 3196 2773 aut
3213 2710 3297 2773 ad
3313 2726 3550 2792 paenam

634 2820 749 2879 pro
789 2798 1057 2875 defectu,
1100 2801 1178 2863 ad
1216 2800 1792 2882 compensationem
1824 2802 2095 2884 injuriae
2135 2801 2456 2884 majestati
2497 2802 2543 2865 8z
2577 2798 2820 2883 gloriae
2854 2798 3057 2881 ipsius
3094 2797 3341 2861 illatae.
3382 2795 3550 2869 Haec,

637 2886 889 2968 aliaque
930 2888 993 2951 in
1039 2888 1179 2971 ipsa
1227 2889 1665 2971 Disputatione
1702 2889 2164 2971 objectionibus
2187 2913 2302 2973 pro
2329 2912 2396 2953 re
2421 2892 2573 2953 nata
2598 2892 2748 2951 tunc
2773 2886 3150 2970 applicanda
3175 2882 3549 2968 relinqueba-

636 2996 797 3037 mus·
826 2973 1012 3039 Nunc
1040 2976 1241 3040 visum
1268 2980 1365 3040 est
1388 2977 1453 3040 in
1478 2978 1709 3042 iterata
1734 2978 2008 3042 editione
2021 2979 2210 3061 hujus
2236 2978 2394 3061 disp.
2419 2976 2698 3041 breviter
2712 2975 3094 3060 objectiones
3111 2976 3158 3039 81
3176 2972 3548 3058 exceptiones

635 3062 1010 3145 praecipuas
1056 3065 1505 3148 perstringere.
1558 3066 1838 3141 Quarum
1878 3065 1929 3131 Ι.
1973 3066 2408 3131 Misericordia
2439 3069 2536 3129 est
2575 3064 2957 3127 attributum
2997 3061 3119 3125 Dei
3163 3060 3490 3126 essentiale
3515 3058 3549 3121 ἃ

636 3152 1060 3216 necessarium
1084 3177 1098 3227 ;
1140 3154 1553 3218 nihilominus
1574 3177 1866 3239 egressus
1890 3179 1999 3220 seu
2027 3154 2398 3219 exercitium
2425 3154 2558 3237 ejus
2584 3156 2681 3216 est
2704 3152 2976 3216 liberum
3003 3174 3018 3225 3
3045 3150 3386 3214 miseretur
3405 3146 3548 3213 enim

635 3238 809 3304 Deus
850 3263 1115 3322 quorum
1154 3242 1293 3306 vult
1328 3243 1503 3308 Rom.
1546 3244 1605 3307 9.
1644 3244 1821 3328 Ergo
1863 3267 1977 3327 par
2019 3248 2116 3308 est
2162 3244 2327 3307 ratio
2350 3240 2641 3326 justitiae
2673 3240 3020 3324 punitivae.
3070 3240 3142 3304 R.
3175 3238 3330 3324 Ney.
3353 3256 3548 3302 conse-

635 3329 899 3413 quentia
922 3330 1002 3393 ab
1022 3352 1283 3415 egressu
1308 3332 1661 3396 necessario
1686 3338 1797 3395 aut
1811 3332 2011 3396 libero
2023 3332 2232 3409 unius,
2247 3332 2326 3395 ad
2338 3352 2664 3415 egressum
2678 3328 2961 3392 alterius.
2981 3326 3172 3391 Ratio
3189 3322 3549 3411 imparitatis

618 3422 753 3497 nest,
787 3420 955 3501 quod
987 3417 1161 3482 Deus
1204 3419 1443 3482 nemini
1468 3420 1813 3503 obligatur,
1849 3420 2092 3484 nemini
2118 3420 2466 3504 quidquam
2491 3417 2700 3496 debet,
2733 3418 3000 3484 Roman.
3031 3417 3130 3479 11.
3159 3416 3265 3478 33.
3293 3420 3356 3479 4.
3381 3416 3552 3479 Luem

642 3507 743 3571 17.
794 3508 896 3571 10.
921 3506 1063 3571 1(160
1088 3507 1426 3571 miseretur
1450 3513 1562 3572 aut
1586 3531 1711 3573 non
1734 3509 2074 3573 miseretur
2095 3531 2210 3591 pro
2236 3508 2438 3572 libero
2463 3529 2576 3570 suo
2607 3505 3019 3589 beneplacito·
3053 3502 3177 3568 Sed
3199 3503 3393 3567 homo
3413 3497 3550 3563 obli-

636 3599 829 3679 gatur
851 3594 1007 3672 Deo,
1035 3596 1115 3658 ad
1139 3595 1595 3678 subjectionem
1618 3598 1664 3661 81
1690 3597 2136 3674 obedientiam,
2162 3601 2274 3660 aut
2296 3596 2376 3659 ad
2401 3594 2701 3658 vicariam
2725 3592 3304 3677 compensationem
3329 3612 3435 3675 per
3461 3588 3548 3651 (16-

640 3684 837 3747 bitam
878 3706 1174 3767 poenam.
1215 3682 1365 3747 Ideo
1404 3686 1759 3749 necessario
1799 3690 1912 3749 aut
1947 3684 2227 3749 debitam
2259 3683 2684 3747 obedientiam
2723 3681 2862 3746 Deo
2892 3684 3198 3763 praestat,
3239 3684 3354 3745 aut
3381 3683 3418 3743 a
3439 3675 3550 3739 Deo

638 3772 920 3854 punitur,
964 3795 1092 3835 non
1132 3794 1281 3835 vero
1328 3771 1548 3851 libere,
1606 3774 2076 3858 (antecedenter
2123 3773 2287 3853 scil.)
2314 3769 2400 3836 ΙΙ.
2425 3769 2496 3835 Si
2518 3772 2586 3833 in
2611 3769 2974 3834 obedientia
2995 3768 3272 3833 hominis
3297 3769 3449 3832 citra
3468 3764 3548 3826 in-

636 3864 997 3924 terventum
1043 3860 1516 3925 constitutionis
1562 3883 1673 3925 8611
1704 3861 1943 3925 liberae
1993 3861 2338 3925 voluntatis
2379 3859 2628 3922 divinae
2652 3859 3004 3922 necessario
3029 3860 3075 3923 &
3103 3880 3180 3920 ex
3202 3853 3548 3920 necessitate

638 3952 905 4013 naturae
938 3948 1189 4012 divinae
1221 3952 1502 4012 meretur
1544 3971 1833 4032 poenam,
1874 3970 2027 4034 ergo
2067 3948 2426 4013 obedientia
2450 3947 2594 4029 pari
2623 3946 2868 4010 ratione
2893 3950 3176 4009 meretur
3203 3942 3544 4027 praemium-

642 4038 713 4103 R.
758 4036 906 4123 Neq.
948 4037 1419 4119 consequentia.
1461 4035 1653 4101 Ratio
1684 4038 2076 4120 disparitatis
2117 4060 2194 4101 611
2233 4036 2548 4100 8611111066
2587 4034 3020 4117 praecedentis
3069 4030 3425 4115 argumenti
3446 4028 3546 4091 huc-

638 4124 1011 4208 applicetur.
1066 4122 1184 4188 III.
1240 4123 1627 4207 Sequeretur
1671 4126 1880 4190 Deum
1942 4126 2021 4190 ad
2076 4129 2255 4189 extra
2279 4124 2524 4207 operati
2556 4145 2634 4186 ex
2657 4122 3030 4187 necessitate
3055 4126 3356 4197 naturae3
3407 4110 3544 4201 quod

637 4212 1185 4277 absurdissimum.
1236 4214 1309 4278 R.
1361 4214 1505 4298 Ney.
1553 4215 1766 4279 ‘enine-r
1812 4236 1957 4278 cum
1999 4214 2420 4278 distinctione.
2483 4210 2658 4275 Deus
2711 4234 2852 4275 cum
2886 4212 2965 4274 ad
2995 4214 3176 4275 extra
3201 4210 3392 4275 libere
3421 4224 3544 4287 ope-

636 4306 836 4378 ratur,
890 4301 1246 4365 necessario
1295 4301 1508 4364 divino
1562 4304 1745 4367 modo
1799 4304 1845 4367 &
1892 4301 2336 4366 convenienter
2375 4323 2524 4363 suae
2553 4303 2816 4363 naturae
2841 4304 3158 4386 operatur,
3183 4320 3262 4361 ex
3299 4319 3392 4382 gr.
3427 4309 3542 4356 cum

636 4390 837 4455 libere
890 4390 1182 4474 producit
1228 4390 1397 4453 hunc
1450 4394 1563 4453 aut
1614 4390 1811 4455 istum
1859 4390 2202 4469 hominem,
2250 4390 2677 4453 necessarium
2730 4392 2828 4451 est
2867 4391 2939 4451 ut
2981 4388 3290 4471 producat
3334 4382 3540 4449 ratione

3389 4486 3543 4556 prae·

3660 3726 3665 3879 l
