3694 4871
605 301 690 365 54
1213 295 2964 363 stp.111.DnJunszusz-mmnm.

695 485 765 556 2.
795 486 898 552 An
917 505 1074 569 prae
1084 485 1234 568 jure
1259 485 1565 559 Romam,
1597 481 1766 567 quod
1795 501 1913 546 nos
1942 481 2357 546 communiter
2392 481 2457 548 ἃ·
2480 484 2546 548 in
2571 481 2863 548 omnibus
2892 481 3139 558 obtinet,
3162 479 3271 546 ubi
3298 483 3441 546 scil.
3468 501 3571 562 per

607 576 898 661 specialia
939 573 1001 640 ἃ·
1029 573 1298 657 propria
1341 583 1576 638 statuta
1605 591 1738 634 non
1775 570 2138 654 abroqatur,
2182 568 2469 658 quodque
2514 573 2727 637 naevis
2773 572 2911 636 suis
2950 592 3083 635 non
3108 591 3317 635 carere
3340 569 3571 635 dicitur

613 665 789 747 (dato
805 665 938 740 hoc,
965 663 1254 748 inquam,
1281 681 1414 726 non
1445 680 1744 738 concesso,
1771 679 1971 744 neque
1998 659 2169 722 enim
2192 657 2307 723 hoc
2326 681 2477 746 aqer
2498 673 2710 726 noster
2730 659 2869 744 est,)
2892 661 3025 724 vim
3050 659 3201 743 leqis
3226 658 3455 724 habere
3476 659 3567 722 de·

611 755 791 819 beat?
839 751 1010 834 Neg.

699 840 768 910 3.
821 840 925 907 An
971 841 1057 905 ad
1097 840 1440 904 minimum
1479 838 1746 903 obtineat
1769 849 1880 902 aut
1901 840 2199 922 perpetuo
2225 837 2497 904 obtinere
2520 839 2728 904 debeat
2750 839 2879 903 vim
2908 839 3057 922 leyis
3082 839 3151 902 in
3165 837 3435 920 judiciis
3458 838 3567 900 cri-

609 930 951 997 minalibus
991 939 1100 994 aut
1146 930 1364 994 saltem
1387 929 1457 993 in
1484 927 1702 1012 poenis
1725 925 2115 1009 capitalibus,
2142 927 2237 990 uti
2256 928 2535 1011 disputat
2560 927 2847 992 Piscator
2868 928 2934 991 in
2968 926 3246 1011 praefat.
3291 926 3375 988 ad
3404 947 3564 989 com-

614 1024 812 1085 ment.
841 1019 906 1082 in
931 1017 1320 1088 Leviticumz
1371 1037 1555 1102 quem
1577 1016 1878 1080 nonnulli
1900 1026 2270 1099 sequuntur,
2296 1017 2457 1082 inter
2479 1038 2635 1103 quos
2658 1015 2983 1099 Zepperus
3005 1015 3073 1078 in
3100 1014 3331 1098 explic.
3358 1014 3563 1096 legum
3659 1045 3662 1110 ἰ

613 1105 1226 1259 ΡοτείιέεἰιιωΝΜοείε,
1274 1105 1337 1170 ‹9c
1375 1103 1734 1169 Maccovius
1757 1103 1822 1167 in
1850 1103 2085 1186 disput.
2112 1101 2421 1190 Theolog.
2448 1109 2599 1170 bom.
2628 1107 2689 1168 2.
2716 1125 2823 1170 seu
2848 1104 3039 1170 locor.
3066 1125 3385 1168 commun.
3416 1103 3562 1186 disp.
3659 1119 3662 1218 Ξ

623 1197 728 1265 14.
815 1219 881 1260 es
934 1244 947 1260 .
1039 1217 1074 1258 e
1127 1244 1141 1258 .
3660 1229 3662 1260 3

699 1283 770 1355 4.
819 1219 926 1350 Aila)
955 1216 1189 1367 opific»,
1224 1304 1384 1370 quae
1410 1283 1497 1350 vel
1535 1283 1605 1346 in
1631 1293 1830 1347 totum
1854 1283 1948 1346 vel
1976 1302 2053 1345 ea:
2078 1293 2260 1365 parte
2278 1283 2393 1366 jus
2419 1284 2532 1348 hoc
2554 1285 2799 1366 forense
2820 1285 2947 1347 vim
2984 1283 3138 1366 leqis
3162 1293 3494 1366 perpetuae
3512 1279 3565 1346 ἃ

620 1375 972 1441 communis
1017 1372 1244 1458 ubique
1268 1373 1539 1436 obtinere
1559 1372 1720 1448 vetit,
1745 1371 1897 1435 satis
1920 1371 2242 1436 conveniat
2266 1393 2411 1437 cum
2434 1373 2719 1440 doctrina
2745 1372 2821 1436 dc
2842 1383 3011 1436 statu
3032 1371 3262 1456 populi
3283 1370 3399 1436 sub
3424 1372 3564 1435 Noc.

627 1467 893 1530 Testam.
925 1461 988 1527 ἃ
1011 1462 1088 1526 de
1117 1461 1386 1528 libertate
1415 1460 1822 1528 Christiana?
1868 1457 2035 1543 Neg.

707 1550 774 1620 5.
824 1554 926 1617 An
973 1571 1104 1615 non
1131 1549 1254 1616 dici
1275 1550 1470 1635 possit
1493 1550 1622 1614 vim
1653 1549 1802 1632 le9is
1831 1547 2089 1624 haberc;
2126 1551 2275 1634 quia
2306 1545 2369 1616 oe
2390 1562 2701 1636 quatenus
2716 1549 2967 1633 judicia
3004 1549 3426 1616 tribunalium
3458 1567 3561 1610 no·
3659 1503 3662 1658 Ι

617 1654 898 1708 stroium
936 1640 1016 1703 in·
1055 1639 1154 1704 his
1185 1651 1298 1705 aut
1337 1640 1463 1704 illis
1509 1639 1736 1713 causis,
1764 1636 1937 1725 quod
1957 1638 2043 1702 ad
2065 1640 2389 1704 materiam
2423 1637 2487 1704 ἃ
2509 1660 2642 1703 rem
2668 1640 2895 1723 ipsam,
2920 1659 3067 1703 eum
3090 1659 3161 1703 eo
3184 1638 3561 1710 emiueniunt,
3660 1663 3662 1670 ·

619 1742 732 1797 aut
777 1729 966 1793 etiam
1021 1728 1204 1794 libere
1247 1729 1577 1793 modulum
1629 1724 1693 1791 st
1735 1727 2089 1810 exemplum
2115 1729 2247 1812 eJ'us
2270 1729 2535 1794 subinde
2556 1739 2928 1814 sequuntur,
2960 1740 3146 1812 atque
3168 1727 3257 1792 ad
3281 1726 3441 1792 illud
3456 1743 3562 1809 pro
3657 1677 3662 1852 ¹

619 1813 879 1884 arbitrio
921 1837 1038 1882 suo
1079 1819 1417 1882 sententias
1453 1837 1606 1881 suas
1645 1815 2034 1902 efformavit?
2078 1813 2271 1900 Resp.
2318 1818 2389 1883 Si
2417 1819 2559 1902 quis
2590 1839 2733 1882 cum
2774 1817 2861 1880 ita
2882 1817 3187 1902 loquitur,
3213 1813 3563 1880 nibilalitui
3660 1853 3662 1890 ,

623 1907 885 1993 intelliqi
927 1907 1068 1971 velit
1085 1928 1109 1982 ;
1153 1905 1230 1972 ab
1273 1927 1484 1972 errore
1531 1918 1748 1970 contra
1781 1904 2150 1988 theoloyiam
2174 1907 2249 1970 de
2272 1907 2545 1971 libertate
2576 1905 2937 1972 Christiana
2966 1927 3031 1970 se
3061 1906 3314 1991 quidem
3341 1904 3559 1978 liberat,
3659 1895 3662 2000 1

525 2063 528 2066 ,
623 2019 754 2062 non
781 2007 986 2060 tamen
1011 1993 1086 2060 ab
1113 1993 1466 2072 ἂκυρολσγίᾳ
1488 2015 1598 2060 seu
1623 1994 1926 2060 locutione
1947 1993 2291 2060 admodum
2319 1995 2671 2079 impropria
2702 1995 2764 2061 ἃ·
2786 1995 3245 2072 catachrestica,
3270 2015 3350 2058 ne
3370 1993 3558 2058 dicam
3659 2039 3662 2092 Ι

621 2089 662 2150 ὰ
698 2084 1198 2151 contradictione.

715 2172 786 2242 6.
833 2173 934 2239 Αη
981 2173 1106 2238 dici
1149 2172 1364 2256 possit,
1409 2173 1540 2236 vim
1575 2172 1724 2255 leqis
1770 2169 2005 2249 habere,
2043 2173 2299 2258 quando
2344 2172 2407 2237 ἃ·
2426 2184 2649 2259 quaten
2659 2193 2733 2238 us
2755 2173 2902 2238 haec
2930 2186 3041 2238 aut
3066 2173 3187 2237 ista
3213 2169 3561 2254 Respublim

623 2274 868 2349 partem
918 2261 1202 2347 aliquam
1227 2272 1342 2324 aut
1369 2262 1524 2345 leqes
1547 2261 1786 2346 aliquot
1810 2281 1886 2324 ατ
1908 2281 1974 2325 eo
1997 2261 2261 2344 decerpit
2285 2260 2347 2327 a·
2364 2282 2483 2344 pro
2506 2263 2633 2346 lc9e
2654 2262 2872 2338 sancit,
2906 2282 3070 2346 quae
3091 2261 3445 2327 contineant
3464 2267 3561 2320 aut

626 2373 866 2417 meram
895 2351 1316 2435 repetitionem
1346 2347 1409 2414 ἃ·
1431 2349 1909 2433 applicationem
1920 2351 2097 2434 juris
2117 2351 2435 2415 naturalis
2460 2351 2522 2417 ἃ·
2545 2351 2747 2416 divini
2758 2351 3041 2428 moralis,
3058 2362 3172 2415 aut
3189 2352 3371 2414 talem
3386 2348 3558 2413 deter-

623 2442 1055 2518 minationem,
1097 2460 1258 2524 quae
1287 2458 1430 2505 cum
1443 2440 1595 2521 jure
1617 2438 1830 2503 divino
1862 2438 1925 2504 ἃ·
1954 2440 2240 2504 naturali
2260 2460 2392 2504 non
2418 2452 2666 2506 tantum
2686 2440 3027 2515 con-veniat,
3056 2440 3165 2505 sed
3186 2439 3367 2503 etiam
3390 2456 3559 2522 proe-

625 2530 785 2595 senti
815 2528 1008 2594 statui
1053 2526 1114 2594 a·
1160 2528 1457 2611 reqimini
1504 2528 1685 2592 istius
1725 2528 1955 2612 populi
1998 2528 2275 2593 maxime
2320 2530 2783 2594 accommodata
2792 2528 3160 2613 judicetur?
3204 2528 3383 2614 [paq.
3408 2522 3555 2608 378]

626 2617 821 2700 Resp.
843 2617 1035 2694 Idem,
1054 2615 1221 2700 quod
1237 2636 1456 2699 supra.
1477 2617 1618 2683 Non
1629 2617 1834 2701 maqis
1850 2617 2017 2681 enim
2034 2617 2151 2682 sub
2164 2618 2276 2682 isto
2292 2619 2505 2700 sorneu
2514 2618 2559 2683 li
2575 2618 2693 2683 dus
2712 2620 3052 2683 Mosaicum
3068 2618 3199 2682 vim
3216 2617 3365 2701 leyis
3380 2614 3557 2688 babet,

534 2712 542 2721 '
628 2727 821 2790 quam
867 2706 981 2770 Jus
1012 2705 1455 2787 Anqlicanum,
1493 2703 1945 2789 Norwcqicum,
1988 2706 2336 2780 Russicum,
2382 2708 2725 2784 Persicum,
2784 2706 3116 2773 Tureicum
3169 2704 3279 2770 stc.
3313 2726 3424 2769 nec
3440 2722 3557 2767 non

627 2795 792 2859 dicta
810 2794 1354 2878 philosophorum,
1379 2814 1680 2879 responsa
1710 2792 1772 2859 ti
1795 2795 2054 2859 consilia
2076 2795 2465 2877 prudentum
2488 2797 2614 2860 sivc
2636 2796 3247 2861 Iurisconsultorum
3270 2794 3397 2858 sive
3420 2791 3557 2859 The-

629 2884 957 2967 oloqorum
1009 2878 1070 2946 ἃ·
1114 2882 1571 2955 Casuistarum‚
1617 2883 1935 2966 imprimis
1973 2883 2384 2969 synodorum,
2416 2896 2529 2949 aut
2551 2884 2925 2967 facultatum
2963 2884 3463 2967 theoloqicarum,
3482 2876 3557 2943 ad

631 2972 778 3035 haec
815 2970 1146 3035 decisiones
1195 2972 1498 3036 Botorum
1527 2972 1846 3053 Neapolit.‚
1874 2972 2195 3037 Romanae
2232 2971 2341 3037 stc.
2369 2974 2627 3038 Arresta
2650 2974 2999 3050 curiarum,
3029 2972 3377 3046 Pariensis,
3420 2968 3554 3035 m»-

632 3060 924 3125 olosanae
945 3058 1058 3125 ac.
1085 3080 1363 3124 camerae
1385 3059 1699 3142 Spirensis
1722 3058 1833 3125 ac.
1858 3059 2216 3146 ubicunque
2237 3083 2381 3126 cum
2393 3064 2545 3145 jure
2566 3063 2779 3127 divino
2804 3061 2866 3127 ἃ·
2888 3063 3207 3127 naturalis
3227 3059 3415 3145 probe
3432 3078 3555 3122 wn-

631 3149 924 3221 sentiunt‚
969 3159 1081 3213 aut
1103 3148 1384 3212 moribus
1418 3146 1480 3213 ἃ·
1509 3149 1703 3213 statui
1731 3160 1946 3213 nostro
1972 3170 2127 3233 prae
2148 3150 2291 3216 aliis
2310 3150 2569 3234 juribus
2590 3151 3165 3216 accomodatissima
3174 3150 3553 3235 judicantur.

725 3234 793 3306 7.
844 3240 946 3303 An·
991 3257 1133 3320 erqo
1179 3238 1358 3321 paris
1404 3237 1757 3303 autoritatis
1803 3238 1884 3302 sit
1908 3238 2441 3324 quodcunquejus
2464 3253 2852 3315 extraneum,
2878 3240 3048 3325 quod
3068 3241 3198 3304 vim
3223 3239 3372 3323 quis
3398 3232 3555 3319 apud
3657 3248 3662 3331 Α

633 3348 748 3392 nos
787 3346 920 3391 non
949 3326 1148 3403 habet,
1189 3346 1332 3391 cum
1349 3326 1500 3409 jure
1526 3326 1836 3407 Mosaico?
1882 3324 2076 3409 Resp.
2130 3328 2538 3393 Materealiter
2582 3350 2691 3395 seu
2712 3330 2783 3392 in
2812 3348 3031 3413 qenere
3060 3328 3376 3393 doctrinae
3394 3324 3453 3391 ἃ·
3472 3322 3554 3387 di·
3659 3336 3662 3397 1

633 3416 932 3499 sciplinae
953 3412 1017 3479 ἃ·
1030 3426 1486 3499 consequenter,
1512 3415 1581 3478 in
1602 3434 1819 3497 qenere
1841 3416 2086 3481 moduli
2106 3437 2180 3481 ae
2200 3418 2483 3500 exempli,
2507 3417 2593 3481 ad
2613 3418 2781 3502 quod
2810 3429 2920 3482 aut
2944 3417 3203 3481 identice
3220 3428 3335 3481 aut
3355 3413 3553 3479 analo-
3659 3414 3662 3505 j

633 3506 760 3588 qice
785 3506 940 3589 leqes
962 3504 1146 3568 condi
1165 3504 1427 3587 possint.
1453 3501 1623 3586 Neg.
1647 3514 1732 3567 est
1754 3504 1925 3567 enim
1950 3504 2200 3569 divinae
2217 3506 2616 3589 perfectionis
2638 3504 2700 3572 ἃ·
2722 3507 3095 3571 autoritatis.
3122 3506 3246 3570 Sed
3270 3506 3339 3569 in
3359 3518 3554 3587 qenere

635 3594 780 3679 leqis
811 3594 940 3677 qua
975 3593 1114 3657 talis
1145 3612 1255 3655 seu
1293 3591 1645 3676 formaliter
1681 3592 1768 3655 ita
1808 3592 2019 3657 dictae.
2054 3591 2183 3658 Aff.
2236 3594 2443 3680 Neque
2488 3596 2657 3659 enim
2696 3594 2869 3659 Deus
2886 3594 3146 3678 positive
3167 3593 3371 3678 maqis
3391 3608 3551 3675 prae-

635 3682 878 3765 scripsit
900 3702 948 3745 e.
972 3702 1070 3765 qr.
1089 3678 1486 3763 Reipublicae
1507 3691 1776 3757 nostrae,
1801 3682 1916 3746 lus
1942 3682 2305 3758 Mosaicum,
2331 3704 2525 3767 quam
2539 3684 2982 3766 Anqlicanum,
3000 3694 3111 3749 aut
3126 3681 3547 3765 Nonoeyicum.

729 3766 800 3836 8.
845 3768 950 3834 An
984 3769 1450 3853 praejudicium
1473 3768 1807 3851 adseratur
1837 3770 2121 3849 libertati,
2164 3769 2226 3836 ἃ·
2243 3772 2548 3855 potestati,
2582 3773 2778 3857 Reip.,
2802 3771 2909 3837 ubi.
2930 3772 3156 3836 obtinet
3188 3771 3311 3837 Jus
3342 3769 3554 3836 Roma·
3659 3774 3662 3817 ἓ

639 3878 819 3935 num,
843 3870 955 3921 aut
977 3858 1420 3941 Anqlicanum,
1445 3868 1557 3921 aut
1581 3857 1997 3943 quodcunque
2018 3860 2198 3925 aliud
2218 3860 2527 3943 sapiente-r
2547 3860 2975 3938 constitutum,
3007 3859 3069 3925 ἑὲ
3090 3859 3375 3924 moribus
3394 3855 3553 3921 isti-us
3659 3886 3662 3965 1

638 3946 860 4029 populi
881 3946 1559 4010 accomodatissimum:
1582 3944 1640 4009 si
1669 3946 1876 4010 instar
1897 3948 2203 4033 doqmatis
2227 3949 2541 4032 theoloqici
2566 3947 2628 4013 ἃ·
2650 3969 2833 4014 casus
2855 3948 3257 4014 eonscientiae
3279 3944 3549 4029 defenda-
3659 3970 3662 4041 ἰ

642 4045 766 4107 tur,
797 4033 912 4097 Jus
935 4034 1180 4116 forense
1206 4034 1548 4098 Mosaicum
1570 4046 1869 4118 perpetuo
1892 4036 2131 4113 habere,
2156 4048 2267 4102 aut
2290 4036 2502 4101 debere
2522 4037 2743 4102 habere
2762 4038 2894 4102 vim
2916 4038 3061 4123 leqis
3080 4037 3112 4100 ?
3138 4035 3263 4100 Aff.

733 4116 802 4186 9.
851 4120 958 4184 An
1002 4122 1154 4205 quia
1200 4122 1349 4187 ICC.
1405 4123 1606 4187 nostri
1643 4123 1962 4202 eximiam,
2007 4138 2119 4190 aut
2150 4128 2367 4191 saltem
2392 4126 2671 4211 aliquam
2692 4126 3099 4211 coqnitionem
3122 4124 3241 4189 sibi
3260 4122 3551 4209 amuis-eie
3657 4066 3662 4209 1

643 4207 856 4271 debent
897 4208 1077 4271 duris
1124 4209 1392 4291 forensis
1439 4210 1712 4289 Mosaici,
1761 4211 2041 4298 illudque
2092 4214 2161 4278 in
2206 4214 2481 4279 consiliis
2502 4215 2847 4300 aliquando
2868 4215 3003 4279 suis
3026 4216 3311 4298 alleqant,
3340 4210 3401 4276 ἃ·
3420 4207 3550 4294 quia
3660 4220 3662 4257 ἓ

647 4294 990 4361 tribunalia
1013 4308 1228 4360 nostra
1251 4299 1650 4376 conformiter
1673 4300 1766 4364 illi
1774 4301 1921 4383 juri
1925 4302 2236 4385 judicant,
2262 4304 2739 4389 quotiescunque
2762 4304 2847 4367 ita
2868 4322 2997 4367 usu
3018 4302 3271 4378 venerit,
3296 4300 3438 4385 quia
3459 4296 3547 4360 de-

647 4384 836 4468 nique
858 4383 1220 4466 Respublica
1234 4398 1480 4468 partem
1503 4399 1612 4452 aut
1631 4400 1844 4473 partes
1866 4390 1999 4473 ejus
2022 4391 2258 4476 aliquot
2275 4392 2345 4456 in
2367 4394 2557 4477 leyem
2580 4391 2797 4471 sancit,
2830 4402 2941 4457 aut
2963 4390 3207 4457 sancire
3222 4399 3429 4473 potest,
3456 4402 3547 4456 cm,

3291 4496 3545 4561 mquam,
