3694 4871
915 290 2275 360 Disr.X.DsRaeannnA·r10N1-:.
2926 294 3053 356 297

153 482 328 561 atque
365 478 514 541 adeo
537 478 842 544 excitatio
865 480 1066 545 nostri
1093 481 1292 563 ipsius
1319 502 1464 544 cum
1489 482 1535 546 ἃ
1567 480 1684 545 sub
1719 481 1935 545 divina
1958 481 2322 545 exitatione.
2370 480 2467 543 De
2492 484 2619 564 qua
2642 481 2707 545 in
2738 478 3048 543 Ascetica.

155 565 256 630 111.
304 566 758 648 Auginentatio
808 569 988 653 [pag.
1037 569 1200 653 466]
1245 574 1384 633 tum
1433 573 1686 635 actuum
1723 575 1858 632 tum
1894 569 2230 634 habituum
2257 569 2585 634 intensive.
2616 568 2827 635 Probe.
2860 569 2915 631 1.
2946 569 3045 632 An

150 654 392 719 habitus
422 655 516 719 illi
541 660 901 739 augeantur
925 678 1040 740 per
1074 658 1371 733 actioneS,
1399 681 1480 723 an
1513 680 1660 722 vero
1688 680 1801 740 per
1833 658 2211 723 infusionem
2247 681 2355 723 seu
2409 658 2887 741 impressionem
2936 680 3050 720 au-

150 744 398 827 gmenti.
426 746 608 829 Ile-sp.
637 748 684 812 A
700 750 770 832 ff.
801 767 903 831 pr.
933 746 1146 812 Probi.
1181 746 1266 810 II.
1295 746 1395 809 An
1423 769 1575 828 ergo
1600 746 1860 812 habitus
1884 746 2002 823 illi,
2029 768 2142 811 seu
2166 748 2509 829 qualitates
2533 746 2895 830 spirituales
2927 745 3056 809 sint

155 832 505 915 acquisitae,
549 856 630 896 an
658 856 804 899 vero
835 834 1084 899 infusae
1116 835 1430 899 dicendae.
1470 838 1648 919 Resp.
1699 836 1865 917 quod
1898 836 1976 899 ad
2002 834 2363 914 essentiam,
2395 836 2687 913 formam,
2714 836 2759 899 δι
2784 834 3053 917 speciem

149 942 334 995 suam,
385 924 576 1004 atque
608 924 763 986 adeo
799 923 1072 1005 primum
1099 924 1196 989 sui
1221 946 1358 987 esse
1383 925 1635 1008 proprie
1661 929 1808 988 sunt
1831 924 2114 988 infusae:
2143 926 2310 1007 quod
2336 926 2412 989 ad
2445 925 2679 1008 gradus
2713 946 2821 988 seu
2849 923 3053 985 incre-

149 1014 368 1085 menta,
393 1011 763 1093 acquisitae.
793 1010 910 1075 IV.
943 1010 1111 1075 Hinc
1135 1014 1530 1077 confirmatio
1555 1014 1700 1076 novi
1726 1012 2004 1076 hominis
2026 1036 2039 1087 3
2068 1013 2167 1077 cui
2196 1017 2233 1076 a
2256 1018 2438 1097 parte
2472 1018 2689 1078 nostra
2714 1035 2823 1076 seu
2842 1012 3051 1094 potius

151 1102 184 1161 ξι
205 1104 376 1181 parte
401 1099 665 1164 effectus
690 1102 1048 1183 respondet,
1073 1101 1269 1165 robur
1291 1100 1336 1165 ἃ·
1359 1100 1668 1165 fortitudo
1694 1103 1850 1185 ejus.
1879 1101 2055 1176 Quae
2080 1102 2367 1167 terminis
2384 1102 2521 1177 viri,
2544 1102 2747 1165 virilis
2766 1100 2992 1165 aetatis
3010 1102 3053 1165 δι

149 1192 416 1252 staturae
463 1189 783 1271 perfectae
816 1191 914 1255 Sic.
945 1189 1012 1252 in
1037 1190 1368 1273 scripturis
1393 1190 1746 1255 denotatur.
1774 1189 1859 1255 V.
1883 1188 2271 1255 Instauratio
2296 1214 2402 1254 seu
2439 1190 2792 1263 restitutio:
2818 1191 2884 1252 in
2908 1211 3055 1252 casu

151 1276 370 1358 lapsus,
398 1282 510 1340 aut
534 1278 870 1342 diuturnae
897 1278 1368 1342 consuetudinis
1393 1278 1458 1341 in
1485 1278 1700 1361 aliquo
1725 1282 2001 1362 peccato,
2030 1282 2143 1344 aut
2158 1280 2469 1344 recidivae
2494 1278 2867 1363 spiritualis;
2895 1299 2931 1359 q
2944 1300 3058 1341 uae

151 1365 338 1429 altera
373 1366 559 1447 quasi
592 1366 990 1451 regeneratio
1014 1366 1060 1432 δι
1087 1367 1416 1450 speciatim
1451 1368 1776 1431 renovatio
1807 1368 1931 1431 dici
1956 1372 2167 1451 potest
2196 1370 2395 1433 Gala-l.
2426 1369 2487 1431 4.
2514 1390 2568 1431 υ.
2602 1366 2703 1430 19.
2731 1369 2789 1430 2.
2823 1366 3057 1430 Cori‘nt.

151 1456 204 1515 2.
233 1454 289 1517 7.
313 1455 375 1518 8.
409 1453 758 1519 Problema.
787 1454 836 1519 I.
873 1454 976 1518 An
1002 1454 1260 1518 habitus
1287 1457 1352 1519 in
1378 1455 1493 1519 tali
1520 1478 1666 1519 casu
1691 1457 2013 1520 imminuti
2041 1458 2297 1535 fuerint,
2325 1479 2403 1520 an
2432 1479 2579 1521 vero
2604 1459 2782 1520 actus
2806 1459 3057 1518 tantum

149 1541 478 1625 impediti?
533 1547 682 1606 ante
729 1566 927 1608 annos
977 1543 1324 1608 octodecim
1372 1545 1436 1608 in
1478 1546 1527 1611 A
1542 1550 1610 1631 ss.
1640 1544 1880 1613 Ρο3Ιεν.
1908 1545 2371 1609 inclinabamus
2396 1548 2441 1611 ἃ
2474 1544 2906 1609 cavillationes
2931 1540 3059 1605 Re-

151 1631 582 1695 monstrantici
615 1632 1006 1697 tenebrionis
1031 1636 1250 1696 contra
1278 1632 1442 1696 hanc
1467 1633 1877 1697 assertionem
1926 1638 2207 1698 nostram
2250 1634 2663 1698 abstersimus
2689 1634 2755 1696 in
2792 1632 3063 1698 Thersite

151 1720 872 1785 lleauemnimnrumeno.
920 1720 1058 1785 Nec
1082 1720 1418 1804 quisquam
1444 1744 1518 1785 ex
1547 1722 1985 1805 praestantis&
2010 1722 2349 1807 theologiS,
2374 1724 2483 1805 qui
2509 1723 2815 1805 scriptum
2838 1719 2999 1784 illud
3024 1722 3061 1783 Ξι

151 1832 208 1869 se
233 1808 466 1871 lectum
491 1807 696 1872 literis
721 1809 852 1873 suis
877 1809 954 1872 ad
989 1832 1088 1873 me
1113 1809 1277 1873 datis
1305 1810 1674 1892 probarunt,
1701 1810 2047 1893 quidquam
2071 1812 2441 1875 heterodoxi
2488 1812 2553 1875 in
2580 1833 2653 1875 eo
2680 1810 2855 1873 vidit.
2906 1806 3063 1873 Pro·

149 1894 328 1961 blcma
358 1894 444 1960 II.
493 1896 599 1960 An
638 1896 896 1961 habitus
951 1898 1341 1961 instauretur
1384 1921 1498 1981 per
1549 1898 1929 1963 infusionem
1980 1923 2089 1963 seu
2141 1901 2599 1983 appositionem
2662 1899 2895 1984 gradus
2950 1900 3063 1960 aut

150 1984 486 2069 augmenti,
535 2008 698 2068 quae
744 1986 934 2049 simul
982 1990 1027 2053 δι
1074 1986 1268 2049 semel
1315 1987 1430 2049 fiat
1459 2009 1572 2069 per
1595 1986 1816 2070 praxin
1845 1993 2183 2053 renovatae
2208 1989 2421 2055 fidei&
2446 1988 2949 2071 resipiscentiam
2979 2008 3061 2048 an

153 2095 286 2137 vero
313 2074 626 2158 paulatim
652 2076 697 2138 δι
723 2075 1070 2139 successive
1097 2097 1209 2158 per
1240 2076 1491 2139 crebras
1519 2098 1590 2139 ac
1614 2076 1917 2158 repetitas
1951 2077 2250 2141 actiones.
2296 2076 2409 2142 VI.
2450 2075 2924 2141 consummatio
2949 2095 3060 2137 seu

153 2162 444 2243 perfectio
471 2162 700 2226 ultima
723 2163 786 2225 in
815 2164 940 2227 fine
964 2164 1153 2227 vitae.
1203 2162 1370 2227 Hinc
1395 2186 1564 2227 mors
1590 2164 1820 2229 dicitur
1843 2166 2081 2247 peccati
2118 2165 2416 2239 aboliti03
2446 2168 2481 2228 Ξι
2512 2165 2817 2230 Came-hesi
2847 2174 3061 2227 nostra

149 2264 368 2335 quaese.
420 2251 503 2313 42
575 2252 887 2335 quomodo
936 2252 1266 2336 generatio
1311 2252 1498 2316 unius
1531 2252 1762 2316 dicitur
1785 2253 2106 2337 corruptio
2132 2253 2413 2318 alterius.
2462 2254 2581 2317 Est
2606 2253 2773 2316 enim
2799 2250 3062 2315 abolitio

151 2340 376 2421 peccati
403 2362 792 2423 consequens
817 2339 1040 2403 mortis
1067 2340 1130 2403 in
1155 2340 1421 2404 instanti
1455 2345 1753 2415 naturae3
1793 2342 2220 2406 concomitans
2247 2346 2460 2405 autem
2486 2365 2595 2406 seu
2621 2362 2969 2406 connexum
2996 2339 3059 2401 in

149 2428 404 2494 instanti
449 2429 775 2513 temporiS.
801 2427 1007 2494 Simul
1032 2428 1200 2493 enim
1227 2429 1352 2494 ista
1376 2430 1572 2494 fiunt:
1613 2429 1707 2494 ita
1738 2433 1810 2494 ut
1835 2430 2039 2514 prim‘o
2064 2430 2327 2496 instanti
2354 2434 2496 2516 post
2521 2434 2787 2496 mortem
2816 2427 3063 2493 nullum

148 2517 224 2580 sit
244 2517 520 2602 amplius
545 2521 873 2601 peccatum
901 2517 1233 2602 originale,
1259 2518 1436 2582 nulla
1461 2520 1634 2582 lucta
1657 2519 1722 2584 in
1756 2519 2091 2585 animabus
2116 2521 2458 2584 electorum
2481 2544 2495 2594 ς
2538 2523 2582 2586 &
2608 2522 3065 2602 consequenter

149 2606 380 2670 nullum
409 2610 736 2688 peccatum
762 2607 1008 2670 actuale
1036 2607 1312 2690 amplius
1336 2607 1789 2672 committatur.
1841 2609 2017 2683 Quod
2047 2632 2121 2674 ex
2154 2610 2209 2673 l.
2241 2609 2516 2674 Cor-ium.
2552 2610 2654 2672 13.
2683 2609 2743 2671 9.
2782 2606 2882 2673 10.
2918 2605 3062 2671 coll.

146 2715 272 2758 cum
314 2695 503 2760 llebr.
560 2695 660 2757 12.
705 2695 812 2758 23.
862 2695 1138 2759 elicitur:
1195 2695 1310 2758 ubi
1353 2696 1429 2758 de
1475 2700 1646 2759 statu
1680 2697 2036 2760 animarum
2060 2699 2393 2762 beatarum
2419 2701 2561 2781 post
2584 2700 2875 2762 mortem.
2926 2695 3063 2770 Quo

145 2781 324 2847 etiam
377 2783 604 2848 referri
655 2787 866 2866 potest
919 2783 1100 2848 Hebr.
1159 2784 1219 2846 4.
1281 2784 1380 2848 10.
1428 2783 1515 2848 Et
1569 2789 1782 2849 votum
1840 2786 2114 2870 apostoli
2154 2787 2429 2870 Philipp.
2468 2788 2523 2849 1.
2560 2787 2667 2849 21.
2695 2785 2799 2848 23.
2830 2784 2938 2849 ubi
2992 2780 3062 2842 τὲ

145 2880 404 2943 ›epatre-w
435 2871 748 2954 imprimis
795 2871 986 2936 etiam
1038 2871 1527 2956 intelligendum
1569 2874 1814 2938 ratione
1850 2874 2003 2937 mali
2036 2874 2273 2957 culpae.
2330 2874 2593 2939 Accedit
2617 2877 2662 2940 a
2686 2873 2844 2937 haec
2868 2873 3062 2936 ratio:

146 2962 288 3041 quia
332 2959 498 3024 nihil
530 2960 932 3024 immundum
975 2960 1250 3025 intrabit
1287 2961 1542 3044 Apoeal.
1571 2964 1673 3024 21.
1705 2963 1808 3025 27.
1836 2963 2173 3046 (siquidem
2202 2964 2279 3026 de
2302 2963 2562 3028 coelesti
2586 2963 2941 3026 animarum
2968 2983 3067 3025 re·

145 3048 464 3130 ceptaculo
489 3049 662 3112 locus
687 3048 798 3112 ille
823 3051 1224 3132 exponatur,)
1251 3050 1296 3114 &
1330 3049 1551 3132 Ephe&
1582 3052 1642 3114 5.
1669 3051 1770 3115 27.
1799 3051 2085 3136 Denique
2107 3051 2372 3116 victoria
2397 3051 2607 3116 finalis
2632 3054 2729 3116 est
2753 3051 2817 3114 in
2840 3054 3064 3127 morte,

145 3137 186 3200 ἃ
229 3141 374 3220 post
423 3141 692 3200 mortem
742 3138 802 3200 2.
863 3139 1126 3202 Timollz.
1176 3143 1236 3200 4.
1281 3139 1340 3201 8.
1397 3139 1450 3200 l.
1478 3160 1631 3223 ergo
1654 3142 1806 3202 tunc
1831 3139 2016 3204 liberi
2042 3144 2189 3204 sunt
2215 3140 2295 3204 ab
2328 3141 2501 3204 omni
2526 3144 2761 3224 pugna,
2788 3139 2868 3202 ab
2894 3139 3067 3203 omni

145 3222 352 3300 hoste3
402 3225 782 3290 nominatim
837 3228 876 3290 a
920 3227 1262 3290 domestico
1298 3225 1411 3289 illo
1440 3228 1643 3292 Gala-l.
1673 3229 1732 3290 5.
1767 3228 1866 3291 17.
1888 3228 2029 3292 coll.
2057 3250 2199 3291 cum
2232 3227 2499 3295 Roman.
2530 3230 2589 3293 7.
2615 3230 2719 3292 20.
2758 3226 3063 3294 Problem.

149 3312 204 3374 1.
249 3313 350 3378 An
379 3313 654 3381 Roman.
685 3315 742 3377 7.
771 3315 876 3377 24.
903 3314 1180 3398 intelligi
1198 3313 1401 3398 possit
1432 3320 1544 3379 aut
1567 3315 1814 3395 debeat,
1858 3339 2083 3400 corpus
2118 3317 2361 3399 peccati
2384 3339 2495 3382 seu
2519 3321 2701 3381 vetus
2728 3315 2951 3390 hom0;
2984 3337 3067 3378 an

145 3423 286 3465 vero
331 3425 560 3485 corpus
583 3403 872 3478 mortale,
899 3403 1066 3486 quod
1091 3402 1195 3466 hic
1218 3402 1766 3468 circumferimus?
1802 3407 1979 3488 Resp.
2016 3405 2417 3469 Alterutrum
2441 3405 2721 3490 intelligi
2750 3406 2973 3487 potest.
3004 3405 3063 3466 2.

147 3489 242 3552 An
289 3490 572 3574 corporis
618 3490 930 3574 depositio
953 3491 1019 3554 in
1043 3495 1266 3568 morte,
1301 3491 1389 3555 sit
1419 3513 1606 3556 causa
1631 3492 1883 3577 proprie
1908 3493 2077 3557 dicta
2102 3493 2456 3577 adaequata
2487 3495 2533 3559 &-
2556 3493 2841 3577 proxima
2864 3491 3067 3556 aboli-

145 3577 330 3642 tionis
393 3579 539 3642 inde
583 3579 1004 3644 demonstrari
1066 3580 1284 3663 possit.
1339 3581 1518 3664 Hesp.
1571 3582 1715 3664 Neq.
1765 3583 1822 3644 3.
1889 3581 1994 3644 An
2042 3581 2501 3646 consummatio
2548 3579 3067 3646 sanctificationis

147 3667 318 3752 [pag.
371 3667 533 3752 467]
584 3667 834 3730 animae
879 3667 1030 3732 hinc
1075 3667 1433 3753 migrantiS,
1467 3669 1549 3732 sit
1575 3692 1732 3752 opus
1758 3670 2022 3753 spiritus
2048 3670 2505 3752 regenerantiS,
2531 3692 2658 3752 qua
2680 3668 2852 3733 talis.
2878 3667 3063 3751 Resp.

149 3751 288 3818 Non
339 3754 521 3819 video
568 3777 680 3820 cur
725 3755 882 3819 haec
920 3778 1226 3821 coronans
1263 3759 1310 3822 δι
1333 3779 1774 3822 consummans
1807 3758 2021 3842 gratia
2052 3757 2306 3842 spiritui
2338 3757 2742 3843 regeneranti
2768 3759 2813 3823 a
2838 3755 3067 3821 sancti-

149 3843 358 3907 ficanti
381 3866 507 3926 qua
531 3843 668 3921 tali,
693 3844 892 3908 tribui
917 3867 1042 3909 non
1067 3845 1287 3928 possit.
1339 3845 1398 3908 4.
1427 3843 1530 3908 An
1555 3846 1768 3909 anima
1793 3846 2082 3931 regenita
2107 3846 2345 3910 habeat
2375 3869 2441 3910 se
2464 3846 2569 3910 hic
2594 3866 2750 3930 pure
2776 3845 3025 3929 passive
3050 3865 3065 3908 τ

150 3953 224 3994 an
271 3955 420 3996 vero
454 3931 671 3997 'active
728 3955 870 3996 cum
917 3933 1196 3997 motione
1245 3932 1507 4017 spiritus
1539 3939 1891 4012 concurrat,
1917 3935 2105 4018 idque
2132 3934 2193 3997 vi
2217 3957 2417 3998 novae
2442 3939 2768 3999 creaturae
2800 3933 2923 3998 sibi
2948 3933 3065 3996 im·

153 4019 494 4100 plantatae,
517 4025 822 4103 tanquam
858 4021 1156 4105 principii
1181 4043 1325 4108 (μισ.
1363 4023 1538 4105 Hesp.
1567 4025 1800 4088 Poscer-
1838 4023 2163 4110 affirmari
2204 4033 2421 4106 potest.
2456 4025 2516 4086 5.
2556 4023 2655 4088 An
2678 4025 2886 4086 totum
2910 4021 3069 4085 illud

151 4113 582 4192 augmentum,
625 4131 740 4172 seu
776 4111 1032 4193 graduS,
1058 4110 1168 4194 qui
1194 4111 1273 4173 ad
1305 4109 1756 4193 perfectionem
1783 4111 2147 4194 requiritur,
2168 4110 2359 4175 simul
2384 4112 2429 4176 &
2454 4112 2647 4175 semel
2674 4109 3067 4187 infundatur,

155 4195 196 4259 a
238 4197 328 4260 sic
375 4197 644 4261 addatur
692 4197 1017 4261 sanctitati
1067 4221 1177 4263 seu
1221 4196 1478 4282 spiritui
1526 4199 1914 4262 inhabitanti
1961 4201 2140 4282 Resp.
2178 4200 2229 4266 A
2239 4203 2309 4285 ff.
2338 4199 2399 4263 6.
2429 4199 2531 4263 An
2556 4200 2775 4264 eodem
2801 4198 3067 4262 instanti

154 4285 471 4368 temporis,
520 4307 644 4368 qno
693 4285 1108 4351 sanctificatio
1163 4289 1210 4353 a
1244 4286 1549 4350 sanctitas
1581 4287 1671 4372 (in
1723 4291 1869 4350 actu
1907 4287 2020 4351 scil
2090 4287 2321 4371 primo)
2371 4288 2714 4372 perficitur,
2765 4292 2955 4352 etlam
2990 4287 3069 4350 ad

157 4377 357 4438 actum
405 4375 750 4440 secundum
797 4375 1154 4441 excitetur?
1205 4376 1381 4463 Hesp.
1423 4373 1610 4440 Nihil
1640 4375 1899 4441 absurdi
1924 4375 2366 4456 committitur,
2394 4378 2449 4442 si
2472 4380 2851 4465 affirmetur.
2880 4373 3069 4476 73An

2864 4485 3070 4549 primo
