3694 4871
316 343 740 410 D1sP.VII.
789 346 1466 412 PaonnnnAi-uu
1517 371 1610 412 118
1659 348 2011 414 Msax'ro
2059 350 2715 416 Cna1sr1PARs
2766 353 2844 418 V.
2922 356 3041 419 211

373 583 1398 686 PROBLEMATUM
1459 589 1633 684 DE
1692 588 2203 687 MERITO
2266 589 2797 690 CHRISTI

1321 762 1488 813 PARS
1522 761 1767 821 QUINTA
1803 764 1861 826 ¹).

207 923 278 991 l.
333 923 682 990 Videamus
727 948 894 990 nunc
933 927 1084 1009 quid
1109 925 1402 990 Christus
1428 927 1700 1011 sibiipsi
1725 928 1993 992 meritus
2016 928 2119 992 sit.
2146 927 2727 1012 praesupponimus
2753 951 2829 992 ex
2859 953 3051 1014 supra

107 1013 302 1077 dictis
353 1024 523 1097 part.
574 1015 632 1077 3.
682 1014 875 1098 hujus
899 1016 1060 1099 disp.
1089 1016 1232 1080 thes,
1265 1017 1324 1077 3.
1354 1015 1680 1080 Christum
1707 1017 1830 1080 sibi
1856 1016 2175 1080 meritum.
2226 1015 2351 1080 Hic
2376 1018 2727 1100 quaeritur,
2753 1018 2905 1100 quid
2930 1019 3049 1083 sibi

107 1101 388 1165 meritus
421 1101 522 1165 sit.
551 1101 708 1166 Esto
733 1125 886 1188 ergo
917 1102 1182 1168 XXVII.
1213 1103 1427 1170 Probl.
1454 1105 1556 1168 An
1589 1104 1711 1168 sibi
1737 1106 2003 1168 meritus
2023 1105 2107 1168 sit
2124 1105 2399 1188 gratiam
2420 1106 3051 1188 praedestinationis?

107 1190 300 1274 Resp.
334 1192 483 1274 Neq.
517 1189 662 1254 Sive
687 1193 1030 1256 terminum
1062 1193 1197 1275 ejus
1231 1191 1426 1256 facias
1453 1193 1728 1276 gratiam
1755 1194 1800 1256 81
1825 1193 2099 1277 gloriam
2122 1197 2387 1257 naturae
2412 1193 2729 1257 humanae
2755 1199 2881 1277 qua
2905 1197 3053 1260 talis

105 1279 244 1342 sive
273 1278 556 1362 gloriam
580 1277 952 1344 Mediatoris
983 1284 1110 1363 qua
1141 1281 1310 1344 talis·
1345 1279 1648 1345 Rationes
1673 1303 2035 1345 communes
2061 1304 2175 1365 pro
2200 1281 2490 1346 absoluto
2523 1284 2569 1347 81
2592 1281 3051 1365 independente

104 1367 472 1430 voluntatis
514 1367 764 1431 divinae
811 1369 1060 1432 decreto
1109 1368 1257 1433 huic
1283 1370 1488 1452 aptari
1512 1374 1794 1453 possunt.
1829 1367 2127 1434 XXVIII.
2164 1369 2371 1436 Probi.
2402 1369 2499 1433 An
2528 1371 2821 1434 unionem
2849 1371 3049 1456 hypo-

104 1455 442 1531 staticam,
491 1457 750 1541 ejusque
775 1457 1070 1540 adjuncta
1093 1457 1446 1522 necessaria
1471 1458 2103 1522 communicationem
2134 1457 2527 1536 idiomatum,
2553 1457 3051 1541 impeccabilita-

106 1548 282 1618 tem;
337 1543 722 1628 dignitatem
767 1546 812 1608 81
861 1545 1300 1609 excellentiam
1341 1545 1656 1609 humanae
1702 1549 1991 1624 naturae,
2034 1546 2269 1629 quippe
2296 1567 2459 1628 quae
2482 1549 2519 1610 a
2549 1552 2817 1629 persona
2841 1548 3057 1612 divina

104 1635 408 1696 assumta
457 1631 672 1712 fuerit,
720 1633 764 1698 ἃ
797 1633 1196 1716 hypostatice
1223 1633 1472 1697 divinae
1499 1639 1765 1698 naturae
1799 1634 2029 1698 unita?
2080 1635 2254 1718 Hesp.
2288 1635 2432 1718 Neq.
2468 1635 2523 1696 1.
2564 1635 2731 1716 Quia
2753 1637 3054 1701 meritum

103 1721 224 1783 illa
283 1719 602 1802 sequitur,
629 1722 674 1786 81
706 1743 784 1784 ex
807 1721 886 1784 iis
912 1723 1212 1785 resultat:
1249 1743 1400 1806 ergo
1425 1745 1550 1784 non
1583 1727 1794 1806 potest
1817 1727 2124 1806 tanquam
2149 1744 2339 1786 causa
2365 1721 2645 1786 efficiens
2679 1725 3053 1806 praecedere

105 1809 246 1888 illa,
299 1807 441 1872 sive
475 1809 690 1872 ordine
715 1813 1001 1887 naturae,
1049 1810 1180 1873 sive
1235 1811 1452 1874 ordine
1499 1811 1822 1893 temporis,
1878 1809 1921 1874 J
1925 1833 2027 1874 am
2054 1833 2203 1875 vero
2227 1810 2618 1874 meritoriam
2652 1813 2832 1896 [pag.
2890 1815 3051 1898 278]

107 1918 386 1960 causam
426 1919 562 1960 esse
616 1919 872 1962 causam
897 1897 1276 1962 efficientem
1323 1899 1866 1982 procatarcticam‚
1916 1921 1992 1962 ex
2043 1899 2394 1963 Elementis
2418 1898 2667 1983 Logicis
2692 1907 2909 1964 notum
2938 1908 3053 1966 est.

109 1987 172 2049 2.
234 1984 416 2068 Quia
463 1983 850 2050 Humanitas
898 1985 1157 2065 Christi,
1207 1991 1318 2050 aut
1359 1987 1572 2050 anima
1605 1988 1760 2070 ejus,
1803 1987 2125 2051 debuisset
2154 1987 2443 2051 unionem
2472 1988 2703 2051 mereri
2727 2011 2839 2071 per
2862 2011 3054 2072 opera

107 2074 334 2158 priora
361 2077 656 2156 tempora
679 2079 790 2138 aut
815 2078 1061 2138 natura.
1097 2073 1220 2138 Sed
1247 2096 1370 2139 non
1395 2076 1629 2138 meruit
1653 2076 2018 2139 humanitas
2045 2080 2156 2140 aut
2181 2075 2393 2138 anima
2420 2075 2701 2138 humana
2726 2098 2839 2158 per
2862 2099 3053 2160 opera

108 2185 241 2246 qua
267 2166 566 2244 tempore
589 2163 1082 2246 praecesserint:
1135 2163 1286 2245 quia
1308 2185 1438 2228 non
1469 2163 1594 2227 fuit
1619 2164 1684 2226 in
1709 2186 1919 2227 rerum
1948 2169 2177 2227 natura
2201 2167 2348 2227 ante
2374 2163 2671 2226 unionem
2694 2163 3054 2248 hypostati-

107 2273 274 2315 cam.
329 2249 518 2326 Quod
549 2254 764 2314 autem
825 2251 1186 2316 Scholastici
1215 2252 1436 2334 aliqui,
1463 2253 1508 2316 81
1541 2273 1682 2316 011111
1707 2251 1787 2315 118
1817 2254 2101 2317 Becanus
2126 2271 2259 2336 cap.
2300 2253 2399 2314 14.
2428 2263 2661 2336 quaest.
2691 2253 2750 2314 6.
2779 2252 3053 2316 difficul-

107 2345 320 2404 tatem
379 2337 486 2402 hic
509 2343 783 2416 movent,
811 2339 960 2402 dato
983 2362 1119 2403 eam
1159 2339 1475 2404 exstitisse
1501 2343 1612 2403 aut
1645 2340 1712 2403 in
1735 2339 1989 2424 proprio
2022 2340 2369 2423 suppositO,
2404 2344 2516 2402 aut
2540 2340 2675 2404 sine
2703 2340 2876 2422 omni
2902 2364 3052 2424 sup-

107 2427 328 2513 posito
385 2427 431 2491 81
483 2427 955 2510 personalitate,
1005 2429 1157 2513 quid
1203 2433 1340 2493 tum
1388 2429 1794 2493 statuendum
1852 2431 2051 2493 esset:
2080 2429 2343 2493 dicimus
2370 2450 2475 2492 eos
2502 2428 2737 2493 nodum
2762 2427 2827 2491 in
2854 2429 3055 2513 stirpo

105 2538 454 2601 quaerere,
488 2516 906 2599 impossibilia
937 2518 1258 2603 postulata
1282 2518 1693 2586 comminisci.
1719 2520 1765 2584 &
1789 2539 2066 2602 nugaces
2093 2517 2572 2600 consequentias
2598 2521 2866 2581 nectere.
2915 2516 3053 2583 Nec

105 2604 496 2670 humanitas
521 2609 634 2668 aut
654 2604 866 2669 anima
888 2606 1170 2669 humana
1193 2606 1426 2669 meruit
1449 2629 1560 2691 per
1583 2607 1750 2670 bona
1774 2629 1968 2690 opera
1991 2628 2153 2691 quae
2177 2606 2395 2669 ordine
2418 2610 2684 2669 naturae
2703 2610 3056 2671 antecesse-

105 2698 304 2758 runt:
335 2693 494 2775 quia
521 2693 630 2755 illa
659 2715 849 2776 opera
873 2694 1238 2758 debuissent
1270 2716 1405 2757 esse
1431 2716 1621 2777 opera
1646 2695 1916 2777 gratiae.
1968 2694 2166 2777 Atqui
2192 2694 2403 2778 gratia
2428 2692 2667 2757 Christi
2690 2693 2816 2758 fuit
2840 2696 3057 2759 ordine

107 2787 398 2847 naturae
445 2782 757 2865 posterior
805 2782 1068 2857 unione;
1102 2783 1270 2865 quod
1302 2783 1440 2846 vide
1463 2783 1800 2865 probatum
1826 2786 1864 2845 a
1900 2783 2135 2847 Thomci
2156 2793 2321 2865 part.
2350 2783 2409 2844 3.
2444 2793 2677 2869 quaest.
2704 2784 2763 2845 6.
2790 2783 2968 2849 artic.
2996 2786 3057 2848 6.

105 2874 152 2937 81
201 2881 460 2956 quaen.
513 2870 574 2933 7.
620 2870 798 2935 artic.
861 2871 960 2934 13.
1016 2874 1077 2934 3.
1131 2871 1298 2952 Quia
1342 2870 1510 2934 Unio
1557 2871 1959 2954 hypostatica
1987 2875 2083 2934 est
2110 2870 2492 2953 principium
2517 2871 2721 2934 omnis
2746 2872 2961 2935 meriti
2992 2872 3059 2936 in

106 2959 421 3024 Christo:
479 2979 632 3043 ergo
677 2980 803 3021 non
857 2963 1070 3042 potest
1127 2982 1202 3023 ea
1225 2982 1339 3042 per
1369 2960 1666 3023 meritum
1694 2960 1822 3023 tale
1849 2959 2113 3042 acquiri.
2160 2958 2375 3041 Atque
2400 2958 2557 3023 haec
2588 2964 2685 3023 est
2707 2961 3059 3025 communis

101 3046 665 3111 Scholasticorum
709 3047 1043 3111 sententia.
1093 3046 1218 3111 Sed
1269 3047 1468 3111 otiose
1525 3047 1886 3130 disputatur
1910 3048 1989 3110 ab
2015 3047 2260 3123 iisdem,
2284 3048 2369 3111 ad
2394 3048 2455 3109 3.
2481 3059 2719 3132 quaest.
2746 3049 2842 3112 cit.
2872 3052 3057 3135 (quos

105 3137 254 3199 vide
291 3135 476 3218 apud
504 3136 760 3199 Zwarez
787 3134 946 3219 disp.
979 3136 1109 3217 10.)
1136 3158 1214 3199 an
1241 3136 1521 3219 potuerit
1547 3136 1778 3199 mereri
1803 3136 2121 3199 unionem.
2170 3133 2405 3198 XXIX.
2458 3136 2673 3201 Probl.
2704 3136 2805 3200 An
2833 3139 3060 3201 saltem

105 3225 274 3288 haec
301 3222 439 3286 tria
464 3222 785 3301 meruerit,
812 3229 923 3287 aut
947 3224 1177 3289 mereri
1192 3224 1494 3308 potuerit.
1517 3225 1575 3289 1.
1603 3223 2182 3301 Continuationem,
2210 3244 2319 3287 seu
2350 3225 2889 3306 perseverantiam
2921 3226 3057 3289 uni-

103 3314 274 3377 onis,
294 3310 830 3375 2.Extensionem
855 3312 988 3395 ejus
1013 3313 1093 3376 ad
1117 3334 1334 3375 omnes
1360 3316 1573 3395 partes
1614 3313 1941 3389 materiae,
1984 3333 2141 3395 quas
2168 3312 2477 3394 paulatim
2502 3334 2615 3395 per
2645 3312 3059 3377 nutritionem

108 3399 524 3485 acquirebat.
574 3402 635 3463 3.
683 3398 1180 3465 Restitutionem
1205 3400 1476 3479 unionis,
1503 3423 1665 3484 quae
1689 3406 1975 3483 tempore
2007 3400 2485 3464 resurrectionis
2510 3400 2679 3465 facta
2711 3405 2807 3465 est
2839 3401 2905 3463 in
2937 3400 3059 3464 hu-

107 3490 466 3554 manitate.
516 3488 692 3571 Hesp.
743 3486 1005 3552 Curiosa
1051 3488 1207 3553 haec
1252 3490 1540 3573 quaestio
1577 3490 1778 3553 tutius
1803 3489 2034 3563 omitti,
2062 3491 2173 3552 aut
2197 3488 2263 3551 in
2288 3488 2494 3552 medio
2524 3489 2796 3571 relinqui
2825 3493 3060 3573 posset.

107 3578 242 3644 Sed
297 3576 460 3661 quia
487 3576 846 3643 Schola-§ttici
878 3579 964 3642 ad
989 3580 1046 3640 3.
1075 3589 1309 3663 quaest.
1339 3580 1399 3641 2.
1424 3590 1544 3642 a-rc.
1573 3579 1632 3641 2.
1662 3600 1800 3641 eam
1834 3578 2169 3656 ventilant,
2201 3577 2247 3641 &
2279 3578 2603 3641 occasione
2628 3576 3060 3660 praecedentis

109 3664 550 3751 problematis
603 3665 770 3729 inter
819 3666 1202 3749 objectiones
1249 3670 1360 3729 aut
1407 3666 1791 3750 hypotheses
1823 3665 2091 3749 proponi
2118 3668 2347 3748 potest,
2374 3667 2419 3731 81
2444 3666 2624 3729 solet.
2674 3666 2857 3749 Resp.
2885 3666 2971 3729 ad
3004 3666 3058 3728 1.

110 3754 506 3821 membrum.
561 3754 878 3839 Neyando.
927 3754 1090 3829 Quia
1131 3755 1298 3837 quod
1324 3776 1400 3817 ex
1429 3760 1658 3818 natura
1682 3755 1774 3817 rei
1807 3754 2093 3817 debitum
2120 3757 2234 3831 est,
2260 3776 2387 3816 non
2420 3754 2587 3817 cadit
2619 3753 2735 3816 sub
2762 3753 3055 3817 meritum

110 3844 380 3929 (confer
420 3842 750 3907 Problema
776 3844 1060 3926 proxime
1086 3864 1344 3928 sequens
1363 3850 1402 3921 z)
1437 3843 1544 3906 sed
1569 3847 1875 3926 perpetua
1908 3841 2298 3905 conservatio
2332 3841 2581 3905 unionis
2606 3864 2683 3905 ex
2714 3846 2943 3905 natura
2969 3842 3062 3905 rei

110 3933 348 3997 debita
375 3934 474 3995 est
498 3930 748 4007 unioni;
781 3932 957 4016 Ergo
983 3932 1087 3997 Ad
1111 3933 1171 3994 2.
1203 3932 1349 4015 Ncy.
1383 3936 1639 4014 propter
1665 3930 1928 3994 eandem
1954 3930 2284 3993 rationem.
2320 3928 2484 4005 Quia
2509 3929 2621 3992 illo
2648 3929 2924 3993 extensio
2950 3952 3062 3995 seu

109 4022 272 4085 unio
325 4018 649 4103 partiali8‚
691 4042 766 4082 ex
792 4024 1022 4083 natura
1046 4020 1139 4083 rei
1171 4019 1386 4083 debita
1413 4024 1508 4082 est
1539 4020 1756 4082 unioni
1781 4018 2238 4103 hypostaticae,
2273 4024 2315 4079 81
2343 4039 2419 4081 ex
2451 4018 2513 4081 vi
2538 4018 2780 4101 primae
2808 4018 3059 4083 unionis

111 4108 442 4193 sequitur.
471 4106 768 4190 Requirit
789 4109 956 4171 enim
983 4108 1189 4191 prima
1206 4108 1376 4186 unio,
1404 4113 1529 4191 qua
1555 4105 1729 4170 Deus
1763 4106 1968 4170 factus
1994 4108 2089 4169 est
2114 4105 2324 4183 homo,
2360 4109 2431 4169 ut
2461 4128 2678 4170 omnes
2703 4111 2914 4189 partes
2941 4104 3061 4171 hu-

114 4218 365 4262 manae
389 4199 656 4259 naturae
673 4195 1024 4260 subsistant
1050 4196 1462 4260 subsistentia
1507 4195 1705 4260 verbi.
1753 4196 1851 4259 Ad
1904 4197 1962 4256 3.
2011 4193 2412 4273 conceden-dO,
2455 4195 2622 4277 quod
2646 4195 2809 4258 sicut
2834 4196 3065 4259 meruit

115 4284 684 4363 resurrectionem,
731 4284 926 4349 etiam
967 4285 1087 4349 dici
1113 4284 1315 4367 possit
1335 4284 1641 4349 meruisse
1673 4282 2141 4347 restitutionem
2173 4281 2458 4360 unionis;
2492 4283 2803 4365 siquidem
2829 4284 2875 4347 81
2908 4306 3065 4367 qua--

2882 4375 3070 4435 tenus

187 4540 228 4599 ι)
275 4536 436 4598 Resp.
471 4534 772 4585 Annaufflo
808 4532 1086 4596 Mlonomo,
1124 4534 1699 4599 M‹-‹lioburgo-Zela1ulo.
1736 4534 1821 4609 Af!
1859 4536 2005 4583 diem
2044 4534 2089 4583 7.
2126 4534 2365 4586 Dncemb.
2402 4534 2561 4585 Anno
2598 4533 2746 4585 1650.
