3694 4871
408 276 649 342 D1s12.
700 274 835 342 VI.
884 275 1001 342 Da
1046 275 1743 342 PROPAGA'rlonc
1788 275 2181 340 Pacori-1
2227 273 2800 341 ORIGINALIS.
2943 277 3068 342 167

104 464 225 528 riti
247 484 495 529 sumus
516 464 704 528 istam
728 463 1073 528 caecitatem
1103 459 1167 527 ἃ·
1188 460 1510 538 ἀδυναμίαν
1530 462 1617 528 ad
1642 462 1897 541 bonum,
1930 461 1994 529 ἃ·
2013 473 2325 550 quatenus
2346 483 2421 530 ea
2441 463 2649 529 adhuc
2671 464 3070 546 delectamur,

113 549 181 618 ἃ·
210 553 543 637 sapientes
566 573 639 618 ac
647 552 812 636 justi
833 551 1033 616 videri
1054 553 1369 627 volumus,
1402 553 1587 637 quasi
1610 573 1677 617 re
1700 552 1849 617 bene
1869 563 2058 637 qesta.

207 639 487 711 Caetera
521 641 879 726 spinosiora
902 640 973 704 in
994 652 1195 706 eastra
1219 641 1597 706 curiositatis
1620 640 1854 726 aldeae,
1877 641 2015 706 vide
2051 640 2554 707 eruditissimum
2575 639 2620 706 J
2621 641 2890 706 ohannis
2915 639 3062 727 Spi-

102 730 257 796 naei
306 733 668 795 tractatum
714 730 790 794 de
828 729 1195 801 curiositate,
1236 730 1399 794 inter
1427 751 1546 800 eos.
1595 750 1749 815 quos
1786 729 1864 793 de
1888 729 2086 793 animi
2109 729 2580 812 tranquillitate
2602 730 2864 814 scripsit.
2910 729 3066 796 Per—

104 818 347 884 kinsus
403 818 473 882 in
500 819 662 882 serie
686 839 929 882 causar.
956 817 1183 881 salutis
1208 819 1309 884 Sto.
1341 840 1480 902 cap.
1514 819 1613 882 12.
1638 839 1699 901 p.
1729 819 1834 883 27.
1863 819 2269 902 Propayatur
2293 830 2612 902 peccatum
2633 820 2675 883 ἁ
2704 818 3069 902 parentibus

104 907 177 972 in
200 907 405 993 filios,
452 909 549 972 vel
592 907 761 992 quod
804 906 1027 971 anima
1072 906 1351 990 corporis
1395 907 1777 992 eontaqione‚
1801 918 1872 972 ut
1893 918 2292 991 unquentum
2318 908 2574 992 impuro
2595 927 2739 972 vase
2761 908 3031 996 afficitur
3045 931 3070 984 ,-

102 999 201 1060 vet
248 997 423 1082 quia
468 997 641 1062 Deus
663 995 973 1072 animam,
998 995 1207 1060 eodem
1237 1007 1547 1060 momento
1570 1015 1695 1082 quo
1718 1007 1804 1060 εει
1828 1007 2034 1061 creata
2062 993 2125 1060 ἃ·
2147 995 2386 1079 infusa,
2409 996 2653 1061 deserit.
2707 997 2869 1064 Nam
2892 994 3068 1060 Ada-

105 1105 277 1163 mus„
332 1085 687 1168 imaqinem
725 1083 845 1148 Dei
866 1093 935 1148 ut
957 1081 1078 1148 sibi
1098 1082 1162 1149 a·
1182 1085 1327 1148 aliis
1350 1085 1597 1167 accepit,
1622 1085 1709 1148 ita
1732 1083 1852 1149 sibi
1880 1083 1944 1148 ἃ·
1965 1084 2112 1148 aliis
2141 1084 2371 1149 amisit.
2399 1082 2721 1148 Parkerus
2752 1084 2866 1148 lib.
2901 1085 2961 1147 3.
2990 1084 3066 1150 de

106 1173 437 1238 descensu
484 1172 563 1236 ad
607 1170 852 1236 Inferos
901 1172 937 1255 ἓ
984 1171 1089 1238 65.
1145 1193 1294 1257 pag.
1346 1173 1495 1237 121.
1538 1173 1681 1240 Νοη
1704 1172 1902 1258 iyitur
1925 1172 2034 1238 itta
2065 1170 2315 1238 Urbani
2339 1169 2760 1257 (MetaphraS.
2795 1195 2895 1256 pa.
2929 1172 3064 1256 51.)

101 1263 359 1344 placent
376 1285 400 1325 .·
446 1261 683 1326 Anima
704 1261 745 1324 ὰ
766 1260 897 1325 Deo
928 1260 1151 1344 infusa
1174 1261 1420 1344 corpori
1442 1260 1823 1345 labefactato,
1858 1263 2060 1328 taliter
2082 1263 2471 1328 maculatur.-
2494 1260 2654 1327 sicut
2677 1262 2748 1326 in
2769 1281 2913 1326 vase
2933 1281 3067 1327 non

104 1350 359 1416 sincero
405 1351 633 1414 vinum
677 1350 989 1434 inlusum,
1029 1350 1159 1416 licet
1180 1350 1495 1433 optimum
1524 1349 1820 1438 inficitur,
1853 1348 1914 1416 ἃ·
1938 1350 2169 1416 acescit.
2217 1351 2294 1415 E't
2319 1350 2388 1414 in
2417 1349 2529 1415 illa
2551 1349 2890 1434 infusione,
2923 1351 3065 1434 ipsa

104 1439 341 1503 anima
364 1438 799 1520 damnationis
822 1438 1194 1503 sententiam
1218 1439 1290 1502 in
1313 1459 1377 1504 se
1392 1439 1637 1523 justam
1660 1439 1986 1524 accipiens,
2012 1440 2266 1522 culpam
2289 1438 2598 1504 contrahit
2628 1436 2692 1504 ἃ·
2715 1449 2982 1518 reatum,
3002 1437 3064 1505 a:

106 1547 353 1610 poenae
398 1539 734 1612 perpetuae
757 1525 1089 1611 obliqatur.
1140 1528 1264 1596 Nec
1307 1548 1446 1594 vero
1469 1548 1617 1593 vera
1640 1528 1752 1594 illa
1774 1527 2003 1592 Fausti
2029 1525 2410 1613 Rhegiensis
2434 1538 2604 1594 sunt.
2653 1527 2801 1594 Sola
2822 1547 2968 1592 caro
2991 1528 3062 1594 in

110 1615 369 1681 Adarno
384 1617 676 1701 peccavit,
692 1616 913 1681 anima
924 1617 1235 1700 polluitur
1244 1628 1506 1701 propter
1528 1637 1785 1682 consens
1792 1638 1902 1683 um
1917 1616 2214 1700 eorporis,
2241 1617 2344 1682 cui
2361 1617 2749 1702 infunditur.
2778 1615 2816 1682 I
2815 1627 2876 1681 ta
2891 1616 3062 1682 enim

110 1725 173 1770 se
193 1725 297 1770 res
330 1703 537 1770 habet.
588 1706 661 1771 Ut
684 1705 829 1789 fons
854 1705 979 1770 loco
1003 1725 1257 1770 coenoso
1277 1726 1636 1790 erumpens,
1658 1707 1887 1771 vitium
1909 1704 2107 1784 habet,
2133 1725 2264 1770 non
2285 1704 2364 1770 ab
2387 1726 2557 1792 aqua
2579 1707 2732 1784 sola,
2762 1725 2872 1770 nee
2895 1717 3062 1771 terra

110 1796 265 1870 sola,
284 1794 405 1859 sed
420 1793 499 1858 ab
524 1805 791 1879 utraque
804 1816 826 1857 .·
849 1793 936 1858 sie
950 1793 1135 1859 homo
1150 1814 1260 1859 nee
1274 1794 1351 1860 ab
1367 1795 1587 1860 anima
1605 1797 1755 1871 sola,
1773 1815 1886 1860 nec
1899 1795 1938 1858 ὰ
1955 1814 2208 1879 corpore
2231 1796 2380 1870 solo,
2406 1794 2514 1859 sed
2535 1794 2611 1859 ab
2635 1806 2900 1880 utroque
2916 1815 3058 1878 pec-

113 1893 325 1948 cat-um
342 1893 777 1968 propaqatum
800 1881 1031 1966 recipit.
1056 1883 1145 1948 sic
1160 1880 1472 1968 Magister
1488 1883 1971 1949 sententiarum.
1997 1883 2208 1966 Ipsius
2230 1883 2507 1949 carnalis
2531 1883 3055 1966 concupiscentiae

114 1992 331 2052 causa,
382 1973 605 2038 nec‘est
630 1971 699 2036 in
723 1971 943 2037 anima
966 1973 1121 2052 sola,
1144 1973 1347 2036 necin
1367 1992 1557 2037 carne
1578 1974 1733 2051 sola,
1758 1993 1833 2038 ea·
1861 1984 2124 2059 utraque
2145 1971 2316 2036 enim
2337 1973 2428 2058 fit.
2482 1971 2806 2053 Quomodo
2831 1972 3056 2036 etenim

114 2071 329 2144 potest,
394 2080 627 2146 corpus
674 2071 746 2126 ut
790 2057 965 2124 Adae
994 2061 1199 2126 solum
1242 2072 1518 2145 posteros
1572 2061 1829 2148 inficiat,
1879 2081 2025 2126 cum
2053 2080 2187 2125 non
2209 2079 2436 2144 corpus
2460 2059 2568 2124 sed
2589 2060 2812 2124 anima
2844 2060 3057 2144 ipsum

122 2149 451 2216 Adamum
469 2149 775 2233 primitus
797 2145 1119 2233 infecerit?
1144 2149 1243 2214 Ad
1263 2149 1377 2214 hoc
1408 2151 1870 2216 illustrandum
1899 2150 2040 2222 citat
2063 2146 2522 2233 Augustinum.
2571 2146 2717 2216 Non
2753 2149 2878 2233 fuit
2923 2169 3055 2213 cor-

120 2238 329 2323 ruptio
362 2238 668 2323 corporis.
716 2257 876 2323 quae
918 2249 1221 2323 aqyravat
1274 2239 1584 2318 animam,
1631 2259 1822 2305 causa
1858 2239 2074 2323 prima
2100 2237 2350 2321 peccati,
2383 2237 2490 2301 sed
2506 2257 2748 2322 poena.-
2777 2256 2889 2302 nec
2917 2256 3054 2301 eor-

120 2326 445 2410 ruptibilis
496 2346 641 2392 caro
670 2326 959 2391 animam
1002 2327 1328 2411 peccatrice
1370 2327 1527 2411 lecit,
1564 2328 1670 2416 sed
1694 2327 2004 2412 peccatrix,-
2031 2326 2274 2406 anima,
2307 2345 2560 2391 carnem
2591 2325 3055 2410 corruptibilem

117 2414 270 2499 fecit.
320 2417 408 2482 At
439 2415 495 2481 si
512 2426 837 2501 peccatum
862 2427 1261 2501 propayatur
1284 2437 1401 2500 per
1422 2417 1713 2482 animam
1743 2416 1928 2495 dices,
1956 2426 2090 2482 tum
2113 2433 2247 2480 non
2269 2425 2518 2481 creatur
2539 2415 2580 2479 ὰ
2600 2425 2837 2499 peccato
2857 2433 3052 2499 pura.-

122 2503 204 2569 ita
246 2517 565 2592 sequetur,
612 2505 817 2571 Deum
865 2506 1092 2589 peceati
1142 2516 1423 2571 autorem
1478 2526 1623 2571 esse.
1672 2506 1898 2571 Facilis
1943 2504 2092 2571 huic
2134 2503 2198 2570 a·
2227 2504 2512 2589 expedita
2564 2504 2887 2589 responsio
2939 2516 3048 2569 est.

120 2592 289 2659 Deus
333 2614 474 2660 non
526 2595 732 2660 solum
785 2603 857 2658 ut
900 2604 1138 2659 creator
1166 2595 1665 2660 considerandus
1695 2615 1735 2660 a
1766 2594 1946 2659 nobis
1977 2606 2084 2673 est,
2109 2592 2217 2658 scd
2240 2593 2428 2658 etiam
2453 2604 2523 2659 ut
2533 2593 2758 2678 judex.
2801 2594 3052 2658 Creator

120 2692 203 2746 est
246 2683 509 2749 animae
550 2702 673 2769 quo
711 2681 797 2747 ad
846 2681 1288 2763 substantiam,
1334 2684 1516 2767 cujus
1570 2694 1868 2768 respectu,
1893 2703 2037 2749 cum
2068 2693 2336 2760 creatu-r,
2359 2701 2530 2765 pura
2559 2694 2665 2747 est.
2713 2682 2917 2748 ludex·
2962 2692 3048 2749 est

116 2783 439 2853 praeterea
492 2772 687 2850 Deus,
734 2770 894 2835 dum
918 2771 1205 2836 animam
1236 2782 1420 2852 creat,
1462 2788 1587 2859 quo
1610 2772 1696 2838 ad
1720 2773 1886 2837 hanc
1913 2771 2448 2837 circumstantiam
2484 2770 2703 2837 scilieet
2727 2770 2897 2858 quod
2917 2790 3052 2837 non

120 2860 336 2926 anima
392 2859 757 2944 simpliciter
805 2859 862 2923 ei
904 2860 981 2925 sit
1026 2860 1319 2938 creanda,
1361 2862 1469 2925 sed
1491 2862 1685 2927 unius
1708 2882 1784 2927 ea·
1808 2860 1979 2926 Adae
2000 2860 2152 2948 filiis
2174 2860 2412 2924 anima.
2449 2858 2633 2945 [pag.
2664 2858 2869 2945 1112]
2916 2860 3050 2925 Hoc

123 2960 393 3032 respectu
426 2950 677 3035 justum
700 2948 757 3013 ei
776 2959 883 3027 est,
909 2949 1195 3014 animam
1222 2950 1514 3028 deserere,
1537 2950 1748 3035 quoad
1769 2969 1954 3016 suam
1981 2948 2322 3033 ima9inem
2338 2949 2409 3013 in
2431 2948 2684 3015 Adamo
2705 2948 3047 3015 amissam.-

121 3055 193 3100 επ
212 3058 337 3123 qua
362 3038 709 3104 desertione
737 3037 1019 3123 sequitur
1048 3038 1325 3103 carentia
1335 3039 1621 3123 justitiae
1658 3038 2008 3123 crioinalis,
2048 3058 2124 3102 esc
2148 3058 2275 3124 qua
2306 3038 2580 3102 carentia
2599 3048 2918 3122 peecatum
2944 3038 3043 3121 ip-

123 3144 255 3191 sum
280 3127 591 3213 oriqinale
607 3136 1022 3211 propayatur.
1072 3125 1311 3191 Paulus
1336 3126 1595 3191 Ferrius
1626 3126 1693 3190 in
1717 3126 2096 3191 scholastico
2121 3124 2471 3190 orthodoxo
2502 3148 2640 3209 cap.
2670 3126 2776 3191 20.
2803 3148 2868 3209 p.
2896 3124 3044 3189 195.

126 3212 269 3279 Dico
314 3216 513 3301 iqitur
556 3234 691 3280 non
737 3214 884 3280 dari
928 3214 1215 3302 ahimam
1267 3236 1526 3282 causam
1578 3217 1813 3283 realem
1870 3236 2030 3302 quae
2073 3214 2312 3279 actione
2332 3214 2492 3279 reali
2518 3214 2828 3298 producat
2849 3213 3044 3298 0νίρί-

127 3302 259 3367 nale
290 3316 611 3389 peccatum
642 3303 713 3369 in
762 3305 1073 3389 parvulis.
1142 3305 1322 3372 Ratio
1374 3316 1483 3384 est,
1523 3305 1675 3392 quia
1700 3305 1769 3369 in
1792 3304 2052 3389 formati
2073 3314 2365 3387 conceptu
2384 3315 2706 3388 peccatum
2730 3302 2890 3369 illud
2911 3322 3048 3367 non

125 3404 406 3460 connotat
430 3394 743 3458 entitatem
765 3394 1050 3480 aliquam
1072 3394 1325 3472 realem,
1372 3393 1480 3459 sed,
1505 3394 1948 3479 privationem,
1971 3403 2040 3458 ut
2063 3392 2303 3457 dietum
2326 3404 2434 3475 est.
2481 3390 2569 3455 Et
2591 3394 2815 3475 postea
2830 3414 2850 3455 .·
2875 3389 3042 3475 Eryo

128 3479 301 3546 etiam
327 3482 707 3566 impossibile
730 3482 915 3547 talem
940 3482 1355 3567 privationem
1404 3482 1719 3549 introduci
1742 3502 1861 3566 per
1881 3483 2242 3548 naturalem
2279 3478 2340 3546 ἃ·
2360 3480 2690 3567 physicam
2721 3478 3040 3564 expulsio-

128 3585 262 3634 nem
284 3594 304 3635 .·
354 3569 422 3638 ἃ·
465 3570 600 3636 ideo
644 3570 873 3636 realem
915 3591 1047 3636 esse
1090 3592 1347 3638 causam
1372 3573 1506 3656 ejus
1536 3571 1966 3638 traductionis.
2015 3570 2274 3637 Moratis
2299 3580 2508 3634 tamen
2530 3570 2743 3647 datur,
2770 3586 2934 3654 quae
2956 3578 3043 3633 est

130 3657 215 3721 vet
226 3662 505 3743 yenerak
520 3670 865 3745 peccatum,
889 3681 1013 3746 quo
1036 3680 1251 3726 omnes
1273 3661 1345 3725 in
1370 3660 1612 3726 Adamo
1637 3660 2050 3745 peccavimus,
2078 3661 2167 3724 vet
2189 3658 2506 3724 naturalis
2533 3656 2922 3741 propaqatio.
2951 3654 3039 3720 Et

130 3747 304 3825 paulo
332 3752 511 3834 post:
564 3748 739 3815 Unde
789 3769 1033 3836 quoque
1076 3760 1242 3834 patet
1286 3750 1501 3835 ipsum
1546 3752 1781 3817 actuale
1798 3759 2139 3834 peccatum,
2166 3768 2290 3835 quo
2312 3766 2526 3812 omnes
2546 3745 2939 3831 peccavimus
2970 3746 3043 3809 in

132 3852 209 3911 eo,
232 3836 449 3903 directe
477 3858 739 3903 causare
766 3837 942 3903 istud
964 3838 1305 3924 oriyinale:
1336 3838 1797 3924 yenerationem
1843 3848 2057 3903 autem
2099 3837 2225 3903 sive
2243 3836 2760 3921 propaqationem
2791 3844 3040 3899 tantum

134 3925 496 4007 applicatae,
543 3926 971 3993 substituendo
1024 3928 1337 3994 nimirum
1375 3926 1739 4013 subjeetum,
1772 3927 1840 3993 in
1865 3947 1988 4013 quo
2018 3936 2330 4011 peccatum
2357 3923 2518 3991 illud
2538 3942 2867 3990 commune
2881 3942 3039 4007 pro-

134 4008 299 4079 ducat
342 4035 535 4082 suum
578 4020 861 4103 effectum
878 4038 899 4080 .·
945 4017 1233 4102 quamvis
1285 4037 1429 4082 vero
1470 4018 1615 4101 J'am
1646 4016 1860 4083 multis
1883 4016 2210 4081 annorum
2233 4012 2510 4081 millibus
2536 4010 2874 4090 transierit,
2906 4030 3040 4078 non

90 4118 100 4133 ·
136 4095 367 4185 impedit
410 4105 571 4191 quin
612 4105 918 4189 producat
955 4110 1258 4193 effectum,
1308 4105 1569 4171 moratis
1623 4106 1789 4171 enim
1822 4124 2038 4183 causa,
2062 4124 2196 4169 non
2219 4102 2444 4170 realis.-
2473 4102 2779 4169 moralem
2802 4110 3036 4182 autem,

137 4186 275 4255 dum
293 4194 581 4277 producit
604 4199 885 4282 effectum
916 4214 1127 4275 suum,
1152 4194 1407 4261 existere
1428 4214 1561 4259 non
1589 4204 1675 4260 est
1705 4214 1960 4260 necesse.
2006 4192 2096 4257 Et
2139 4215 2204 4277 p.
2258 4192 2403 4255 197.
2453 4191 2532 4257 At
2554 4191 2759 4257 necin
2783 4210 3039 4274 corpore

140 4276 366 4374 aliquod
408 4283 631 4349 vitium
682 4283 882 4349 inesse
904 4302 1209 4369 neqamus
1225 4308 1245 4348 .-
1290 4283 1852 4370 concupiscentiam
1913 4282 2083 4347 enim
2127 4283 2259 4366 ipse
2287 4281 2592 4348 sentimus
2623 4280 2695 4345 in
2717 4298 2906 4345 carne
2927 4298 3036 4344 seu

140 4368 399 4448 interiori
422 4383 621 4457 parte,
640 4393 801 4459 quae
821 4373 1198 4439 sensualitas
1229 4372 1489 4439 dicitur:
1516 4373 1592 4437 de
1614 4393 1737 4459 quo
1762 4372 1948 4438 etiam
1973 4382 2105 4436 tam
2137 4371 2337 4437 multa
2365 4371 2444 4438 D.
2475 4370 2738 4451 Paulus,
2769 4366 2832 4436 ἃ·
2851 4386 3034 4468 prae-

2861 4473 3040 4541 rme
