3694 4871
321 354 588 421 ·D1s1›.
637 351 784 421 VII.
831 351 1498 422 Paestani-run
1541 379 1638 420 nr.
1685 352 2042 419 Meam-o
2090 353 2479 420 01161311
2526 351 2727 422 Pus
2773 351 2891 422 IV.
2962 357 3091 422 207

155 541 330 621 dum,
377 542 424 607 a
468 541 614 606 illos
670 539 949 606 vicissim
998 541 1170 606 dedit
1217 540 1551 606 mediatori
1589 540 1946 621 salvandos,
1988 562 2333 626 eorumque
2378 545 2638 625 peccata
2662 541 2993 606 transtulit
3024 542 3090 607 in

153 649 567 713 sponsorem:
639 629 814 695 Haec
867 629 1039 694 enim
1085 630 1298 695 omnia
1337 630 1555 696 ordine
1579 633 1845 694 naturae
1872 630 2259 713 praecedunt
2281 627 2517 694 Christi
2551 631 2871 708 meritum,
2897 632 2942 696 &
2974 631 3093 696 hoc

156 718 259 781 illi
315 718 682 782 liberrimae
735 717 984 802 gratiae
1031 719 1500 784 subordinatur.
1548 717 1650 784 Ita
1681 723 1752 783 ut
1796 717 1905 782 hie
1928 717 2227 782 similiter
2250 718 2797 782 determinandum
2822 719 2925 797 sit,
2958 742 3031 784 ac
3056 723 3095 784 6

153 805 576 872 Scholasticis
622 807 702 871 ad
741 808 1198 890 quaestionem,
1225 806 1331 871 An
1356 806 1648 873 Christus
1672 807 1939 871 meritus
1971 807 2056 871 sit
2080 807 2614 871 incarnationem:
2652 808 2728 871 de
2752 829 2879 891 qua
2900 807 3089 873 infra.

154 892 276 960 XI.
329 895 539 962 Probe.
593 895 693 959 An
749 895 828 960 iis
875 896 1141 960 meritus
1187 897 1272 960 sit
1303 896 1691 979 peculiarem
1721 895 1903 960 illam
1922 916 2139 960 curam
2162 893 2284 959 Dei
2310 893 2475 959 circa
2509 896 2743 960 electos
2771 899 2919 960 ante
2943 918 3092 961 con-

155 983 538 1048 versionem.
588 986 764 1067 116311.
813 984 861 1049 A
868 988 939 1070 ff.
988 982 1221 1049 Confer
1251 985 1424 1069 disp.
1469 988 1754 1049 nostram
1779 984 1855 1050 de
1880 995 2045 1050 statu
2078 986 2407 1050 electorum
2430 994 2575 1048 ante
2604 985 3091 1050 conversionem.

153 1070 307 1137 XII.
361 1073 573 1139 Probl.
622 1071 726 1136 An
772 1072 999 1138 iisdem
1045 1073 1308 1138 meritus
1356 1073 1441 1138 sit
1487 1073 1766 1158 gratiam
1791 1076 2119 1137 externam
2143 1071 2631 1155 praedicationis
2658 1071 3023 1158 Euangelii,
3050 1074 3095 1140 &

147 1160 481 1226 internam
531 1160 1041 1240 illuminationiS,
1075 1183 1238 1245 quae
1288 1161 1588 1226 distincta
1631 1161 1716 1225 sit
1741 1163 1780 1226 a
1802 1161 2015 1246 gratia
2047 1160 2309 1245 speciali
2334 1161 2837 1246 regenerationis
2871 1164 2919 1229 81
2942 1183 3091 1226 con-

149 1249 468 1315 versionis
487 1253 520 1314 ?
573 1251 751 1333 Resp.
801 1248 1087 1326 Quidni?
1145 1248 1446 1325 Quamvis
1502 1249 1672 1314 enim
1713 1250 1926 1334 gratia
1957 1247 2071 1314 illa
2096 1249 2163 1314 in
2187 1270 2419 1334 genere
2445 1249 2492 1316 &
2514 1249 2582 1313 in
2606 1271 2675 1314 se
2698 1250 3096 1316 considerata

149 1359 278 1402 non
303 1338 548 1404 habeat
573 1337 983 1402 infallibilem
1010 1361 1156 1403 cum
1179 1339 1390 1403 sulute
1414 1337 1893 1418 connexionem,
1919 1337 2158 1423 quippe
2184 1359 2346 1421 quae
2369 1337 2657 1421 reprobis
2691 1338 3091 1423 quibusdam,

148 1427 393 1509 quibus
417 1425 710 1514 Christus
734 1427 898 1490 nihil
929 1427 1194 1492 meritus
1226 1431 1344 1505 est,
1363 1427 1715 1492 communis
1740 1427 1860 1503 sit:
1908 1431 2123 1491 tamen
2149 1430 2438 1510 respectu
2464 1427 2761 1510 specialis
2784 1426 3090 1492 intentio-

146 1515 251 1580 nis
277 1515 536 1580 divinae
555 1516 894 1581 secundum
930 1537 1122 1599 quam
1155 1515 1372 1581 electis
1399 1538 1477 1580 ex
1504 1515 1566 1580 vi
1590 1514 1936 1594 electioniS,
1965 1513 2238 1580 foederis
2276 1515 2569 1600 gratuiti,
2620 1515 2665 1580 &
2682 1515 3092 1600 justificatio-

145 1605 250 1668 nis
302 1606 350 1670 &
400 1603 930 1669 reconciliationis
977 1605 1220 1669 activae
1273 1604 1436 1668 dona
1490 1605 1535 1670 81
1566 1603 1734 1668 bona
1756 1604 1873 1667 illa
1897 1603 2161 1682 confert,
2188 1601 2429 1668 Christi
2460 1601 2833 1669 Mediatoris
2860 1606 3089 1670 merito

147 1697 358 1776 atque
390 1692 825 1757 intercessioni
851 1715 926 1757 ea
956 1692 1228 1758 adscribi
1251 1697 1538 1777 possunt.
1586 1689 1791 1757 Sicuti
1813 1691 1991 1756 Deus
2016 1691 2256 1775 pariter
2302 1691 2605 1776 reprobos
2638 1693 2684 1758 8⁵
2712 1693 2943 1758 electos
2970 1694 3089 1758 ali-

147 1800 312 1864 quos
361 1782 646 1845 nondum
692 1781 1032 1846 actualiter
1075 1803 1408 1846 conversos
1432 1804 1545 1865 per
1569 1803 1968 1846 communem
1986 1780 2263 1864 gratiam
2286 1781 2607 1864 praesenti
2630 1781 2913 1865 periculo
2937 1783 3089 1847 sub-

148 1869 353 1947 ducit,
383 1869 430 1934 &
462 1869 528 1933 in
553 1870 671 1934 hac
703 1870 838 1934 vita
861 1875 1228 1934 conservat:
1255 1869 1377 1935 hoc
1399 1874 1616 1934 tamen
1641 1891 1784 1934 611111
1811 1868 2196 1949 discrimine,
2230 1869 2399 1953 quod
2444 1869 2563 1933 hos
2592 1875 2922 1936 conservat
2946 1893 3090 1937 cum

146 1958 423 2042 speciali
469 1957 823 2022 intentione
869 1958 916 2024 &
961 1961 1251 2042 respectu
1305 1958 1384 2023 ad
1415 1957 1890 2023 conversionem
1915 1960 1959 2023 81
1992 1957 2181 2022 fidem
2206 1957 2519 2022 actualem
2544 1957 2681 2022 sine
2705 1963 2831 2043 qua
2854 1960 3091 2025 salvari

145 2049 519 2130 nequeunt:
573 2046 720 2111 illos
765 2046 1049 2111 minime.
1101 2049 1385 2113 Becanus
1433 2058 1600 2132 part.
1659 2048 1718 2110 3.
1755 2056 1931 2111 tract.
1965 2047 2021 2110 l.
2046 2066 2181 2130 cap.
2212 2047 2312 2110 14.
2340 2057 2575 2132 quaest.
2629 2047 2729 2111 11.
2777 2046 2955 2113 Idem
2979 2049 3089 2114 de-

146 2135 471 2199 terminat
515 2135 591 2199 de
639 2135 895 2199 auxiliis
940 2135 1188 2221 gratiae
1239 2135 1576 2200 excitantis
1599 2135 1645 2201 81
1671 2134 2033 2220 adjuvantis
2055 2133 2121 2197 h.
2148 2157 2202 2201 e.
2237 2134 2313 2198 de
2335 2134 2723 2200 motionibus
2741 2135 2907 2216 fidei,
2932 2137 3090 2220 spei,

159 2223 534 2288 dilectionis
559 2225 606 2290 &
636 2223 1052 2289 contritionis.
1101 2223 1280 2289 XIII.
1328 2223 1545 2291 Probl.
1595 2223 1700 2288 An
1746 2223 1943 2288 etiam
1976 2222 2219 2308 gratias
2243 2223 2448 2307 gratis
2473 2223 2673 2300 datas,
2708 2246 2821 2289 seu
2844 2225 3088 2290 charis-

149 2317 334 2377 mata
356 2315 392 2378 ⁴?
417 2314 595 2397 Hesp.
615 2311 799 2390 Quid,
821 2313 868 2378 81
886 2334 1050 2397 (11166
1067 2313 1196 2377 sint
1211 2311 1937 2396 charismata,peculiari
1956 2311 2116 2396 disp.
2142 2309 2582 2396 explicuimus.
2604 2311 2741 2378 Nos
2764 2335 2889 2378 non
2914 2315 3089 2378 vide-

147 2423 318 2481 mus,
359 2423 476 2467 cur
491 2401 568 2467 de
593 2401 672 2467 iis
689 2399 998 2467 affirmari
1022 2424 1147 2467 non
1175 2401 1408 2486 possit;
1433 2400 1811 2487 praesertim
1835 2400 1923 2465 sit
1945 2398 2073 2466 alia
2097 2398 2482 2466 charismata
2505 2400 2661 2486 ipsis
2684 2401 3091 2469 conferantur

145 2494 303 2556 actu
319 2492 464 2575 jam
482 2490 798 2555 conversis
813 2493 858 2558 81
873 2491 941 2554 in
959 2490 1284 2556 Christum
1310 2490 1742 2557 credentibus:
1771 2494 1926 2554 tunc
1948 2489 2119 2554 enim
2132 2511 2281 2553 vera
2298 2489 2452 2554 fides
2474 2490 2758 2555 salvifica
2772 2491 2839 2555 in
2864 2514 2932 2557 se
2948 2514 3091 2557 con·

147 2580 322 2644 tinet
349 2580 516 2643 dona
539 2579 674 2644 illa.
697 2578 901 2664 Atqui
916 2602 1064 2644 vera
1095 2579 1251 2644 fides
1273 2578 1599 2645 confertur
1620 2582 1881 2663 propter
1904 2578 2205 2643 meritum
2222 2576 2495 2643 Christi:
2523 2600 2676 2664 ergo
2692 2580 2887 2645 etiam
2899 2603 3089 2665 pecu-

143 2668 334 2733 liaris
353 2667 467 2732 ille
483 2668 726 2747 modus,
753 2690 864 2733 seu
883 2669 1168 2733 extensio
1183 2670 1230 2735 81
1256 2668 1596 2752 applicatio
1619 2668 1768 2732 fidei
1785 2667 1865 2731 ad
1880 2666 2039 2732 haec
2049 2666 2455 2743 charismata,
2475 2689 2638 2751 quae
2654 2668 2775 2733 fide
2798 2668 2915 2734 illa
2937 2692 3087 2735 con-

139 2757 422 2822 tinetur.
451 2754 683 2821 Confer
706 2757 913 2842 dispp.
939 2768 1188 2823 nostras
1212 2757 1288 2821 de
1316 2757 1664 2837 miraculis,
1691 2755 1753 2822 ἃ·
1774 2756 1851 2821 de
1874 2756 2289 2821 chari-:mutia
2316 2752 2494 2820 XIV.
2520 2755 2739 2823 Probl.
2764 2756 2870 2822 An
2892 2758 3087 2823 etiam

147 2845 524 2910 communia
542 2844 937 2910 auxiliatum
961 2845 1280 2910 naturalia
1301 2849 1442 2910 tum
1466 2845 1680 2909 civilia
1696 2844 1867 2910 dicta
1886 2844 2135 2929 gratiae
2158 2844 2526 2924 coercentis,
2544 2866 2655 2909 seu
2677 2846 3085 2930 reprimentis

140 2933 336 3020 [pag.
369 2933 530 3019 273]
556 2956 666 2998 seu
693 2934 1068 3013 cohibentia,
1094 2955 1506 3018 quaecunque
1543 2933 2095 3018 regenerationem
2132 2935 2244 2998 aut
2268 2933 2584 2997 actualem
2614 2935 3086 3000 conversionem

139 3022 562 3107 praecedunt.
611 3024 790 3107 Κεφ.
839 3021 1230 3087 Inclinamus
1259 3022 1328 3086 in
1359 3024 1483 3109 Aff.
1510 3020 1654 3085 XV.
1683 3020 1895 3087 Probl.
1930 3020 2033 3085 An
2058 3020 2353 3085 fidelibus
2378 3021 2645 3086 meritus
2676 3023 2761 3087 sit
2784 3024 3079 3089 benedic-

135 3110 360 3175 tiones
385 3110 555 3175 vitae
586 3110 880 3175 animalis
904 3110 950 3175 81
972 3110 1212 3187 civilis:
1241 3132 1352 3175 seu
1377 3111 1547 3175 bona
1567 3110 1786 3188 animi,
1813 3108 2114 3192 corporis,
2140 3108 2457 3189 fortunae,
2491 3132 2837 3195 eorumque
2868 3113 3077 3197 quali·

136 3204 354 3264 tatem
404 3198 450 3263 8:
497 3200 942 3284 quantitatem,
991 3199 1223 3283 quibus
1269 3199 1335 3263 in
1375 3203 1550 3264 statu
1603 3198 1752 3263 fidei
1799 3200 1844 3264 a
1870 3197 2116 3283 gratiae
2142 3197 2487 3262 existentes
2519 3198 2839 3264 fruuntur.
2894 3200 3082 3302 Hesp.

136 3286 306 3352 Incl.
360 3285 428 3351 in
475 3289 523 3352 A
532 3292 603 3375 ff.
653 3285 720 3352 Si
761 3288 930 3351 enim
975 3288 1270 3352 fidelibus
1323 3287 1537 3352 omnia
1580 3287 1696 3351 illa
1719 3290 2001 3365 externa,
2030 3286 2224 3350 etiam
2257 3285 2540 3367 adversa,
2574 3292 2995 3372 cooperantur
3015 3311 3083 3353 1n

137 3376 396 3441 bonum
444 3378 619 3443 Rom.
663 3378 724 3441 8.
752 3376 860 3441 28.
906 3377 954 3442 81
974 3375 1180 3459 pietas
1205 3397 1424 3440 eorum
1447 3374 1897 3460 promissiones
1919 3373 2120 3439 habet
2148 3375 2503 3458 praesentis
2525 3374 2695 3439 vitae
2726 3378 2784 3441 1.
2818 3376 3080 3443 Pimoeh.

137 3468 202 3529 4.
233 3466 302 3529 8.
332 3464 384 3529 &
405 3464 581 3529 Deus
604 3464 900 3529 fidelibus
931 3464 1179 3529 confert
1202 3465 1418 3530 omnia
1441 3464 1522 3529 ad
1544 3464 1744 3529 vitam
1766 3462 2123 3528 necessaria
2148 3464 2211 3527 2.
2239 3464 2404 3529 Peer.
2435 3463 2491 3528 1.
2528 3464 2589 3527 3.
2616 3484 2726 3529 cur
2748 3462 3083 3530 dicendum

135 3576 272 3618 non
323 3552 415 3616 sit
459 3553 671 3617 omnia
719 3552 832 3617 illa
859 3555 1119 3637 propter
1142 3551 1471 3618 Christum
1495 3552 1735 3632 donari,
1761 3554 1808 3619 a
1831 3554 2289 3636 consequenter
2320 3549 2649 3616 Christum
2673 3552 2893 3617 eadem
2922 3552 3080 3637 ipsis

135 3640 573 3725 promeritum
613 3664 768 3706 esse.
819 3639 964 3706 Huc
997 3641 1307 3725 applicari
1346 3644 1560 3726 potest
1604 3640 1778 3705 locus
1805 3638 2075 3704 Roman.
2111 3640 2171 3702 8.
2198 3660 2361 3707 verS.
2396 3641 2500 3704 31.
2536 3642 2640 3704 32.
2674 3641 2749 3705 Li
2769 3642 2943 3707 Deus
2960 3662 3083 3727 pro

133 3730 330 3796 nobis
385 3726 496 3795 stc.
553 3730 676 3810 Qui
716 3731 979 3816 proprio
1025 3730 1157 3819 filio
1180 3750 1315 3794 non
1335 3730 1619 3815 pepercit,
1653 3729 1761 3793 sed
1781 3748 1927 3794 cum
1950 3748 2070 3813 pro
2093 3728 2389 3793 omnibus
2411 3728 2590 3794 nobis
2616 3730 2895 3810 tradidit,
2922 3750 3080 3816 quo-

135 3820 339 3884 modo
393 3839 526 3883 non
568 3820 786 3884 omnia
839 3840 983 3885 cum
1029 3818 1166 3903 ipso
1209 3816 1320 3884 ἃὉ.
1367 3816 1543 3882 XVI.
1594 3816 1810 3883 Probl.
1868 3816 1966 3881 An
2021 3815 2288 3881 meritus
2313 3816 2401 3880 sit
2423 3816 2641 3882 electis
2666 3840 2793 3882 nou
2823 3821 3081 3883 tantum

135 3907 334 3986 dona,
385 3908 433 3972 a
455 3907 696 3992 gratias
727 3930 944 3973 omnes
960 3908 1095 3992 jam
1119 3906 1483 3985 recensitas,
1511 3905 1620 3970 sed
1643 3906 1690 3971 a
1715 3904 2206 3985 satisfactiones,
2260 3926 2377 3969 nec
2397 3926 2527 3969 non
2557 3906 2787 3971 merita
2818 3907 2895 3972 de
2918 3929 3080 3972 6011-

137 4018 312 4081 gruo
339 3999 455 4060 aut
477 3996 704 4061 saltem
729 3997 804 4061 de
830 3996 1144 4081 condigno
1163 3999 1194 4060 Ρ
1243 3997 1424 4080 Βεερ.
1475 3994 1576 4060 Ita
1605 3995 1864 4079 quidem
1886 3992 2088 4058 velint
2112 3992 2456 4072 Pontificii,
2483 4015 2627 4058 611111
2653 3994 3081 4061 determinant

136 4090 374 4150 nostra
420 4084 646 4149 merita
677 4084 923 4151 ratione
947 4084 1330 4149 auxiliorum
1361 4083 1631 4170 gratiae,
1673 4105 1837 4167 quae
1865 4082 2047 4147 nobis
2071 4081 2302 4145 dantur
2325 4081 2406 4145 ad
2437 4080 2596 4148 bene
2619 4084 3010 4167 operandum
3035 4087 3082 4152 81

139 4173 546 4253 merendum,
584 4174 860 4258 pendere
898 4196 976 4238 ex
1000 4172 1248 4238 meritis
1273 4172 1546 4239 Christi:
1597 4172 1766 4256 quod
1789 4171 1925 4235 scil.
1951 4191 2142 4235 causa
2163 4174 2525 4235 nostrorum
2548 4172 2921 4238 meritorum
2952 4174 3085 4239 sint

139 4261 396 4327 auxilia
419 4261 702 4346 gratiae3
730 4283 894 4345 quae
923 4261 1107 4326 nobis
1133 4262 1365 4327 dantur
1388 4283 1464 4326 ex
1486 4260 1734 4325 meritis
1758 4258 2019 4324 Christi.
2066 4256 2231 4323 Vide
2273 4281 2352 4323 ex
2396 4260 2856 4327 recentioribus
2890 4262 3079 4335 Beca-

133 4372 310 4417 num
342 4350 416 4415 in
449 4350 649 4417 Theol.
675 4351 968 4417 Scholasl.
999 4363 1167 4435 parc.
1197 4351 1256 4413 3.
1292 4362 1462 4415 tract.
1494 4349 1550 4413 1.
1578 4369 1715 4434 cap.
1743 4348 1845 4412 14.
1874 4367 1983 4435 qu.
2017 4346 2119 4410 12.
2168 4345 2300 4412 Ubi
2342 4346 2539 4413 refert
2568 4349 2940 4416 intestinam
2972 4373 3081 4415 su-

137 4460 330 4505 orum
359 4440 873 4518 controversiam,
907 4438 1012 4504 An
1041 4460 1232 4524 opera
1263 4443 1482 4504 nostra
1505 4438 1677 4505 facta
1699 4458 1814 4521 per
1843 4434 2089 4501 auxilia
2127 4436 2401 4520 gratiae,
2425 4437 2707 4505 valorem
2738 4462 2851 4505 seu
2876 4439 3080 4505 virtu-

2946 4530 3083 4596 tem
