3694 4871
748 323 2505 400 D1sr.[ILDananannsmmiDm.
2671 409 2676 414 ⁸
3009 331 3094 396 63

154 520 213 583 8.
244 519 299 582 si
320 518 493 583 bene
525 517 807 582 memini.
833 515 925 582 Ut
949 521 1164 581 tamen
1194 516 1457 582 candide
1481 517 1706 595 dicam,
1740 517 1908 601 quod
1934 539 2034 585 res
2060 519 2174 596 est,
2199 515 2478 581 nondum
2507 517 2683 581 video
2709 516 3092 582 contrariam

150 607 559 682 sententiam,
610 628 801 689 quam
848 605 1125 670 antehac
1154 607 1222 669 in
1244 606 1409 691 disp.
1434 629 1575 672 mea
1606 607 1839 690 dejure
1869 605 1930 672 ἃ
1939 606 2196 689 justitia
2223 605 2340 670 Dei
2369 605 2667 689 proposui
2691 606 3090 691 argumentis

152 697 275 760 tuis
310 696 479 762 salis
505 695 785 779 alioquin
811 694 1154 759 subtilibus
1180 695 1398 758 elisam
1429 717 1583 759 esse.
1618 693 1867 779 Reponi
1897 694 2068 760 enim
2091 699 2301 778 potest
2325 694 2577 758 axioma
2601 694 2759 758 illud
2785 695 2861 758 de
2886 694 3091 759 libero

150 783 267 850 Dei
312 786 575 850 decreto
620 807 731 848 seu
778 783 1105 848 voluntate
1127 787 1435 866 ¹tanquam
1460 783 1667 867 prima
1692 806 1883 848 causa
1914 783 2157 848 nullam
2182 805 2470 847 normam
2495 787 2606 846 aut
2629 805 2992 848 mensuram
3020 805 3090 848 se

150 875 423 958 priorem
486 873 783 951 habente,
838 871 931 936 ita
976 872 1381 936 limitandum
1432 895 1587 951 esse,
1614 893 1693 936 ex
1721 876 1935 938 mente
1961 871 2454 956 Theologorum,
2480 874 2553 935 ut
2577 871 2823 935 dicatur
2843 871 3088 936 nullam

152 962 473 1028 velitionis
528 961 779 1026 divinae
824 983 1114 1025 normam
1160 983 1297 1024 esse
1320 961 1401 1024 ab
1434 963 1617 1024 extra
1638 983 1751 1024 seu
1774 965 1954 1026 extra
1986 959 2227 1025 Deum:
2279 982 2402 1042 quo
2429 964 2642 1024 tamen
2667 982 2790 1024 non
2819 963 3092 1046 negetur

150 1074 439 1115 normam
489 1050 537 1114 δι
587 1071 953 1114 mensuram
997 1049 1273 1132 priorem
1335 1050 1428 1135 (in
1470 1050 1636 1134 sign.
1664 1050 1799 1114 scil.
1826 1048 2120 1134 rationis)
2153 1069 2288 1113 esse
2315 1049 2397 1112 ab
2419 1048 2591 1112 intra
2616 1050 2662 1115 Sc
2685 1049 2751 1113 in
2785 1047 2942 1127 Dec,
2970 1049 3091 1114 hoc

152 1145 263 1218 est,
314 1139 535 1204 Deum
577 1161 689 1203 seu
712 1143 1009 1202 naturam
1036 1137 1143 1203 Dei
1170 1141 1215 1203 &
1243 1138 1656 1220 'primitatem,
1690 1138 2164 1222 perfectionem,
2192 1141 2572 1220 potestatem
2597 1159 2708 1202 seu
2739 1137 3089 1202 dominium

150 1231 281 1312 ejus
304 1227 653 1293 essentiale
678 1249 1041 1310 supremum
1068 1227 1451 1302 absolutum,
1478 1226 1729 1291 divinae
1756 1226 2076 1292 volitionis
2100 1247 2237 1290 esse
2262 1248 2570 1290 normam.
2626 1223 2953 1300 Quomodo
2979 1249 3088 1291 ne-

150 1319 447 1382 cessitate
494 1317 769 1400 quadam
812 1315 981 1380 Deus
1004 1315 1283 1398 seipsum
1307 1314 1636 1400 intelligit,
1662 1315 1803 1379 vult
1822 1316 2103 1398 seipsum
2127 1318 2173 1381 a
2197 1319 2390 1393 amat,
2417 1314 2834 1379 nihilominus
2864 1315 3089 1380 volun-

152 1411 281 1471 tate
338 1406 551 1470 libera
596 1426 719 1468 non
770 1404 1025 1488 quidem
1071 1404 1533 1479 antecedenter,
1583 1404 1694 1468 sed
1745 1404 2275 1469 concomitanter:
2324 1425 2449 1468 non
2486 1407 2695 1486 potest
2727 1404 2897 1468 enim
2927 1404 3090 1469 velle

154 1496 431 1580 seipsum
488 1516 615 1559 non
662 1515 1059 1578 cognoscere,
1109 1514 1234 1556 non
1258 1515 1495 1571 amare,
1521 1492 1678 1557 item
1704 1515 1830 1557 non
1853 1495 2064 1576 potest
2088 1492 2284 1556 Pater
2307 1491 2469 1556 velle
2493 1514 2618 1556 non
2644 1513 2952 1577 generare
2978 1498 3091 1557 aut

154 1607 365 1648 amare
412 1583 645 1648 filium.
693 1580 881 1646 Dices
926 1581 1245 1665 objectum
1302 1581 1645 1645 voluntatis
1685 1581 1936 1646 divinae
1963 1581 2060 1645 hic
2091 1602 2226 1646 esse
2258 1581 2538 1646 actiones
2561 1581 2608 1645 ἃ
2639 1581 2980 1646 relationes
3009 1582 3090 1645 ad

154 1673 337 1736 intra.
390 1671 828 1736 Mousti-emus
880 1691 1035 1754 ergo
1066 1669 1347 1734 actiones
1372 1670 1417 1736 &
1442 1670 1783 1734 relationes
1812 1670 1894 1734 ad
1918 1675 2117 1734 extra.
2166 1667 2314 1734 Non
2345 1672 2555 1752 potest
2577 1669 2750 1732 Deus
2776 1669 2940 1734 velle
2965 1692 3089 1733 non

156 1763 825 1930 ἓὲἕέἕῖῗιξὲιίῗιξῖἳέ
838 1757 1960 1933 gssffffffissss‘zffl3323313‘23333
1975 1761 2541 1930 531‘32322233335
2547 1779 2671 1910 ¹323,
2679 1759 3092 1931 ¹335&ssss

156 1940 439 2002 omnium
464 1936 1042 2022 producendorum3
1070 1935 1163 1999 ita
1193 1941 1265 1998 ut
1288 1935 1483 2004 Deus,
1510 1936 1715 2018 posito
1740 1937 1909 2018 quod
1935 1936 2089 2000 velit
2113 1936 2381 2000 existere
2405 1934 2570 1998 hanc
2593 1938 2705 1999 aut
2729 1935 2907 1999 illam
2933 1958 3087 2015 rem,

158 2049 276 2090 non
308 2028 517 2111 possit
544 2026 705 2090 velle
730 2047 831 2088 res
856 2024 1046 2088 aliter
1067 2025 1427 2106 producere,
1454 2046 1647 2106 quam
1671 2025 1803 2088 suis
1827 2046 2115 2108 quaeque
2137 2024 2294 2088 ideis
2317 2023 2784 2106 praeformatae
2807 2045 2882 2087 ac
2904 2047 3088 2106 prae-

158 2121 501 2200 conceptae
554 2119 723 2180 sunt.
774 2111 1051 2178 Rursum
1101 2110 1272 2176 Deus
1321 2113 1675 2177 necessario
1724 2113 1858 2196 (sed
1905 2135 1984 2178 ex
2013 2112 2354 2195 hypothesi
2401 2115 2728 2177 creaturae
2759 2112 3089 2176 rationalis

164 2205 505 2289 peccantis)
554 2203 692 2268 vult
738 2201 961 2286 punire
1014 2205 1273 2284 peccata
1313 2201 1657 2266 secundum
1679 2200 1967 2278 δικαίωμα
1993 2223 2176 2265 suum
2203 2201 2410 2286 (Rom.
2450 2201 2503 2266 1.
2533 2200 2667 2283 30.)
2699 2203 2746 2266 81
2769 2200 3086 2283 justitiam

166 2293 540 2376 punitivam,
591 2290 1007 2355 nihilominus
1056 2289 1252 2354 libere
1271 2313 1287 2367 ;
1306 2309 1429 2354 nec
1450 2294 1663 2354 tamen
1682 2290 1936 2373 justitia
1968 2289 2256 2373 punitiva
2279 2290 2344 2354 in
2371 2310 2630 2374 egressu
2653 2310 2765 2352 seu
2787 2289 3088 2353 exercitio

164 2403 271 2447 suo
316 2381 767 2447 antecedenter
811 2379 1015 2445 libera
1050 2381 1167 2458 est,
1195 2378 1289 2443 ita
1314 2381 1386 2443 ut
1409 2378 1611 2463 possit
1634 2377 1806 2444 Deus
1840 2378 2004 2444 velle
2027 2400 2153 2443 non
2175 2378 2421 2462 punire,
2446 2376 2654 2462 posito
2677 2376 2919 2443 scilicet
2943 2399 3086 2462 pec-

162 2474 316 2536 cato.
364 2471 551 2547 Quod
595 2469 650 2534 si
682 2468 789 2533 hic
810 2468 974 2533 nolis
998 2468 1405 2533 succumbere
1429 2467 1892 2551 objectionibus
1917 2467 2284 2533 Doctissimi
2317 2466 2546 2532 Twissi
2578 2467 2878 2532 adversus
2894 2467 3085 2551 justi-

164 2559 285 2625 tiae
330 2559 799 2635 necessitatem,
832 2557 928 2620 uti
959 2561 1023 2621 te
1047 2556 1217 2621 nolle
1241 2556 1535 2633 arbitror,
1562 2556 1781 2640 utique
1806 2556 1978 2621 vides
2010 2560 2388 2642 argumenta
2417 2559 2532 2619 tua
2553 2576 2679 2621 non
2709 2578 2848 2621 esse
2868 2554 3079 2615 ἄλυτα.

164 2646 271 2712 Sin
309 2672 461 2714 vero
500 2648 569 2711 in
592 2645 821 2712 Twissi
846 2645 1229 2711 sententiam
1252 2644 1573 2723 concedaS,
1599 2646 1791 2729 paulo
1822 2645 2013 2710 aliter
2035 2648 2223 2710 erunt
2249 2644 2655 2709 instruendae
2680 2646 2727 2710 ἃ
2749 2643 3086 2728 applican—

166 2736 275 2801 dae
318 2736 761 2821 responsiones
808 2735 855 2799 ἃ
908 2732 1307 2817 exceptiones
1355 2737 1626 2798 nostrae.
1676 2732 1803 2799 Sed
1847 2734 1924 2798 de
1970 2734 2072 2798 his
2103 2733 2559 2799 accuratiorem
2581 2732 3088 2815 disquisitionem

168 2826 533 2911 diligentiae
586 2828 735 2889 tuae
782 2823 1106 2905 relinquo:
1164 2821 1322 2885 mihi
1374 2822 1543 2887 enim
1590 2844 1712 2887 non
1756 2826 1940 2887 vacat
1964 2844 2130 2887 nunc
2153 2845 2232 2887 ex
2252 2821 2539 2907 professo
2559 2826 2672 2885 tua
2696 2824 3010 2902 excutere,
3041 2825 3088 2888 ἃ

167 2914 371 2979 theses
416 2936 593 2979 meas
639 2912 947 2997 relegere,
970 2911 1159 2975 alteri
1189 2910 1501 2975 occasioni
1526 2910 1644 2977 hoc
1668 2911 2118 2977 reservandum
2145 2914 2260 2975 est.
2310 2911 2403 2975 De
2427 2910 2772 2994 hypothesi
2801 2932 2915 2975 seu
2937 2932 3087 2975 con·-

170 3004 428 3070 sectario
478 3002 666 3086 hujus
700 2999 1109 3083 quaestioniS,
1134 3000 1235 3065 An
1258 3000 1431 3067 Deus
1450 3001 1646 3083 possit
1668 3002 2020 3085 praecipere
2040 3012 2153 3065 auc
2181 3001 2330 3065 velle
2347 3000 2703 3084 praecipere
2726 3010 3046 3083 peccatum
3063 3023 3091 3077 ,⁰

172 3092 439 3175 exempli
484 3090 696 3177 gratia
745 3088 1226 3173 blasphemiam,
1257 3088 1471 3152 odium
1504 3087 1645 3167 Dei,
1670 3091 1769 3155 &a
1804 3089 1894 3155 sic
1925 3110 2168 3169 censen,
2193 3088 2352 3153 illud
2375 3111 2502 3153 non
2525 3087 2683 3153 satis
2706 3091 2847 3151 tuto
2869 3088 2916 3153 u
2939 3110 3086 3171 pru·

172 3180 381 3245 denter
423 3203 503 3245 ex
555 3178 724 3243 thesi
769 3177 1074 3262 generali,
1112 3198 1273 3260 quae
1299 3180 1477 3242 extra
1499 3199 1753 3242 omnem
1784 3177 2248 3242 dubitationem
2271 3177 2318 3241 ἃ
2343 3176 2788 3242 difficultatem
2807 3177 3088 3241 nondum

173 3267 233 3331 in
278 3270 415 3335 luce
470 3268 677 3352 posita
724 3269 842 3344 est,
894 3266 1003 3330 sed
1037 3266 1249 3349 potius
1295 3264 1593 3330 duritiem
1640 3268 1686 3332 81
1724 3266 2134 3331 difficillimas
2166 3264 2644 3349 consequentias
2669 3265 2804 3349 ejus
2825 3265 3088 3330 suadere

176 3378 363 3439 mse,
392 3354 819 3441 quaerendam
844 3354 1127 3437 aliquam
1151 3354 1621 3435 limitationem,
1650 3355 1831 3441 [pag.
1860 3354 2023 3440 390]
2049 3358 2162 3419 aut
2184 3354 2415 3419 saltem
2437 3353 2938 3437 amplectendam
2955 3357 3090 3417 tan-

174 3444 359 3529 tisper
404 3446 687 3529 aliquam
726 3442 950 3521 ἐπ-οχῖμ
991 3442 1157 3508 circa
1188 3442 1399 3507 thesin
1442 3444 1827 3527 generalem.
1875 3441 2282 3508 Scholasticis
2313 3464 2442 3507 non
2471 3440 2840 3524 infrequens
2861 3441 2990 3505 fuit
3011 3442 3088 3507 de

176 3532 345 3601 istius
392 3533 647 3621 generis
690 3531 1051 3597 durioribus
1099 3530 1403 3614 quaesitis
1458 3533 1731 3616 exempli
1755 3532 1985 3617 gratia,
2025 3532 2127 3597 An
2161 3531 2444 3597 Christus
2473 3530 2742 3615 potuerit
2765 3548 3088 3595 assumere

176 3623 359 3689 aliam
382 3642 825 3710 quamcunque
846 3632 1172 3699 naturam,
1189 3632 1302 3686 aut
1312 3620 1667 3685 humanam
1678 3620 2408 3705 naturampeccalricem,
2433 3616 2542 3685 ἃς.
2564 3618 2764 3683 libere
2781 3617 3089 3685 disserere

179 3712 265 3775 uti
305 3714 351 3779 ἃ
402 3714 573 3777 inter
626 3732 731 3775 eos
789 3710 1031 3775 Occam.
1087 3708 1175 3775 ad
1220 3709 1279 3773 2.
1306 3710 1451 3773 disc.
1482 3708 1585 3773 19.
1612 3709 1880 3791 quaerit.
1908 3709 2012 3774 Aa
2035 3710 2208 3777 Deae
2240 3708 2486 3774 homini
2510 3707 2710 3791 possit
2729 3706 3089 3792 praecipere

178 3812 372 3867 actum
418 3802 550 3866 odii
562 3800 597 3864 ?
646 3797 784 3863 Nos
826 3802 1043 3863 tamen
1098 3797 1404 3862 abstineri
1452 3796 1749 3863 malimus
1804 3798 1885 3862 ab
1923 3798 2238 3872 omnibus,
2273 3818 2434 3880 quae
2463 3800 2692 3861 sonant
2723 3795 2793 3859 in
2821 3794 3086 3860 malum.

182 3885 340 3954 Inter
392 3889 541 3968 alia,
588 3909 751 3971 quae
776 3908 977 3970 nuper
999 3908 1113 3969 per
1136 3884 1527 3951 occasionem
1558 3886 1624 3949 in
1648 3890 1928 3951 mentem
1960 3886 2318 3964 veniebant,
2342 3884 2469 3949 fuit
2493 3884 2540 3950 a
2563 3883 2758 3949 illud:
2785 3883 2984 3947 videri
3009 3904 3088 3947 ex

182 3980 281 4042 tua
322 3976 639 4043 sententia
692 3974 892 4058 sequi,
938 3973 1146 4039 Deum
1192 3973 1589 4058 providentia
1612 3978 1727 4039 sua
1750 3975 1960 4039 activa
1983 3996 2120 4041 esse
2144 3977 2432 4039 autorem
2455 3972 2718 4055 peccati.
2769 3970 2894 4047 Qui
2916 3972 3088 4037 enim

184 4066 317 4147 quid
351 4065 678 4151 praecipit,
703 4068 803 4128 est
824 4084 1013 4128 causa
1029 4063 1287 4127 moralis
1312 4084 1423 4126 seu
1444 4062 1625 4121 αἴτιον
1650 4060 2176 4139 emmonem-miv,
2206 4061 2302 4126 uti
2333 4082 2474 4125 eam
2490 4060 2772 4146 appellat
2793 4058 3088 4125 Philoso-

186 4154 606 4241 phus.‚Vidisti
630 4152 846 4237 procul
864 4151 1075 4229 dubio,
1098 4173 1261 4235 quae
1286 4150 1454 4215 Clar.
1479 4148 1558 4215 D.
1587 4151 1952 4231 Maec-ovim,
1977 4152 2024 4217 a
2046 4148 2338 4215 Eximius
2362 4150 2602 4215 Doctor
2629 4150 2805 4217 Clam
2828 4149 3088 4235 elegan-

186 4245 270 4307 ter
311 4244 729 4327 conceperunt
774 4241 851 4305 de
881 4239 1278 4325 providentia
1301 4238 1423 4303 Dei
1452 4239 1701 4303 morali.
1748 4236 1876 4304 Sed
1901 4239 1996 4303 uti
2011 4239 2148 4322 jam
2180 4238 2331 4315 dixi,
2357 4236 2516 4305 haec
2537 4238 2790 4323 aliaque
2813 4237 3088 4324 diligen-

186 4330 297 4397 tiae
324 4336 473 4397 tuae
504 4332 669 4396 serio
693 4328 1165 4409 consideranda,
1190 4330 1235 4394 s
1268 4349 1412 4392 cum
1436 4327 1843 4392 subtilissimi
1867 4350 1940 4392 ac
1970 4326 2398 4392 subactissimi
2415 4326 2640 4411 judicii
2663 4326 2992 4413 Theologo
3015 4348 3089 4392 ac

188 4418 545 4506 philosopho
600 4418 679 4485 D.
727 4416 1049 4484 Maccovio
1094 4415 1475 4482 conferenda
1521 4416 1832 4499 relinquo,
1881 4414 2000 4480 Ille
2046 4415 2153 4479 hic
2198 4414 2320 4480 tibi
2347 4416 2564 4499 aquila
2585 4417 2672 4481 sit
2701 4416 2770 4481 in
2793 4413 3094 4496 nubibus,

2949 4524 3096 4589 Per·
