3694 4871
740 309 1630 376 D1s12.III.DeJnRe
1678 312 2251 376 ETJUS'I'ITIA
2298 307 2485 373 Der.
2998 306 3083 370 53

127 495 208 556 τὸ
251 498 596 581 dependere
647 498 694 563 a
733 494 803 555 τὸ
843 497 1028 581 prius
1060 501 1406 571 θεοπρεπῶς
1436 495 1803 579 accipiatur,
1854 494 1921 558 in
1974 494 2159 580 signo
2210 493 2453 559 scilicet
2504 491 2791 572 rationis,
2846 492 3085 576 absque

131 585 596 669 compositione
621 585 686 649 in
710 583 868 665 Deo,
903 590 1016 650 aut
1038 584 1444 650 distinctione
1467 583 1647 648 reali.
1695 581 1801 648 Sic
1823 582 2093 648 scientia
2118 583 2451 648 indefinita
2474 581 2898 666 possibilium,
2925 580 3084 645 item

131 675 322 739 ideae
367 674 616 738 divinae
650 677 838 759 (quae
883 696 1010 738 non
1042 677 1190 738 sunt
1236 674 1316 738 ad
1347 673 1537 751 intra,
1563 695 1679 736 nec
1701 671 2127 736 terminantur
2148 673 2217 735 in
2250 670 2407 750 Dec,
2435 671 2544 736 sed
2567 670 2784 735 dicunt
2813 691 3073 753 respec-

131 767 282 826 tum
309 764 388 826 ad
413 762 585 826 aliud
610 762 762 845 quid
794 767 973 826 extra
998 760 1231 845 Deum)
1256 765 1406 826 sunt
1437 761 1883 826 antecedenter
1912 765 2061 824 ante
2100 761 2493 824 voluntatem
2520 761 2567 825 ἃ
2591 759 2913 823 decretum
2935 757 3081 822 Dei.

133 851 312 926 Quin
337 851 464 916 imo
489 851 704 915 omnia
727 850 1038 914 attributa
1061 850 1252 934 primi
1276 849 1552 936 generiS,
1577 853 1648 913 ut
1687 851 1734 914 81
1780 848 2145 914 intellectus
2174 849 2417 914 habent
2440 870 2507 912 se
2539 847 2982 913 antecedenter
3003 847 3086 910 ad

133 941 268 1004 Dei
314 941 732 1004 voluntatem.
779 937 1034 1004 Sufficit
1084 960 1238 1024 ergo
1286 939 1514 1003 evitari
1558 937 1680 1002 hoc
1734 937 2099 1012 absurdum,
2148 959 2273 1020 quo
2318 939 2705 1002 statueretur
2736 934 3086 1018 dependere

133 1028 354 1093 Deum
402 1029 481 1093 ab
527 1029 741 1111 aliquo
785 1032 966 1092 extra
990 1050 1078 1106 se,
1104 1032 1216 1092 aut
1238 1027 1504 1113 proponi
1530 1049 1604 1091 ac
1625 1025 1896 1090 revelari
1922 1025 2105 1091 nobis
2130 1029 2169 1089 a
2190 1024 2327 1090 Deo
2352 1024 2609 1107 aliquod
2631 1024 2865 1088 bonum
2894 1023 3082 1088 inde-

133 1117 494 1200 pendenter
523 1119 562 1180 a
591 1117 918 1181 voluntate
949 1114 1102 1180 Dei:
1129 1116 1627 1201 independenter
1653 1115 1790 1179 dico
1821 1114 1989 1197 quod
2021 1115 2101 1178 ad
2131 1114 2585 1178 revelationem
2609 1114 2656 1178 ἃ
2686 1113 3081 1176 mandatum.

133 1205 316 1270 Nam
362 1209 572 1289 potest
603 1228 738 1269 esse
785 1204 1095 1288 quaedam
1135 1205 1300 1270 ratio
1327 1204 1546 1269 boni&
1570 1203 1729 1268 recti
1750 1202 1818 1266 in
1841 1203 2059 1267 ordine
2083 1203 2161 1267 ad
2184 1202 2530 1279 hominem,
2557 1223 2719 1284 quae
2754 1201 3086 1266 antecedat

135 1295 540 1358 voluntatem
563 1293 685 1358 Dei
706 1294 772 1357 in
797 1293 982 1378 signo
1004 1294 1289 1359 rationis.
1337 1290 1450 1356 XI.
1477 1291 1629 1378 Ary.
1677 1291 1745 1356 Si
1771 1291 1946 1356 Deus
1968 1295 2179 1376 potest
2202 1290 2572 1375 permittere
2593 1287 3081 1374 blasphemiam,

132 1383 360 1447 odium
409 1383 507 1446 sui
553 1385 652 1448 διο.
702 1403 854 1468 ergo
907 1386 1117 1466 potest
1162 1381 1548 1466 praecipere.
1599 1382 1780 1465 Resp.
1841 1381 1987 1465 Ney.
2029 1399 2427 1466 consequens.
2475 1377 2627 1442 Pari
2671 1377 2919 1442 ratione
2942 1377 3085 1460 quis

131 1472 412 1536 inferat:
462 1469 531 1536 Si
561 1469 737 1535 Deus
785 1474 993 1554 potest
1046 1470 1288 1546 ἁνομίκν
1334 1493 1460 1553 qua
1483 1471 1679 1534 talem
1705 1491 1816 1533 seu
1839 1471 2168 1553 peccatum
2193 1467 2483 1552 quodque
2514 1466 2907 1550 permittere,
2933 1487 3086 1551 ergo

132 1563 184 1626 ἃ
236 1560 471 1624 facere.
517 1559 689 1624 Nam
734 1557 805 1618 τὲ
848 1558 1210 1643 praecipere
1259 1559 1413 1623 dicit
1467 1562 1786 1644 agentem,
1835 1556 2171 1636 actionem,
2226 1559 2272 1623 8⁶
2318 1555 2730 1620 efficientiam
2755 1555 3082 1619 moralem.

131 1649 370 1714 Posset
393 1671 546 1734 ergo
569 1671 705 1713 esse
730 1651 915 1713 autor
941 1648 1200 1731 peccati.
1250 1645 1537 1732 Urgetur
1559 1668 1746 1731 porro
1771 1646 1893 1710 hoc
1917 1665 2088 1731 ar9.:
2117 1645 2285 1729 quod
2306 1643 2511 1708 multo
2534 1643 2745 1707 minus
2770 1647 3089 1727 repugnet

131 1737 282 1802 Deo
307 1737 676 1801 mandatum
699 1736 1158 1821 blasphemiae,
1182 1758 1376 1819 quam
1409 1735 1772 1820 permissi03
1806 1734 1957 1818 quia
1980 1736 2389 1818 praeceptum
2416 1736 2513 1796 est
2552 1735 2887 1796 externum
2913 1731 3088 1814 quid,

130 1827 438 1890 voluntas
483 1825 858 1909 permissiva
905 1829 1000 1890 est-
1046 1825 1367 1890 internum
1417 1824 1462 1890 St
1513 1823 1849 1889 essentiale
1889 1823 2010 1888 Dei
2035 1822 2437 1887 attributum.
2488 1822 2669 1906 Hesp.
2699 1821 2757 1884 1.
2783 1818 2907 1885 Sed
2928 1819 3089 1885 haec

131 1919 254 1980 aut
303 1914 418 1978 illa
449 1915 714 1979 actualis
760 1913 1112 1998 permissiO,
1156 1917 1202 1979 &
1228 1913 1594 1978 terminatio
1619 1911 1967 1976 voluntatis
1990 1911 2401 1996 permissivae
2424 1931 2551 1974 non
2584 1913 2682 1974 est
2704 1908 2841 1973 Deo
2864 1908 3086 1973 intrin-

131 2026 286 2080 seca
333 2005 382 2068 St
435 2003 789 2068 essentialis
819 2003 1047 2088 magis,
1075 2025 1266 2085 quam
1289 2003 1661 2067 mandatum
1689 1999 1830 2066 Dei.
1882 2011 2103 2084 Aeque
2128 1999 2296 2064 enim
2330 1998 2531 2063 ,libere
2556 1996 2799 2080 aliquid
2820 1998 3083 2080 permit-

133 2093 222 2156 tit
273 2115 350 2157 ac
404 2093 683 2156 mandat.
733 2095 793 2155 2.
837 2091 1060 2156 Posset
1107 2091 1250 2175 quis
1292 2093 1512 2156 eodem
1561 2090 1746 2154 modo
1800 2087 2257 2174 argumentari,
2290 2087 2498 2152 facere
2522 2089 2853 2170 peccatum
2874 2085 3085 2150 minus

131 2185 463 2266 repugnat
509 2180 668 2260 Dec,
715 2203 906 2264 quam
957 2180 1250 2245 voluntas
1291 2179 1666 2264 permissiva
1711 2177 1987 2261 peccati:
2038 2176 2187 2261 quia
2231 2175 2395 2240 illud
2434 2179 2531 2240 est
2556 2178 2887 2239 externum
2912 2174 3085 2258 quid,

133 2271 264 2334 hoc
313 2292 462 2334 vero
515 2269 854 2334 essentiale
884 2268 1010 2333 Dei
1034 2269 1436 2333 attributum.
1485 2267 1618 2332 Ubi
1640 2266 1807 2332 hanc
1823 2265 2340 2349 consequentiam
2365 2262 2724 2329 dissolverit
2741 2284 3084 2347 opponens,

131 2358 388 2422 videbit
432 2360 478 2424 a
523 2381 704 2422 suam
746 2359 967 2422 eadem
997 2380 1188 2441 opera
1213 2357 1510 2421 solutam.
1534 2354 1681 2420 XII.
1709 2356 1859 2441 Arq.
1892 2354 2085 2441 Lege,
2121 2355 2381 2440 ejusque
2404 2351 2915 2438 promulgatione
2940 2350 3086 2416 sub-

131 2448 276 2511 lata
323 2447 570 2511 nullum
617 2452 825 2531 potest
857 2469 993 2511 esse
1033 2446 1370 2511 discrimen
1417 2446 1577 2529 justi
1625 2446 1672 2509 δι
1695 2444 1950 2528 injusti:
1978 2444 2153 2529 Ergo
2181 2442 2577 2527 blasphemia
2599 2464 2726 2506 non
2750 2445 2850 2505 est
2871 2463 3087 2525 pecca-

129 2542 304 2613 tum,
345 2535 468 2600 nisi
516 2559 594 2600 ex
623 2535 964 2620 hypothesi
1006 2535 1168 2619 legis
1195 2535 1612 2618 prohibentis·
1664 2535 1842 2618 Hesp.
1892 2532 2253 2597 Discrimen
2275 2532 2527 2596 nullum
2554 2533 2653 2595 est
2681 2529 2832 2595 boni
2859 2531 2905 2596 ἃ
2928 2530 3085 2594 mali

131 2625 312 2709 apud
359 2624 682 2689 hominem
728 2647 840 2688 seu
871 2624 1037 2706 quod
1076 2623 1157 2687 ad
1187 2622 1616 2709 cognitionem
1639 2622 1939 2699 hominis,
1970 2622 2073 2687 cui
2098 2620 2203 2685 lex
2226 2621 2360 2685 lata
2385 2619 2668 2683 revelata
2690 2640 2817 2683 non
2842 2618 2960 2683 sit:
2988 2623 3087 2683 est

127 2719 360 2777 tamen
384 2713 551 2796 apud
575 2712 804 2777 Deum.
852 2709 983 2776 Ubi
1003 2712 1182 2775 nulla
1213 2716 1310 2777 est
1335 2714 1508 2775 recta
1543 2710 1708 2775 ratio
1731 2712 1800 2774 in
1821 2710 2103 2788 homine,
2153 2708 2349 2774 immo
2381 2708 2492 2773 ubi
2514 2708 2731 2772 nullus
2751 2706 2967 2787 hom0‚
2993 2707 3086 2772 ibi

127 2803 390 2866 nullum
417 2801 774 2881 discrimen,
803 2800 946 2865 boni
973 2804 1085 2863 aut
1110 2800 1284 2879 mali,
1309 2801 1506 2864 immo
1529 2821 1646 2863 nec
1675 2799 1809 2863 veri
1841 2800 1889 2864 8⁶
1912 2797 2084 2862 falsi.
2132 2796 2257 2863 Sed
2280 2797 2430 2862 inde
2454 2819 2582 2861 non
2606 2796 2894 2880 sequitur
2918 2796 3085 2881 apud

131 2890 350 2955 Deum
376 2912 500 2954 non
527 2912 696 2966 esse3
729 2889 839 2973 qui
864 2892 960 2953 est
983 2889 1190 2972 prima
1213 2891 1385 2953 recta
1409 2888 1594 2967 rati0,
1621 2888 1828 2971 prima
1852 2890 1899 2953 a
1924 2908 2219 2971 suprema
2243 2886 2481 2951 veritas
2505 2885 2551 2951 ἃ
2582 2886 2849 2950 bonitaS.
2876 2884 3083 2951 Immo

129 2979 354 3063 potius
410 2978 697 3061 sequitur
741 3000 962 3043 verum
997 2978 1044 3041 δε
1068 2977 1306 3041 bonum
1339 2998 1681 3059 eorumque
1713 2975 2050 3041 discrimen
2086 2979 2123 3039 a
2145 2975 2311 3039 falso
2344 2977 2391 3041 ἃ
2418 2974 2611 3052 male,
2635 2996 2889 3039 omnem
2912 2997 3085 3039 reve·

131 3068 453 3132 lationem
493 3069 538 3132 St
585 3066 792 3152 legem
841 3065 1060 3130 ordine
1091 3069 1357 3129 naturae
1403 3065 1798 3149 praecedere,
1825 3068 2139 3148 quatenus
2164 3064 2299 3129 scil.
2327 3067 2477 3128 surt
2507 3063 2825 3146 objectum
2852 3062 3013 3147 legis
3038 3063 3087 3127 a

131 3155 552 3221 revelationis
577 3160 608 3219 ⁴?
645 3178 768 3219 non
826 3176 975 3219 vero
1022 3176 1135 3238 per
1175 3176 1249 3217 ea
1294 3154 1550 3218 demum
1588 3152 1910 3218 constitui.
1961 3152 2157 3228 Quasi
2180 3153 2323 3236 quis
2358 3152 2549 3230 dicat,
2578 3150 2679 3215 bis
2713 3152 2893 3237 [pag.
2920 3150 3083 3236 377]

131 3246 265 3309 duo
307 3266 444 3309 esse
489 3248 779 3326 quatuor,
825 3245 1034 3307 totum
1083 3265 1218 3307 esse
1265 3243 1470 3326 majus
1509 3244 1624 3306 sua
1669 3245 1872 3325 parte,
1900 3240 2085 3305 Nihil
2113 3241 2304 3305 simul
2330 3262 2513 3325 posse
2541 3262 2677 3303 esse
2701 3240 2747 3305 ἃ
2778 3260 2901 3303 non
2926 3260 3083 3318 esse,

131 3335 382 3401 bonum
406 3355 532 3397 non
560 3356 694 3399 esse
718 3332 981 3409 malum,
1006 3329 1216 3395 Deum
1239 3354 1376 3395 esse
1398 3330 1861 3409 honorandum,
1886 3330 2142 3413 aliaque
2175 3330 2497 3394 axiomata
2528 3330 2823 3391 aeternae
2848 3326 3084 3390 verita-

131 3422 224 3487 tis
268 3426 406 3485 tam
429 3422 708 3505 practica
738 3442 929 3504 quam
955 3420 1336 3505 dogmatica,
1361 3441 1498 3483 esse
1523 3418 1953 3483 indifferentia
1974 3418 2053 3482 ad
2078 3418 2413 3483 veritatem
2439 3418 2485 3483 ἃ
2508 3415 2857 3479 falsitatem
2886 3436 3084 3497 usque

134 3511 220 3574 ad
239 3509 692 3574 revelationem
717 3511 868 3574 huic
894 3512 1007 3571 aut
1028 3508 1128 3572 illi
1149 3506 1398 3571 homini
1421 3506 1680 3571 factam.
1721 3507 2076 3592 Analogice
2102 3505 2229 3570 huc
2251 3504 2559 3589 applicari
2590 3506 2799 3587 potest
2822 3501 3083 3567 distinc-

132 3598 229 3663 tio
254 3599 336 3662 de
361 3598 722 3663 futurorum
745 3596 1249 3681 contingentium
1277 3595 1698 3659 determinata
1723 3595 2015 3660 veritate.
2062 3594 2159 3659 De
2186 3616 2313 3677 qua
2336 3594 2403 3657 in
2420 3591 2849 3659 dissertatione
2871 3593 3085 3655 nostra

135 3688 217 3752 de
258 3687 554 3753 Termino
599 3688 776 3752 vitae.
825 3686 1038 3769 Atque
1087 3685 1245 3749 haec
1285 3684 1536 3767 quidem
1578 3688 1979 3769 argumenta,
2006 3705 2167 3767 quae
2194 3704 2309 3766 pro
2334 3682 2593 3747 adversa
2617 3679 2933 3744 sententia
2956 3679 3081 3744 ad-

135 3776 300 3841 ferri
315 3775 546 3841 solent.
595 3776 1020 3859 Exceptiones
1045 3774 1126 3839 ad
1153 3777 1370 3837 nostra
1401 3776 1780 3857 argumenta
1803 3771 2099 3855 sequenti
2114 3774 2298 3855 parte
2323 3769 2846 3854 perstringemus.

869 3955 1702 4032 COROLLARIA
1775 3954 2351 4030 AFFINIA.

231 4137 302 4206 1.
339 4138 443 4202 An
448 4137 490 4220 j
493 4156 566 4201 us
588 4138 832 4220 forense
855 4138 1198 4201 Mosaicum
1221 4136 1579 4205 immediate
1607 4134 1898 4201 divinum
1924 4134 1985 4200 ἃ·
2013 4136 2055 4197 ὰ
2084 4128 2215 4199 Deo
2246 4131 2569 4211 traditum,
2600 4153 2673 4197 ac
2690 4133 2958 4233 proinde
2981 4136 3087 4196 ἐα-

131 4225 525 4313 pientissima
546 4227 946 4291 constitutum
972 4225 1200 4291 nullibi
1229 4244 1596 4309 repuynans
1607 4224 1751 4307 juri
1773 4224 2079 4302 naturali,
2103 4233 2213 4287 aut
2236 4221 2452 4286 divino
2475 4223 2707 4287 moralz
2737 4240 2847 4287 seu
2863 4242 3085 4306 perpe-
3152 4304 3158 4308 ¹

136 4330 246 4382 luo
262 4339 287 4391 ;
313 4316 384 4378 in
406 4312 697 4379 omnib-us
722 4314 1188 4399 Rebuspublicia
1219 4314 1590 4379 Christianis
1618 4312 1859 4393 habeat,
1884 4323 1995 4378 aut
2018 4312 2238 4376 saltem
2261 4309 2484 4375 habere
2505 4310 2712 4375 debeat
2736 4310 2865 4375 vim
2890 4310 3036 4394 leqia
3054 4310 3087 4374 ἲ

135 4403 337 4487 Resp.
360 4400 534 4487 Neg.
565 4402 641 4467 de
669 4404 990 4469 communi
1023 4402 1445 4488 theoloyorum
1467 4422 1794 4468 consensu.
2876 4486 2915 4547 2
2984 4484 3035 4548 A

2921 4533 2935 4548 .
3038 4504 3086 4547 η
