3694 4871
1390 140 1469 168 ”a

1279 333 1361 375 111
1437 311 1734 376 11111103
1825 310 2093 376 F1na1.
3099 311 3139 374 5

197 505 346 579 unt,
370 499 418 564 ἃ
441 503 770 564 removent
798 502 838 563 a
859 498 1304 564 collationibus
1328 501 1376 566 a
1407 497 1945 581 disputationibus
1969 497 2301 563 nobiscum
2322 497 2633 563 habendis
2666 520 2919 563 omnem
2943 497 3138 585 Logi—

199 613 346 654 cam
373 588 754 667 naturalem,
779 589 827 654 ἃ
849 588 1272 666 artificialem,
1297 587 1628 652 docentem
1651 588 1699 653 81
1723 589 2030 651 utentem.
2057 583 2243 662 Quod
2264 586 2595 652 inventum
2618 584 2863 670 primus
2888 586 3141 652 videtur

199 676 559 762 prodidisse
599 677 842 744 Jcsuita
884 679 1207 744 Gunterus
1255 677 1325 740 in
1370 675 1671 761 colloquio
1709 675 2110 754 Betriacensi,
2156 674 2347 739 Anno
2376 674 2569 740 1612.
2592 697 2717 739 non
2741 677 2875 739 tam
2900 674 3141 755 habite,

201 788 403 850 quam
444 769 724 830 tentato:
773 765 1177 850 perfecerunt
1218 764 1576 829 Pandoram
1610 763 1792 828 illam
1827 763 2086 828 tandem
2123 761 2169 828 J
2170 763 2413 828 esuitae
2444 763 2514 827 in
2550 761 2761 829 Gallis
2790 761 2958 828 inter
2983 786 3141 848 quos

199 854 469 918 emicuit
497 853 845 934 VerronuS,
878 853 990 938 qui
1014 852 1224 918 nescio
1249 875 1412 936 quae
1427 851 1702 936 epinicia
1726 851 1915 917 editis
1938 851 2121 916 libris
2146 873 2270 916 11011
2296 851 2614 932 cecinerit,
2647 873 2812 937 quae
2832 851 3143 918 miracula

197 942 304 1006 illi
343 963 471 1006 non
511 942 830 1008 tribuerit.
871 941 1038 1018 Quid
1072 941 1148 1006 de
1186 942 1386 1026 fungo
1425 943 1472 1008 s
1495 939 1538 1006 J
1540 962 1700 1005 onae
1724 939 1924 1004 ricino
1948 940 2062 1012 1110
2087 940 2329 1005 factum
2360 940 2464 1016 sit,
2492 943 2539 1008 s
2562 961 2687 1024 quo
2711 961 3003 1006 successu
3024 963 3142 1006 na·

199 1053 387 1096 scens
425 1035 748 1096 mortuum
790 1030 986 1096 fuerit
1017 1029 1432 1095 indicavimus
1460 1029 1529 1094 in
1551 1029 1898 1113 Desperata
1928 1030 2136 1095 Causa
2159 1032 2443 1114 Papatus
2466 1029 2622 1096 libro
2654 1030 2715 1094 2.
2746 1040 2887 1096 sect.
2916 1029 2976 1094 2.
3002 1050 3138 1114 cap.

201 1120 315 1184 25.
362 1117 587 1184 Nostri
632 1119 700 1184 in
746 1118 958 1185 Gallis
991 1118 1322 1204 speciatim
1353 1116 1746 1203 Rhotomagi
1770 1120 1965 1201 quam
1989 1118 2157 1182 belle
2182 1117 2545 1202 exceperint
2566 1115 2948 1197 Verronum,
2974 1117 3140 1184 indi·

199 1212 308 1274 cat
337 1209 424 1273 ct.
454 1206 528 1273 D.
563 1209 812 1275 Rivetus
835 1210 908 1274 in
929 1209 1106 1292 epist.
1133 1207 1324 1272 dedic.
1351 1207 1438 1272 ad
1471 1208 1642 1272 Tom.
1675 1208 1729 1269 1.
1767 1205 2059 1274 Catholic.
2093 1206 2346 1274 Orthod.
2369 1209 2419 1274 81
2442 1205 2677 1273 author
2696 1205 3143 1294 clcqantissi‘mi

199 1297 394 1364 libelli
431 1299 533 1363 cui
574 1299 660 1362 tit.
711 1299 943 1364 Verron
975 1298 1368 1382 eoeploictant.
1412 1293 1576 1370 Quia
1615 1298 1829 1359 autem
1857 1294 2301 1378 compendium
2331 1295 2611 1361 ludicrae
2633 1294 2823 1360 istius
2854 1294 3140 1360 methodi

199 1387 448 1469 absque
471 1386 637 1451 seria
657 1386 1085 1471 disputatione
1109 1387 1358 1450 nostros
1382 1381 1809 1448 confundendi
1832 1383 2033 1447 latine
2056 1381 2355 1450 Coloniae
2391 1384 2584 1463 1628,
2611 1385 2657 1451 a
2681 1387 2903 1468 postea
2920 1383 3139 1470 Belgis

200 1496 322 1540 suo
361 1473 662 1538 idiomate
703 1496 779 1539 ex
816 1474 1064 1558 prolixo
1104 1470 1378 1538 Verroni
1425 1470 1746 1537 volumine
1771 1475 1921 1536 ante
1946 1495 2179 1556 paucos
2204 1495 2401 1538 annos
2434 1472 2881 1552 exhibuerunt,
2909 1494 3139 1556 operae

199 1561 486 1648 pretium
530 1561 812 1628 facturos
861 1585 977 1628 nos
1023 1561 1432 1640 arbitramur,
1481 1558 1538 1624 si
1583 1559 1865 1626 breviter
1910 1560 2033 1625 hoc
2073 1561 2376 1647 quicquid
2404 1561 2767 1627 inaniarum
2792 1565 2891 1626 est
2920 1561 3141 1646 explo-

201 1673 446 1717 ramus.

295 1739 720 1826 Praecognita
757 1741 804 1807 &
843 1739 1261 1825 praeambula
1301 1736 1752 1823 probationum
1775 1741 2141 1804 nostrarum
2172 1743 2323 1804 sunt
2344 1738 2502 1804 ista:
2530 1737 2584 1805 Ι.
2608 1737 2867 1804 Colosso
2901 1738 3001 1803 illi
3024 1761 3141 1804 suo

199 1830 619 1916 praestruunt
653 1831 700 1894 81
726 1831 1106 1894 substruunt
1127 1828 1294 1892 hanc
1316 1825 1730 1891 falsissimam
1761 1826 2187 1911 hypothesin:
2220 1831 2469 1893 nostros
2500 1827 2837 1893 asserendo
2861 1827 3138 1912 scriptu·

199 1941 346 1984 ram
369 1939 506 1984 esse
531 1919 786 1983 unicum
811 1917 958 1982 fidei
983 1916 1387 2002 principium,
1421 1936 1494 1979 eo
1519 1913 1658 1998 ipso
1682 1936 1904 1979 omnes
1927 1914 2302 2001 dogmatum
2320 1915 2889 1982 demonstrationes
2904 1917 2951 1983 ἃ
2968 1938 3135 1982 erro·

199 2031 350 2072 rum
389 2007 808 2072 refutationes
835 2029 912 2070 ex
944 2004 1258 2090 expressis
1279 2002 1632 2086 scripturae
1655 2003 1867 2068 verbis
1891 2006 2145 2069 tantum
2169 2004 2499 2070 admisisse
2520 2004 2851 2086 hactenus,
2876 2008 2992 2070 aut
3014 2004 3137 2070 eti·

199 2119 470 2162 amnum
505 2096 606 2161 vel
639 2095 1011 2160 admittere:
1056 2093 1223 2178 quod
1257 2114 1402 2156 cum
1433 2094 1692 2156 strenue
1737 2096 1933 2178 neget
1956 2092 2240 2158 doctrina
2263 2095 2311 2160 81
2340 2089 2556 2178 praxis
2581 2096 2820 2172 nostra,
2845 2093 2979 2158 ruit
3000 2095 3140 2158 tota

199 2187 492 2270 ipsorum
525 2185 745 2249 moles,
785 2183 875 2249 II.
912 2181 1188 2248 Sumunt
1228 2180 1354 2246 sibi
1379 2179 1516 2244 ‘hoc
1540 2180 1956 2264 postulatum,
1980 2181 2047 2245 in
2070 2181 2367 2246 omnibus
2396 2181 2918 2247 collocationibus
2940 2181 3138 2246 colla-

197 2273 334 2339 tori
373 2277 589 2338 nostro
634 2271 927 2357 quamvis
973 2272 1314 2356 provocato
1358 2272 1612 2333 tantum
1650 2269 2016 2334 incumbere
2047 2273 2262 2355 partes
2287 2268 2620 2354 probandi,
2644 2290 2772 2334 non
2794 2291 2943 2334 vero
2966 2267 3137 2334 Pon·

199 2361 440 2428 tificio:
481 2361 662 2439 Quod
695 2383 840 2426 eum
870 2382 1057 2425 nemo
1081 2381 1272 2424 sanus
1297 2357 1428 2421 illis
1451 2357 1851 2438 concesserit,
1882 2359 2195 2423 naturalis
2218 2359 2410 2424 etiam
2436 2358 2603 2424 ratio
2628 2359 2675 2425 ἃ
2698 2357 3011 2442 aequitas,
3035 2361 3135 2423 at-

197 2474 332 2537 que
371 2451 527 2516 adeo
560 2472 778 2516 omnes
817 2448 1227 2516 collationum
1259 2447 1434 2531 leges
1458 2446 1504 2512 81
1529 2449 1840 2531 perpetua
1863 2446 2077 2531 praxis
2108 2451 2244 2513 tam
2269 2448 2677 2533 antiquarum
2701 2468 2896 2532 quam
2917 2468 3137 2513 recen-

195 2541 464 2619 tiorum,
512 2540 706 2605 etiam
743 2538 1030 2605 omnium
1058 2534 1538 2601 Pontificiorum
1562 2557 1706 2599 cum
1730 2536 1965 2601 nostris
1992 2536 2125 2602 sive
2148 2537 2295 2602 viva
2318 2559 2468 2603 voce
2491 2537 2625 2602 sive
2656 2534 2911 2620 scriptis
2934 2557 3137 2621 usque

196 2630 284 2695 ad
327 2628 680 2694 Gunterum
722 2631 770 2696 81
807 2627 1188 2705 Verronum,
1223 2626 1324 2691 810.
1366 2623 1686 2688 exclusive
1724 2625 2111 2689 contrarium
2135 2627 2325 2711 plane
2352 2626 2650 2702 doceant:
2690 2647 2945 2691 rursum
2974 2624 3043 2689 in
3068 2648 3136 2691 se

193 2716 447 2785 corruit
491 2717 649 2783 haec
691 2716 1049 2783 methodus,
1097 2714 1265 2790 Quin
1309 2712 1441 2777 imo
1487 2712 1948 2793 contendimus,
1988 2713 2341 2780 Pontificiis
2380 2714 2620 2799 quippe
2658 2713 3134 2779 affirmantibus

197 2805 640 2890 Indulqentias
683 2817 1038 2891 potestatem
1079 2804 1310 2887 Papae,
1359 2802 1812 2886 satisfactiones
1852 2802 2192 2883 humanas,
2216 2805 2595 2892 sacrificium
2620 2804 2867 2879 Missae,
2894 2805 3136 2870 cultum

193 2896 585 2980 imaqinum,
619 2896 724 2961 810.
763 2894 915 2959 30113
953 2892 1098 2957 13110
1118 2889 1484 2956 incumbere
1510 2890 1985 2973 probationem:
2020 2892 2174 2956 fides
2207 2892 2376 2957 enim
2402 2894 2449 2958 81
2478 2890 2836 2977 Theologia
2860 2891 2941 2956 ad
2963 2892 3137 2956 salu-

191 2990 340 3051 tem
369 2984 724 3048 necessaria
745 3006 859 3067 per
881 3005 948 3047 se
971 3002 1096 3047 non
1121 2983 1220 3046 est
1241 2978 1564 3064 negativa,
1591 2978 1877 3063 alioquin
1902 2983 2069 3045 esset
2090 2980 2443 3061 indefinita,
2476 2983 2523 3048 81
2546 2980 2829 3056 infinita:
2864 3002 3009 3045 cum
3038 3001 3135 3046 ve·

193 3074 366 3139 ritas
387 3092 522 3137 una
551 3073 632 3137 sit
659 3074 908 3157 salsitas
938 3070 1288 3153 multiplex,
1313 3070 1478 3131 teste
1501 3064 1929 3151 Philosoph0:
1954 3072 2287 3153 praeterea
2307 3068 2483 3134 omni
2500 3070 2645 3154 jure
2670 3068 2823 3134 solis
2844 3069 3137 3148 illis,n0n

191 3159 392 3227 nobis
437 3159 749 3226 incumbit
801 3158 1115 3245 probatiO,
1171 3157 1400 3221 saltem
1447 3176 1590 3219 cum
1637 3156 1953 3221 actionem
1998 3157 2325 3237 novitatis,
2370 3159 2731 3236 1100103003,
2755 3180 2794 3222 a
2878 3157 3133 3235 stasiae‚

189 3249 568 3315 schismatis
591 3247 1049 3333 temporalibus
1074 3247 1121 3313 ἃ
1150 3243 1426 3311 aeternis
1451 3242 1727 3309 fiammis
1757 3245 2057 3329 expiandi
2072 3244 2257 3311 nobis
2280 3245 2623 3312 intentant.
2649 3244 2770 3311 III.
2842 3245 3130 3329 iquidem

190 3358 361 3422 ergo
385 3336 785 3402 histrioniam
809 3337 991 3401 illam
1023 3332 1436 3399 Verronicam
1460 3331 1700 3417 absque
1723 3356 1989 3418 operosa
2004 3334 2380 3417 probatione
2396 3335 2652 3400 eludere
2667 3333 2851 3399 nobis
2868 3333 3134 3411 liberet:

187 3430 568 3513 peteremus
613 3426 782 3510 quod
809 3425 965 3491 olim
991 3422 1313 3508 Diogenes
1339 3423 1377 3485 a
1405 3418 1710 3504 Sophiste
1735 3423 2010 3507 quodam
2035 3426 2411 3508 argutante:
2467 3423 2651 3507 Quod
2672 3443 2780 3508 090
2801 3442 2950 3487 sum
2974 3422 3041 3487 id
3066 3434 3136 3490 tu

187 3534 342 3581 non
383 3535 465 3593 es,
505 3516 638 3599 qu
670 3536 815 3581 sum
853 3514 1057 3592 honw,
1096 3532 1262 3597 erqo.
1300 3510 1351 3575 Α
1377 3530 1496 3587 mc,
1528 3509 1880 3593 inquiebat,
1914 3512 2115 3596 incipe
2131 3535 2157 3589 ;
2181 3515 2254 3576 ut
2285 3514 2324 3576 a
2352 3512 2537 3577 nobis
2562 3511 2757 3577 etiam
2780 3510 3137 3594 inciperent

189 3602 562 3683 Verronici,
608 3605 656 3670 81
699 3603 794 3668 ita
842 3603 1024 3689 [pag.
1075 3600 1146 3685 7]
1193 3596 1650 3662 firmitudinem
1695 3598 1887 3682 hujus
1924 3622 2077 3664 suae
2107 3600 2393 3666 methodi
2426 3600 2849 3684 explorarent.
2896 3596 3135 3663 Ausint

188 3694 528 3758 affirmare
571 3712 687 3757 nos
732 3713 869 3757 esse
909 3687 1367 3763 schismaticos,
1408 3683 1780 3770 Apostatas,
1809 3684 2207 3768 HaereticOS,
2244 3692 2347 3757 &a
2386 3688 2556 3773 quod
2592 3686 2749 3753 facit
2784 3687 3132 3753 Concilium

201 3780 659 3847 Tridentinum
689 3801 832 3845 sess.
864 3781 966 3843 13.
1003 3779 1070 3845 in
1104 3774 1308 3842 Octob.
1339 3774 1532 3839 1551.
1563 3776 1626 3843 ἂ·
1648 3796 1796 3842 sess.
1823 3777 1931 3842 21.
1960 3777 2063 3843 16.
2086 3776 2249 3845 Jutii
2274 3776 2465 3843 1562.
2492 3775 2711 3843 Sinon
2736 3774 2970 3855 ausint,
2995 3776 3134 3860 jam

185 3867 750 3952 triumpharemus
797 3868 968 3953 apud
1001 3863 1306 3931 dramatis
1343 3866 1764 3946 spectatores:
1812 3866 1869 3931 si
1906 3866 2121 3931 ausint
2160 3866 2296 3951 jam
2336 3865 2493 3951 ipsis
2516 3862 2919 3949 probandum
2942 3866 3134 3944 esset,

186 3961 320 4024 aut
361 3957 794 4023 vadimonium
821 3954 1262 4028 deserendum.
1310 3950 1806 4019 Coucederemus
1829 3959 1904 4019 ut
1928 3954 2334 4038 probationes
2358 3976 2486 4019 non
2510 3957 2763 4019 tantum
2794 3951 3131 4037 deprome-

185 4048 352 4112 rent
373 4066 454 4110 ex
483 4046 834 4130 scripturis,
857 4045 969 4110 sed
993 4042 1188 4109 etiam
1211 4062 1289 4105 ex
1313 4037 1610 4127 Conciliis
1634 4043 1681 4109 81
1711 4041 2033 4123 Patribus,
2058 4065 2217 4127 quos
2242 4046 2550 4128 perpetuo
2574 4043 2857 4127 crepant.
2899 4038 3131 4106 Osten-

185 4136 362 4201 dant.
383 4134 566 4199 nobis
588 4156 714 4199 non
737 4133 1036 4199 humanis
1059 4126 1546 4213 consequentiis,
1571 4152 1702 4197 non
1716 4130 2145 4197 Aristotelicis
2160 4129 2565 4216 Syllogismis
2582 4133 2685 4217 (ut
2698 4129 2885 4195 nobis
2902 4151 3132 4213 expro-

183 4222 426 4306 brant)
461 4223 573 4288 sed
610 4223 868 4307 liquidis
900 4218 1233 4287 sententiis
1272 4218 1586 4299 expressis
1613 4220 1859 4286 verbis:
1886 4220 2330 4300 protestantes,
2354 4220 2723 4298 Lutherani‚
2754 4218 3131 4299 Calviniani‚

183 4312 418 4397 Anyti,
455 4311 638 4391 Sonti,
703 4312 1219 4397 Wittebcrqcnscs,
1264 4306 1660 4385 Genevenses,
1701 4311 1999 4389 Emdani,
2055 4308 2168 4376 ac.
2195 4321 2307 4377 aut
2337 4310 2656 4389 Calvinus,
2684 4309 2875 4387 Beza,
2907 4307 3131 4373 Zwin-

181 4403 394 4489 fiius,
428 4401 690 4490 Martyr,
716 4402 1018 4483 Bucerus,
1051 4396 1370 4467 Masculus
1390 4393 1504 4466 sc.
1529 4410 1680 4468 sunt
1701 4411 2049 4483 novatores,
2076 4399 2363 4467 haeretici
2375 4421 2402 4477 ,·
2438 4400 2534 4467 vel
2556 4418 2689 4465 non
2714 4406 2983 4484 possunt
3004 4398 3129 4499 δαὶς

2970 4504 3131 4563 vast,
