3694 4871
629 340 757 406 114
1090 335 3069 407 D1sr.1V.DnNncnss1mv1·nmUmmnu

631 527 842 593 Grotio
888 548 1082 610 supra
1129 524 1484 603 attulimus,
1531 525 1578 590 a
1625 525 1803 610 cujus
1839 524 2251 589 tolerantiam
2275 523 2557 608 politicis
2581 524 2849 589 decretis
2874 524 2981 590 hic
3002 525 3049 589 81
3080 524 3240 589 alibi
3264 530 3405 591 ante
3428 526 3540 591 hac

626 615 982 681 stabilitam
1027 614 1271 679 volunt.
1315 615 1496 698 Hesp.
1546 614 1595 678 A
1601 618 1671 701 ff
1721 613 1810 677 Et
1833 614 2067 691 nullos,
2094 612 2326 696 quibus
2351 612 2755 677 Christianae
2779 634 2852 677 ac
2882 613 3269 679 reformatae
3296 615 3539 700 religio-

629 704 731 768 nis
777 707 1006 789 gustus
1052 725 1125 767 ac
1155 702 1540 767 conscientia
1565 702 1768 766 adhuc
1794 706 2134 785 super-est,
2169 702 2417 785 (quales
2443 701 2779 785 plerosque
2806 724 2944 767 esse
2969 703 3327 787 speramus)
3350 726 3539 768 asser-

629 792 792 856 tioni
835 791 986 856 huic
1008 794 1264 855 nostrae
1289 791 1744 855 reclamaturos
1769 791 2179 855 arbitramur.
2226 788 2493 855 Utinam
2516 790 2777 854 videant
2801 812 2869 855 se
2894 791 3075 856 vanis
3098 793 3536 876 praetextibus

631 880 931 944 admixtis
969 878 1260 964 parergis
1285 879 1331 943 &
1363 880 1953 963 extravagantibus,
1980 878 2403 943 fraudulentis
2429 878 3048 944 dissimulationibus
3070 880 3305 944 misere
3329 881 3536 965 decipi,

631 970 677 1034 &
725 972 764 1032 a
801 968 1006 1052 primo
1031 991 1104 1033 ac
1128 968 1404 1053 genuino
1428 966 2069 1044 Remonstrantismo,
2103 967 2211 1049 qui
2244 968 2311 1030 in
2345 968 2479 1031 sola
2503 967 2800 1050 opinione
2825 971 2937 1032 aut
2958 970 3187 1033 saltem
3215 969 3535 1034 moderati-

630 1079 750 1121 one
795 1056 1394 1139 quinquarticulana
1425 1056 1832 1135 consistebat,
1860 1056 2009 1139 quin
2044 1058 2089 1121 81
2122 1056 2203 1119 ab
2232 1056 2373 1139 ipsa
2398 1054 2679 1119 Arminii
2703 1054 3057 1142 Theologia
3082 1058 3392 1141 paulatim
3411 1063 3531 1123 tam

631 1146 822 1230 longe
849 1145 1100 1224 abduci,
1126 1166 1320 1227 quam
1344 1146 1590 1209 coelum
1616 1145 1812 1208 distat
1837 1148 1875 1208 a
1897 1148 2089 1209 terra.
2139 1142 2463 1219 Quaerant
2488 1144 2675 1207 modo
2706 1167 2784 1208 ex
2811 1145 2890 1208 iis
2913 1146 3071 1211 haec
3102 1148 3228 1211 duo
3278 1148 3335 1210 l.
3382 1147 3475 1211 An
3496 1150 3537 1213 ἃ

628 1254 741 1298 cur
771 1234 1052 1299 cautelas
1078 1236 1124 1300 81
1150 1232 1641 1317 protestationes
1666 1233 1812 1297 illas
1837 1236 2057 1297 contra
2080 1232 2503 1297 Socinismum
2528 1232 2769 1297 Illustr.
2806 1232 3191 1299 Hollandiae
3224 1234 3534 1314 ordinum,

629 1324 676 1389 &
722 1322 1079 1406 primorum
1124 1320 1730 1387 Remonstrantismi
1765 1325 2151 1385 assertorum
2198 1344 2364 1385 anno
2398 1321 2586 1385 1611.
2614 1324 2661 1387 8v
2690 1322 2881 1386 1613.
2908 1345 3075 1387 nunc
3098 1326 3537 1410 praetergressi

629 1411 779 1477 sint.
827 1412 886 1475 2.
941 1409 1270 1494 Siquidem
1318 1412 1452 1475 dies
1501 1411 1666 1474 diem
1713 1410 1959 1473 interea
2006 1410 2239 1487 docuit,
2286 1411 2333 1475 ἃ
2365 1414 2619 1494 praeter
2642 1433 2898 1475 causam
2924 1416 3037 1475 aut
3058 1414 3533 1478 moderationem

629 1500 1294 1583 quinquarticulanam
1337 1499 1703 1583 (Collatiam
1729 1500 2046 1583 Haqicnsi‚
2071 1498 2304 1563 decreto
2334 1498 2533 1564 Ordd.
2558 1500 2935 1565 Hollandiae
2951 1522 3073 1585 pro
3102 1522 3253 1585 paee
3278 1502 3536 1568 cede-sia-

628 1609 778 1653 rwm
816 1589 1004 1652 1614.
1029 1610 1172 1652 cum
1197 1588 1404 1672 rigido
1429 1591 1530 1672 (ut
1553 1609 1774 1651 vocare
1799 1588 2033 1669 solent)
2058 1588 2295 1654 decreto
2318 1608 2493 1652 anno
2521 1587 2711 1651 1617.
2741 1590 2943 1655 Grotii
2962 1590 3205 1673 pietate,
3238 1588 3535 1657 Constitu-

628 1678 899 1741 tiom‘bus
915 1677 1325 1741 ecclesiasticis
1344 1675 1717 1741 Provinciae
1743 1677 2125 1759 Trajectinae
2136 1697 2311 1740 anno
2334 1677 2522 1740 1612.
2544 1698 2908 1759 expressam
2923 1680 2968 1744 &
2984 1678 3536 1763 circumscriptam)

629 1765 757 1829 alia
800 1766 1112 1848 quaedam
1136 1788 1326 1829 causa
1349 1766 1430 1828 ab
1455 1764 1584 1828 illis
1611 1767 1906 1849 suscepta
1934 1770 2049 1843 est,
2077 1787 2190 1828 cur
2213 1787 2353 1828 eam
2381 1787 2507 1828 non
2540 1768 2740 1848 aeque
2765 1788 2839 1831 ac
2868 1767 3147 1849 priorem
3170 1767 3351 1831 illam
3376 1768 3535 1832 audi·

628 1854 873 1917 toribus
900 1856 947 1919 &
978 1854 1396 1918 sectatoribus
1421 1853 1553 1917 suis
1580 1857 1906 1937 exponunt
1922 1857 1952 1917 ‘r‘
1984 1876 2095 1917 cur
2118 1875 2261 1917 cum
2288 1854 2623 1917 vernacule
2646 1859 2783 1918 tam
2807 1856 3043 1919 multos
3068 1856 3321 1920 libellos
3346 1862 3536 1921 certa·

625 1943 745 2006 tim
797 1942 980 2006 edere
1027 1942 1292 2020 soleant,
1324 1943 1695 2027 Apoloqiam
1717 1943 2125 2027 confessionis
2149 1962 2301 2007 suae
2331 1964 2456 2005 non
2490 1942 2629 2006 ausi
2660 1942 2903 2006 fuerint
2926 1944 2993 2008 in
3016 1946 3291 2029 gratiam
3322 1945 3538 2031 Belga·

627 2052 770 2095 rum
817 2053 1075 2094 suorum
1124 2032 1426 2116 evulgare
1445 2034 1476 2095 ,9
1507 2052 1650 2095 cum
1687 2033 1965 2096 Censura
1992 2032 2138 2095 DD.
2171 2034 2609 2117 Professorum
2632 2029 2919 2095 Leidens.
2952 2032 3212 2117 Belgice
3237 2040 3457 2112 exstet,
3496 2036 3536 2099 81

629 2119 926 2205 apologia
985 2120 1294 2202 scriptum
1341 2120 1428 2183 sit
1473 2141 1802 2183 commune
1851 2120 1897 2184 a
1946 2120 2127 2201 quasi
2158 2120 2602 2197 necessarium,
2630 2120 2823 2184 etiam
2847 2123 2982 2184 tam
3007 2121 3253 2187 erudite
3278 2144 3352 2186 ac
3372 2127 3535 2187 tanta

627 2230 771 2272 cum
819 2212 969 2273 cura
1019 2208 1467 2291 conscriptum,
1507 2211 1580 2271 ut
1605 2208 1660 2271 si
1683 2208 2001 2291 Pergama
2032 2208 2221 2271 dexta
2246 2207 2500 2272 defendi
2524 2208 2903 2292 potuissent,
2929 2209 3126 2273 etiam
3152 2209 3271 2275 hac
3295 2209 3537 2275 defensa

627 2296 916 2361 fuissent.
964 2295 1140 2361 Idem
1187 2318 1490 2379 quaerere
1516 2319 1774 2379 possum
1799 2296 1875 2360 de
1905 2298 2217 2381 Responso
2241 2298 2327 2361 ad
2360 2299 2667 2381 Eaecerpta
2696 2296 3145 2381 Professorum
3170 2298 3476 2378 Leidens.,
3498 2302 3537 2365 ἃ

629 2384 703 2449 de
771 2384 1082 2465 vindiciis,
1137 2406 1246 2452 seu
1309 2385 1539 2452 Vedelio
1591 2386 1940 2469 RhapsodO.
1974 2384 2096 2450 Sed
2122 2385 2320 2470 pudet
2350 2386 2521 2470 ipsos
2550 2385 2816 2451 istorum
2842 2386 3151 2452 librorum
3176 2410 3386 2453 coram
3421 2388 3538 2453 suis

629 2474 1058 2538 auditoribus:
1109 2479 1343 2539 norunt
1384 2475 1549 2538 enim
1601 2474 2068 2538 haereticorum
2099 2475 2519 2539 detectionem
2546 2498 2683 2540 esse
2710 2476 3049 2540 eorundem
3074 2477 3538 2542 refutationem.

629 2561 918 2625 Addatur
943 2563 1235 2645 epimetri
1257 2564 1392 2627 loco
1409 2563 1484 2627 de
1509 2561 1863 2628 Socinianis
1890 2562 2074 2628 Sexta
2097 2562 2417 2638 Quaestio.
2450 2563 2553 2627 An
2571 2563 2899 2629 Sociniani
2920 2563 3285 2630 Trinitariis
3302 2566 3427 2651 (uti
3444 2587 3539 2629 eos

627 2650 899 2732 vocant),
912 2651 1136 2715 &inter
1145 2673 1252 2715 eos
1267 2649 1522 2716 Reform
1529 2651 1652 2715 atis
1663 2652 1828 2715 serio
1839 2652 2129 2729 offerant,
2142 2656 2255 2715 aut
2266 2674 2342 2715 ex
2353 2651 2819 2735 hypothesibus
2832 2653 2963 2718 suis
2978 2653 3151 2740 [pag.
3160 2655 3311 2739 519]
3324 2654 3539 2718 offerre

625 2739 871 2820 possint
894 2738 1382 2804 fraternitatem.
1413 2741 1588 2824 Hesp.
1618 2739 1768 2824 Neq.
1795 2738 1897 2804 Ita
1921 2740 2088 2804 enim
2114 2763 2221 2804 eos
2246 2740 2609 2804 describunt
2633 2742 2698 2805 in
2724 2741 2883 2806 libro
2906 2743 2983 2806 dc
3006 2743 3295 2808 doctrina
3322 2743 3541 2809 Christi

627 2827 689 2892 ἃ·
734 2827 1086 2892 antichristi
1109 2831 1146 2891 a
1176 2827 1486 2892 ministris
1510 2827 1978 2892 Neo-Arrianis
2002 2828 2067 2892 in
2094 2827 2591 2911 Transsylvania
2614 2829 2814 2893 edito:
2863 2836 2935 2894 ut
2968 2831 3145 2895 nullo
3170 2833 3355 2896 modo
3376 2853 3538 2896 com-

627 2916 846 2980 munio
894 2916 1050 2980 lucis
1097 2938 1240 2980 cum
1287 2918 1486 2981 tantis
1507 2917 1788 2980 tenebris
1814 2917 2154 3002 (siquidem
2178 2918 2415 2982 veritas
2439 2922 2640 2984 staret
2670 2922 2708 2982 a
2732 2923 2914 3002 parte
2940 2919 3254 3005 ipsorum)
3281 2919 3537 3005 cogitari

627 3005 847 3086 possit,
897 3003 1272 3068 Patriarcha
1319 3005 1604 3089 ipsorum
1651 3004 1951 3070 Servetus
1999 3004 2379 3070 Trinitarios
2412 3007 2665 3070 dicebat
2688 3029 2821 3072 esse
2846 3007 3130 3073 Atheos:
3158 3009 3255 3073 uti
3278 3013 3539 3073 testatur

635 3091 932 3158 Calvinus
981 3093 1051 3157 in
1100 3093 1256 3158 libro
1305 3115 1351 3158 c.
1387 3094 1702 3159 Servetum
1729 3114 1877 3180 paq.
1912 3094 2018 3158 82.
2052 3094 2202 3158 edit.
2238 3095 2303 3158 in
2338 3095 2397 3157 8.
2425 3096 2594 3178 apud
2621 3092 2777 3160 Rob.
2806 3095 3226 3181 Stephanum.
3262 3097 3541 3161 Breviter

627 3179 961 3244 Trinitarii
1008 3185 1158 3245 sunt
1206 3204 1283 3245 ex
1313 3181 1608 3266 opinione
1633 3205 1853 3246 eorum
1878 3182 2175 3247 horrendi
2202 3182 2575 3248 idololatrae
2600 3217 2611 3256 ;
2642 3185 2791 3267 quia
2825 3172 2981 3250 duos
3003 3186 3223 3251 colunt
3245 3192 3536 3268 tanquam

627 3291 844 3349 unum,
893 3270 1119 3348 solum,
1169 3274 1428 3334 aeterna
1473 3275 1704 3336 natura
1735 3271 1980 3347 Deum:
2014 3271 2215 3335 filium
2244 3271 2378 3336 scil.
2406 3275 2453 3338 8v
2476 3273 2628 3355 spir.
2656 3296 2741 3337 s.:
2792 3274 2899 3356 qui
2932 3279 3149 3339 tamen
3173 3297 3395 3339 revera
3428 3296 3540 3338 non

623 3363 774 3422 sunt
819 3379 1005 3423 verus
1028 3359 1140 3422 ille
1165 3361 1212 3424 &
1237 3363 1532 3423 aeternus
1557 3359 1752 3424 DeuS.
1789 3357 2104 3424 Smalcius
2129 3359 2366 3424 librum
2398 3363 2475 3425 de
2500 3361 2837 3426 divinitate
2865 3362 3104 3427 Christi
3132 3385 3271 3447 cap.
3308 3365 3413 3426 25.
3440 3385 3539 3426 seu

623 3446 741 3510 ult.
768 3447 875 3512 sic.
905 3447 1258 3511 concludit:
1287 3449 1604 3514 Audacter
1625 3469 1665 3511 a
1737 3469 2029 3514 rmamus
2051 3449 2366 3514 neminem
2388 3470 2608 3516 comm
2632 3452 2743 3536 qui
2766 3463 3051 3516 statuunt
3078 3452 3405 3516 Christum
3426 3471 3541 3516 esse

621 3537 662 3598 ὰ
685 3555 748 3600 sc
771 3535 906 3620 ipso
930 3535 1159 3614 Deum,
1199 3533 1262 3600 ἃ·
1283 3538 1323 3600 ὰ
1347 3537 1546 3620 seipso
1572 3537 1654 3600 ha
1693 3557 1793 3602 ere
1811 3549 2169 3622 potestate-m
2194 3539 2499 3614 divinam,
2524 3559 2601 3602 ea·
2620 3541 2997 3623 proprietate
3024 3538 3165 3605 &vi
3175 3561 3333 3608 suae
3346 3541 3539 3624 opini-

622 3625 763 3687 onis
807 3645 1094 3710 unquam
1140 3646 1321 3709 posse
1369 3625 1591 3689 habere
1636 3637 1869 3690 certam
1901 3624 1964 3691 ἃ·
1988 3628 2249 3713 firmam
2272 3647 2445 3710 spem
2468 3628 2629 3691 vitae
2654 3629 3045 3695 immortalis.
3094 3628 3197 3693 Ita
3222 3634 3295 3693 ut
3320 3629 3537 3692 merito

624 3713 930 3795 suspicari
981 3715 1169 3778 liceat
1215 3737 1320 3779 eos
1369 3714 1684 3798 tantisper
1728 3714 1977 3778 dulcem
2018 3715 2181 3779 hauc
2221 3715 2647 3780 fraternitatis
2672 3717 3057 3782 cantilenam
3082 3739 3330 3796 canere,
3356 3718 3537 3782 donec

625 3803 1080 3883 possessionem
1127 3803 1193 3866 in
1227 3803 1715 3867 Christianismo
1740 3803 2169 3867 obtinuerint:
2209 3804 2611 3887 postmodum
2637 3806 2916 3870 facturos
2942 3807 3107 3890 quod
3140 3807 3395 3889 antiqui
3419 3806 3533 3869 Ar-

622 3889 787 3952 riani
835 3891 951 3954 sub
987 3891 1378 3971 Constantio,
1405 3892 1451 3956 &
1481 3891 1751 3956 Valente
1777 3890 2120 3970 faciebant,
2148 3891 2270 3956 hoc
2294 3897 2412 3969 est,
2440 3894 2769 3957 ecclesiam
2796 3894 3226 3959 Christianam
3252 3917 3377 3959 non
3402 3899 3535 3958 tan-

623 3981 760 4040 tum
807 3981 845 4041 a
892 3980 1331 4045 communione
1379 3981 1765 4058 exclusurOS,
1814 3981 1922 4044 sed
1950 3983 1995 4046 81
2020 3981 2359 4045 crudeliter
2386 3987 2845 4068 persecuturOS,
2872 3984 2919 4048 &
2943 3984 3109 4066 quod
3134 3982 3531 4058 Eunomiani,

622 4087 779 4148 quos
809 4067 981 4149 ipsos
1012 4067 1560 4153 Constantinopoli
1587 4072 1813 4152 parato
1845 4069 2063 4132 favore
2095 4069 2279 4134 aulae
2302 4082 2703 4147 accusatores,
2736 4069 3077 4157 &judice-3,
3106 4070 3171 4138 ἃ·
3194 4075 3451 4150 lictores,
3478 4067 3535 4135 ἃ·

623 4156 840 4218 munia
888 4177 1048 4241 quae
1090 4157 1371 4222 volebant
1415 4159 1729 4235 eoestitisse,
1779 4158 1963 4222 testis
2004 4162 2101 4222 est
2126 4157 2405 4222 Basilius
2436 4159 2546 4223 lib.
2582 4161 2639 4222 1.
2668 4183 2721 4225 c.
2748 4160 3134 4226 Eunomium
3165 4162 3354 4245 paulo
3378 4161 3533 4226 ultra

622 4241 1025 4326 principium.
1051 4245 1282 4309 Fertur
1307 4245 1570 4310 Socinus
1597 4246 1914 4329 specimen
1942 4247 2188 4310 dedisse
2211 4247 2277 4309 in
2304 4246 2641 4312 Francisco
2665 4247 2952 4319 Davidis.
2979 4252 3088 4332 qui
3114 4250 3349 4314 carceri
3374 4271 3531 4314 com-

622 4329 852 4396 missus
875 4332 944 4396 in
969 4333 1310 4417 phrenesin
1344 4334 1583 4414 incidit,
1609 4334 1656 4398 s
1681 4334 1912 4399 misere
1937 4334 2117 4400 obiit.
2144 4334 2309 4401 Vide
2340 4337 2518 4401 Carr.
2539 4336 3145 4424 Schlnsselburyium
3159 4340 3234 4403 de
3249 4336 3531 4403 haeresib.

621 4419 709 4483 Et
737 4419 1062 4486 Possevini
1085 4422 1353 4488 biblioth.
1381 4424 1570 4488 select.
1599 4423 1702 4488 tib.
1738 4423 1799 4487 8.
1823 4444 1960 4509 cap.
1997 4423 2099 4489 12.
2130 4421 2242 4490 stc.

3380 4513 3533 4592 Quia
