3694 4871
578 300 662 364 38
1162 293 1781 362 D1sp.III.Da
1828 294 2054 360 ,1111111
2101 317 2196 358 ET
2241 294 2678 359 JUSTITIA
2729 296 2916 359 Der.

580 507 721 549 cum
746 481 1178 547 distinctione:
1204 480 1466 564 Absque
1490 481 1650 546 intui
1658 485 1728 546 tu
1751 483 1999 566 peccati
2009 485 2316 565 tanquam
2325 505 2553 548 causae
2565 481 2987 548 meritoriae&
2999 480 3442 546 antecedentis
3451 481 3536 544 il·

583 573 707 637 lius
730 571 966 635 decreti
989 570 1208 650 divini,
1234 593 1344 634 cur
1367 569 1472 636 hic
1494 571 1703 634 minus
1723 571 2070 656 eligeretur
2092 573 2139 637 &
2162 571 2370 655 magis
2393 571 2844 654 reprobaretur
2869 593 3058 655 quam
3075 569 3214 643 111ος
3241 569 3414 634 Cum
3431 570 3532 632 in-

582 661 752 726 tuitu
766 659 1011 744 peccati
1026 663 1331 742 tanquam
1348 681 1573 724 causae
1586 659 1950 725 meritoriae
1964 662 2010 726 81
2027 661 2458 724 antecedentis
2469 660 2670 743 ipsius
2693 658 3138 734 damnationiS,
3155 660 3202 723 8z
3213 662 3534 740 tanquam

582 749 843 814 termini
872 770 986 812 seu
1014 747 1247 830 objecti
1270 749 1413 831 (pro
1438 750 1620 830 parte
1644 749 1784 832 sua)
1826 748 2064 814 decreti
2095 748 2316 825 divini,
2341 771 2467 831 quo
2491 771 2602 813 seu
2627 749 2972 814 secundum
3005 747 3170 830 quod
3201 746 3536 829 permittit

580 841 911 922 peccatum
936 838 982 902 &
1006 835 1283 900 destinat
1307 836 1386 899 ad
1408 837 1651 920 justam
1673 836 2144 902 damnationem
2169 841 2432 920 propter
2456 841 2808 920 peccatum.
2857 837 2976 901 Est
3009 857 3160 920 ergo
3185 838 3528 918 peccatum

588 948 779 992 causa
802 925 893 990 rei
918 924 1173 1001 volitae,
1197 924 1261 987 h.
1288 946 1342 988 e.
1368 924 1813 1001 damnationis,
1834 927 1944 990 sed
1957 948 2085 990 non
2101 929 2199 990 est
2214 947 2405 990 causa
2423 926 2745 990 volitionis
2763 926 3035 1002 divinae,
3047 947 3160 988 seu
3169 922 3294 986 Dei
3307 923 3536 986 volen-

584 1015 687 1092 tis;
705 1036 832 1078 non
848 1013 1055 1098 magis
1080 1034 1271 1096 quam
1285 1013 1439 1077 fides
1464 1034 1626 1096 quae
1650 1017 1746 1077 est
1762 1036 1954 1078 causa
1975 1014 2484 1078 instrumentalis
2501 1014 2979 1099 justificationis
3005 1015 3263 1078 nostrae
3279 1013 3325 1077 ὲ
3353 1012 3534 1076 33111-

584 1103 843 1182 tis,ideo
866 1123 1055 1166 causa
1082 1105 1179 1166 est
1209 1100 1535 1166 electionis
1561 1101 1641 1166 ad
1664 1103 1962 1167 salutem.
1987 1102 2352 1187 Diligenter
2375 1102 2482 1167 hic
2512 1103 2858 1168 notandum
2887 1103 3140 1166 axioma
3169 1099 3530 1164 scholasti-

586 1212 835 1256 corum:
884 1191 1056 1256 Deus
1100 1191 1232 1255 vult
1277 1188 1391 1254 hoc
1430 1203 1691 1276 propter
1736 1192 1868 1268 hoc,
1915 1192 2035 1258 Sed
2057 1211 2188 1256 mm
2215 1203 2476 1276 propter
2499 1193 2611 1256 hoc
2631 1195 2764 1258 vult
2789 1192 2919 1256 1100.
2971 1189 3077 1255 Sic
3108 1188 3286 1254 Deus
3313 1190 3534 1254 vult&

586 1279 868 1345 decernit
914 1278 999 1344 N.
1048 1279 1347 1342 damnare
1372 1283 1630 1363 propter
1659 1283 2011 1363 peccatum.
2039 1280 2220 1356 Quod
2245 1280 2299 1344 si
2330 1278 2401 1338 τὸ
2426 1293 2684 1365 propter
2701 1291 3022 1364 peccatum
3039 1281 3357 1363 jungatur
3383 1300 3531 1342 011111

590 1375 677 1446 τῷ
720 1369 869 1435 veae
881 1391 906 1445 ;
951 1389 1063 1432 seu
1110 1370 1384 1451 ponatur
1431 1389 1623 1452 super
1660 1365 1733 1425 τὸ
1768 1371 1916 1434 velle
1959 1381 2072 1434 aut
2095 1370 2416 1435 decernere
2438 1369 2582 1449 Dei,
2608 1369 2876 1434 dicimus
2899 1391 3036 1433 esse
3067 1367 3345 1432 falsum:
3383 1366 3538 1448 quia

588 1460 909 1524 decretum
940 1478 1052 1521 seu
1074 1457 1367 1521 voluntas
1390 1454 1514 1520 Dei
1534 1456 1600 1520 in
1623 1479 1690 1522 se
1720 1461 2010 1540 spectata
2033 1458 2280 1522 nullam
2310 1458 2510 1522 habet
2532 1481 2811 1538 causam,
2835 1457 3086 1521 nullum
3119 1456 3528 1531 antecedens,

590 1546 753 1612 nihil
778 1568 845 1611 se
868 1545 1079 1629 prius;
1104 1544 1269 1608 nihil
1294 1546 1331 1608 a
1354 1566 1479 1627 quo
1508 1547 1804 1628 pendeat,
1830 1546 2306 1625 determinetur,
2334 1547 2666 1625 limitetur,
2699 1546 3204 1611 conditionetur:
3236 1543 3532 1626 quamvis

591 1659 693 1700 res
704 1633 903 1699 volita
918 1656 1031 1698 seu
1044 1633 1293 1698 decreta
1308 1655 1434 1697 una
1450 1634 1801 1717 dependeat
1818 1635 1899 1700 ab
1919 1635 2046 1699 alia
2061 1639 2368 1718 tanquam
2381 1639 2571 1700 causa
2587 1639 2698 1700 aut
2714 1634 3074 1699 conditione
3090 1633 3532 1697 antecedente.

597 1723 723 1790 Sed
746 1722 801 1787 si
820 1720 893 1781 τὸ
916 1733 1173 1806 propter
1194 1733 1507 1806 peccatum
1524 1724 1835 1807 jungatur
1860 1746 2004 1788 cum
2026 1730 2113 1800 τῷ
2133 1725 2464 1804 damnare,
2489 1724 2756 1789 dicimus
2781 1745 2918 1787 esse
2941 1721 3292 1786 verissima.
3327 1719 3532 1784 Sicuti

596 1811 770 1877 Deus
786 1810 1061 1876 decrevit
1086 1832 1198 1894 per
1214 1811 1403 1874 fidem
1418 1811 1665 1876 salvare
1690 1811 1952 1876 Petrum
1978 1817 2090 1877 aut
2113 1811 2421 1878 Paulum:
2448 1816 2520 1878 ut
2537 1834 2653 1898 per
2675 1812 2863 1900 fidem
2878 1813 3190 1896 jungatur
3213 1831 3360 1872 cum
3394 1810 3532 1874 sal-—

603 1921 768 1976 vare,
786 1904 1093 1984 tanquam
1110 1920 1299 1964 causa
1314 1898 1361 1962 a
1376 1899 1651 1965 conditio
1668 1901 2042 1966 antecedens
2057 1902 2302 1977 salutis;
2317 1925 2443 1966 non
2461 1924 2610 1966 vero
2626 1923 2770 1965 cum
2785 1900 3121 1966 decernere.
3140 1897 3214 1963 In
3241 1897 3362 1961 hoc
3381 1919 3532 1982 ergo

598 1989 844 2074 objecto
884 1987 1348 2071 reprobationis
1393 1988 1601 2052 locum
1635 1989 1781 2053 finis
1805 1989 2055 2055 obtinet
2077 1989 2423 2055 illustratio
2447 1990 2689 2075 gloriae
2705 1989 3030 2072 ι111311113ος
3056 1988 3266 2052 10011111
3289 1986 3531 2050 medio—

597 2101 741 2143 rum
769 2078 826 2142 l.
846 2079 1023 2161 justa
1049 2075 1372 2141 damnatio
1404 2081 1665 2159 propter
1695 2083 2047 2160 peccatum,
2077 2081 2135 2142 2.
2164 2078 2346 2162 eique
2373 2079 2658 2163 proxime
2683 2077 3096 2142 subordinata
3121 2079 3220 2160 (ut
3243 2075 3530 2158 plerique

600 2166 919 2248 statuunt)
967 2169 1079 2229 aut
1125 2165 1510 2242 coordinata,
1544 2169 1616 2229 ut
1639 2166 1869 2230 statuit
1903 2167 2190 2246 Twissus,
2217 2167 2552 2250 permissio
2582 2167 2846 2250 peccati.
2875 2166 2938 2228 3.
2971 2187 3163 2248 quam
3189 2163 3528 2246 praecedit,

603 2258 649 2322 a
681 2255 781 2319 cui
806 2254 873 2319 in
900 2253 1117 2319 ordine
1150 2253 1387 2318 decreti
1418 2254 1868 2320 subordinatur
1893 2255 2128 2319 creatio
2150 2255 2451 2320 hominis.
2483 2254 2668 2320 Hanc
2691 2255 2861 2319 enim
2891 2277 2970 2318 ex
2995 2253 3158 2317 serie
3181 2251 3530 2335 praedesti-

600 2343 875 2408 nationis
894 2343 1223 2406 excludere
1241 2364 1364 2406 non
1383 2347 1669 2426 possunt,
1688 2343 1799 2425 qui
1813 2343 1930 2407 illa
1945 2343 2266 2408 axiomata
2280 2343 2608 2408 nobiscum
2627 2343 2922 2408 retinent:
2941 2341 3152 2406 Deum
3168 2340 3329 2404 nihil
3347 2339 3528 2415 velle,

600 2431 889 2516 nihilque
914 2452 1105 2516 agere
1128 2429 1367 2497 frustra
1391 2431 1499 2495 sed
1522 2435 1693 2497 certo
1716 2432 1873 2497 fine:
1900 2430 2110 2498 Deum
2133 2438 2247 2497 sua
2269 2432 2620 2498 intentione
2650 2455 2778 2497 non
2803 2430 3121 2496 excidere:
3147 2429 3374 2494 Finem
3397 2450 3530 2493 esse

604 2521 885 2607 primum
931 2519 1304 2599 intentione,
1331 2522 1378 2586 &
1402 2520 1700 2585 ultimum
1727 2522 2118 2587 executione.
2161 2521 2340 2597 Quod
2357 2523 2412 2586 si
2435 2544 2688 2585 omnem
2713 2522 3047 2585 veritatem
3071 2542 3197 2583 non
3219 2523 3464 2602 ponunt
3483 2519 3528 2581 8:

610 2608 1013 2687 exhauriunt,
1040 2611 1152 2672 aut
1173 2612 1433 2693 propter
1456 2609 1849 2674 adversarios
1873 2609 2192 2675 abstinere
2208 2610 2477 2689 malunt,
2495 2610 2842 2674 omittendo
2857 2612 3075 2692 partes
3089 2612 3200 2671 aut
3213 2608 3529 2671 momenta

616 2698 927 2781 quaedam
972 2697 1039 2760 in
1090 2695 1337 2781 objecto
1381 2698 1978 2780 praedestinationis
1999 2723 2014 2775 ;
2062 2699 2251 2763 facile
2303 2698 2567 2762 ferimus
2620 2720 2724 2762 eos
2771 2720 2887 2762 suo
2933 2696 3064 2761 frui
3079 2694 3335 2780 judicio,
3359 2697 3406 2759 81
3429 2694 3532 2757 hic.

614 2785 980 2851 subsistere:
998 2786 1185 2849 modo
1210 2785 1478 2871 [pag.35
1488 2786 1559 2872 7]
1586 2791 1823 2852 temere
1846 2809 1970 2851 11011
1998 2788 2447 2852 condemnetur
2472 2786 2785 2851 sententia
2811 2789 2909 2850 tot
2925 2808 2998 2851 ac
3012 2788 3334 2849 tantorum
3349 2783 3528 2847 theo-

615 2875 927 2959 logorum,
976 2873 1085 2957 qui
1110 2896 1304 2958 supra
1327 2875 1577 2959 lapsum
1610 2876 1990 2950 ascendunt3
2017 2876 2395 2959 praesertim
2417 2898 2556 2940 cum
2583 2875 2975 2958 superiorem
2997 2873 3182 2937 illum
3207 2894 3528 2936 ascensum

610 2962 1069 3047 praescindere,
1117 2963 1349 3027 nedum
1388 2963 1573 3048 juxta
1604 2986 1747 3028 cum
1778 2964 1923 3028 aliis
1951 2964 2374 3029 heterodoxiis
2407 2966 2452 3030 81
2483 2962 2852 3047 periculosis
2876 2962 3256 3045 acurologiis
3279 2960 3528 3043 rejicere

610 3054 656 3118 a
710 3050 1128 3116 condemnare
1168 3052 1446 3117 nolueris
1492 3052 1759 3117 celebris
1806 3053 2083 3137 synodus
2129 3052 2497 3118 Nationalis
2522 3050 2926 3116 Dordracena
2951 3074 3056 3115 311.
3085 3050 3274 3113 1618.
3309 3048 3526 3120 1619.;

610 3139 901 3225 quamvis
932 3162 1328 3205 communem
1352 3141 1735 3206 sententiam
1761 3142 1834 3206 de
1870 3142 2174 3206 electione
2207 3164 2284 3207 ex
2316 3142 2494 3225 lapso
2517 3162 2748 3225 genere
2777 3140 3078 3215 human0,
3105 3135 3526 3223 proposuerit:

610 3230 693 3295 ad
738 3228 1041 3293 vindicias
1096 3230 1446 3294 communis
1495 3230 1717 3317 (etiam
1765 3230 2099 3313 laicorum)
2122 3230 2272 3294 fidei
2301 3231 2378 3294 de
2401 3230 2603 3294 solida
2625 3229 2748 3294 Dei
2779 3228 2990 3313 gratia
3021 3229 3066 3293 81
3091 3227 3378 3291 absoluta
3403 3225 3528 3307 ejus

611 3319 940 3383 voluntate
991 3321 1211 3382 contra
1258 3316 1723 3403 Hypotheticos
1777 3320 1824 3384 8⁶
1855 3319 2042 3383 liberi
2071 3317 2324 3383 arbitrii
2348 3322 2667 3402 patronos.
2701 3314 3204 3400 Neo-pelagiani
3227 3318 3300 3377 ut
3321 3312 3529 3378 ortho-

612 3408 811 3472 doxae
827 3407 1181 3471 sententiae
1198 3406 1413 3471 odium
1430 3407 1765 3488 concitent,
1792 3408 2058 3472 subinde
2084 3406 2219 3471 voci
2236 3407 2686 3492 reprobationis
2707 3405 3106 3469 substituunt
3131 3424 3340 3467 vocem
3357 3402 3528 3466 dam-

614 3497 891 3562 nationis
907 3520 929 3561 .·
954 3496 1109 3579 quin
1134 3495 1330 3560 immo
1354 3496 1743 3561 contendunt
1765 3497 2024 3580 perinde
2043 3518 2179 3560 esse
2204 3495 2336 3559 sive
2367 3494 2519 3577 quid
2542 3494 2713 3560 dicas
2744 3495 2820 3558 de
2844 3492 3286 3577 reprobatione
3307 3490 3438 3555 sive
3461 3490 3529 3553 de

614 3585 993 3649 damatione.
1014 3582 1139 3649 Sed
1162 3584 1292 3649 illis
1308 3585 1694 3668 reponimus,
1712 3586 1854 3668 pari
1877 3584 2126 3649 ratione
2149 3583 2482 3648 dicendum
2498 3605 2654 3661 esse,
2681 3604 2807 3646 non
2818 3581 3126 3666 distingui
3151 3580 3400 3644 decreta
3415 3576 3526 3641 Dei

616 3674 697 3738 ab
729 3673 1097 3739 executione
1135 3674 1182 3739 a
1205 3673 1465 3757 perinde
1490 3695 1625 3737 esse
1658 3673 1790 3737 sive
1822 3673 1976 3756 quid
1999 3674 2168 3737 dicas
2201 3673 2277 3736 de
2302 3673 2550 3736 decreto
2574 3671 2706 3735 sive
2731 3671 2807 3735 de
2831 3669 3231 3735 executione:
3257 3690 3311 3732 e.
3335 3689 3400 3752 g.
3426 3666 3528 3730 de·

622 3765 867 3827 cretum
912 3762 1167 3826 creandi
1210 3762 1518 3826 mundum
1566 3766 1662 3825 est
1684 3762 1765 3827 ab
1798 3766 2078 3840 aeternO,
2119 3782 2270 3846 ergo
2294 3762 2340 3825 ἃ
2365 3760 2600 3825 creatio
2623 3759 2871 3823 mundi:
2899 3762 2944 3825 81
2968 3758 3286 3821 viceversa
3307 3756 3532 3820 creatio

615 3850 787 3915 facta
812 3855 908 3914 est
930 3849 997 3913 in
1020 3854 1329 3934 tempore,
1354 3871 1508 3935 ergo
1532 3852 1579 3915 81
1604 3850 1925 3915 decretum
1951 3848 2312 3915 creationis.
2357 3848 2628 3912 Nullum
2653 3848 2860 3912 adhuc
2885 3850 2981 3912 est
2997 3846 3306 3929 judicium
3331 3848 3530 3907 extre-

620 3961 816 4018 mum,
841 3938 1177 4003 actualiter
1202 3961 1287 4004 sc.
1316 3938 1611 4003 existens:
1640 3961 1792 4024 ergo
1803 3939 2052 4003 nullum
2072 3942 2170 4003 est
2181 3937 2405 4021 judicii
2422 3936 2687 4001 extremi
2705 3936 3028 3999 decretum
3043 3934 3350 3999 divinum.
3365 3930 3528 4006 Quae

620 4028 835 4093 omnia
879 4031 1029 4093 sunt
1075 4027 1545 4092 absurdissima.
1596 4026 1721 4092 Sed
1766 4028 2118 4092 sententiae
2165 4027 2355 4110 hujus
2379 4024 2883 4109 superlapsariae
2908 4028 3008 4108 (ut
3037 4023 3388 4105 loquuntur
3409 4018 3530 4083 Re-

624 4118 916 4201 monstr.)
936 4115 1261 4180 innoxiam
1279 4117 1326 4181 &
1340 4119 1628 4181 sanctam
1646 4116 1980 4181 veritatem
1996 4116 2175 4181 nullo
2190 4114 2540 4199 scripturae
2563 4114 2749 4191 dicte,
2774 4113 2952 4177 nullo
2977 4111 3244 4176 sanioris
3265 4108 3530 4194 philoso-

622 4204 815 4291 phiae
831 4205 1148 4271 axiomate
1172 4210 1285 4271 aut
1310 4205 1554 4269 ratione
1578 4205 1885 4269 hactenus
1909 4209 2342 4289 expugnatam
2373 4206 2486 4289 aut
2511 4201 3000 4285 expugnabilem
3029 4199 3218 4263 facile
3244 4196 3534 4261 videbunt

619 4295 926 4379 juniores,
954 4294 1008 4359 si
1031 4294 1217 4359 modo
1242 4293 1323 4358 ab
1349 4293 1918 4359 exclamationibus
1943 4294 1990 4359 a
2014 4294 2246 4353 πάθεσι
2275 4290 2609 4356 rhetoricis
2635 4290 2714 4354 ad
2741 4290 2957 4363 λόγους
2979 4290 3026 4353 St
3053 4286 3338 4372 praecisa
3353 4306 3534 4383 argu-3

626 4383 1089 4449 mentationum
1100 4388 1335 4467 puncta
1352 4383 1743 4449 adversarios
1760 4404 1908 4447 suos
1925 4406 1993 4447 re
2000 4386 2238 4447 vocent.
2259 4380 2352 4445 Re
2359 4402 2484 4445 ver.
2504 4380 2550 4446 a
2566 4379 2730 4445 doct.
2748 4377 3017 4443 editores
3033 4398 3294 4460 operum
3311 4395 3535 4525 sTutlpim

3433 4482 3534 4526 eo-
