3694 4871
636 346 761 408 212
824 346 1041 410 D1sP.
1092 339 1271 407 VII.
1322 339 1988 403 PuoaunnA'ruu
2033 312 2138 401 ns·
2177 335 2532 401 ΜΕΒῙΤΟ
2582 336 2964 401 Cnalsrl
3009 334 3243 399 Pras
3288 333 3363 399 V.

632 532 817 591 tenus
840 525 973 589 scil.
1003 527 1152 591 unio
1175 550 1319 592 cum
1343 527 1625 592 humana
1652 529 1882 590 natura
1915 525 2161 609 aliquid
2193 522 2420 587 addere
2447 522 2803 608 concipitur
2827 546 3020 607 supra
3044 522 3340 606 partiales
3369 523 3520 585 unio-

633 638 764 679 1103.
814 612 979 677 Vide
1019 618 1064 680 81
1119 617 1336 680 confer
1384 616 1460 679 de
1507 614 1735 677 merito
1784 612 2239 678 incarnationis
2264 612 2659 695 disputantes
2693 613 3100 679 scholasticos
3129 612 3216 675 ad
3239 612 3296 674 3.
3323 622 3527 697 quaest.

634 706 697 766 2.
766 702 940 767 artic.
994 704 1118 779 11.;
1166 703 1481 787 imprimis
1535 703 1705 766 inter
1751 701 2134 767 recentiores
2189 702 2605 778 Zwarezium,
2669 702 2780 765 ubi
2835 701 2947 764 alii
3001 700 3298 764 citantur.
3345 699 3426 762 Et
3471 698 3530 761 de

634 792 751 854 hoc
797 790 1191 873 problemate
1243 794 1560 858 Becanum
1600 811 1732 874 cap.
1760 792 2116 876 cinqu-aest.
2146 790 2207 851 6.
2235 787 2438 851 XXX.
2479 789 2688 854 Probl.
2719 789 2819 853 An
2847 789 3159 853 visionem
3182 787 3531 863 beatificam,

632 901 825 962 quam
852 880 1092 962 accepit
1115 880 1183 943 in
1208 880 1475 944 instanti
1499 879 1750 942 unionis
1772 884 1801 943 ⁴?
1833 880 2012 963 Hesp.
2040 876 2408 961 Respondet
2426 900 2502 940 ex
2520 878 2979 942 recentioribus
3003 878 3289 943 Becanus
3304 896 3428 959 cap.
3454 877 3534 937 14.

632 977 863 1054 quaest.
924 967 981 1029 7.
1032 968 1178 1053 Neq.
1229 971 1274 1034 81,
1320 969 1597 1032 rationes
1654 967 1864 1031 adfert
1888 968 2064 1030 duas.
2120 968 2176 1031 l.
2233 966 2416 1046 Quia,
2451 966 2840 1051 principium
2869 964 3080 1029 meriti
3105 988 3232 1027 non
3257 964 3416 1027 radit
3435 963 3534 1025 sub

634 1054 953 1131 meritum,
1008 1078 1124 1121 nec
1177 1057 1347 1140 quod
1396 1058 1571 1140 [pag.
1625 1056 1788 1140 279]
1838 1056 2155 1119 antecedit
2179 1074 2430 1117 omnem
2465 1058 2676 1118 actum
2709 1054 3130 1131 meritorium,
3157 1052 3420 1116 habetur
3443 1074 3536 1133 per

630 1147 813 1207 actus
837 1144 1213 1209 meritorios.
1244 1145 1445 1228 Atqui
1469 1143 1629 1208 visio
1651 1143 1949 1207 beatifica
1972 1144 2052 1206 ab
2077 1143 2262 1206 initio
2287 1142 2714 1225 conceptionis
2739 1142 3054 1206 antecedit
3079 1162 3330 1205 omnem
3355 1144 3534 1203 actum

634 1232 1051 1310 meritorium,
1100 1236 1145 1299 81,
1170 1234 1297 1297 tria
1320 1232 1503 1316 quasi
1528 1231 1839 1315 principia
1867 1230 2128 1295 visionis
2153 1230 2522 1305 beatificae;
2559 1234 2596 1293 a
2627 1230 2862 1313 quibus
2893 1230 3226 1313 dependet,
3253 1230 3395 1291 unio
3417 1228 3532 1291 scil.

636 1320 1037 1404 hypostatica
1062 1342 1186 1405 quo
1211 1323 1291 1386 ad
1308 1321 1629 1385 infinitum
1655 1320 1971 1388 valorem:
1999 1319 2280 1383 infusum
2304 1319 2517 1382 lumen
2545 1319 2788 1403 gloriae
2815 1318 3049 1401 aliique
3071 1317 3331 1380 habitus
3345 1338 3537 1399 super-

634 1409 981 1488 naturaleS,
1007 1415 1079 1473 ut
1104 1410 1407 1474 scientiae
1437 1408 1707 1486 infusae,
1734 1408 2042 1481 caritatiS‚
2071 1407 2468 1471 obedientiae
2494 1409 2630 1471 &et
2665 1407 2948 1491 cognitio
2973 1406 3276 1469 scientiae
3299 1404 3535 1478 infusae,

635 1501 785 1561 sunt
834 1498 1145 1581 principia
1182 1497 1500 1561 merendi:
1536 1518 1687 1581 ergo
1712 1518 1836 1559 non
1863 1497 2218 1579 dependent
2242 1498 2280 1559 a
2309 1494 2558 1573 merit0,
2593 1495 2702 1559 sed
2727 1494 2937 1577 potius
2961 1493 3262 1557 meritum
3287 1493 3363 1556 ab
3387 1492 3535 1574 ipsis,

638 1588 699 1649 2.
753 1586 919 1667 Quia
972 1586 1133 1649 visio
1186 1587 1301 1649 illa
1348 1587 1496 1649 data
1519 1585 1644 1649 fuit
1669 1583 1925 1649 Christo
1950 1584 2014 1647 in
2041 1584 2305 1648 instanti
2332 1583 2759 1665 conceptionis
2785 1604 2862 1645 ex
2893 1583 3107 1645 debito
3132 1578 3536 1644 connaturali:

637 1694 790 1757 ergo
846 1694 971 1736 non
1025 1696 1141 1756 per
1175 1674 1433 1737 modum
1463 1673 1729 1758 praemii
1756 1677 1867 1736 aut
1899 1696 1974 1737 ex
2001 1672 2248 1735 merit0.
2299 1671 2477 1736 Sicut
2507 1672 2678 1735 enim
2702 1671 2862 1734 visio
2887 1670 3194 1734 sensitiva
3223 1668 3540 1733 debebatur

638 1761 735 1824 illi
788 1761 1034 1825 ratione
1085 1762 1334 1825 animae
1360 1762 1721 1840 sensitivae,
1748 1761 1840 1825 ita
1878 1761 2033 1823 visio
2061 1760 2355 1823 beatifica
2387 1759 2633 1823 ratione
2659 1759 2910 1823 unionis
2935 1758 3390 1843 hypostaticae.
3433 1754 3538 1817 Sed

636 1849 1021 1934 hypothesin
1034 1850 1510 1915 pontificiorum
1535 1850 1609 1913 de
1628 1849 1868 1913 visione
1889 1848 2180 1912 beatifica
2197 1849 2278 1911 ab
2301 1848 2564 1911 instanti
2586 1848 2834 1911 unionis
2851 1870 3050 1931 usque
3071 1847 3150 1909 ad
3167 1846 3374 1923 finem,
3391 1850 3537 1925 ejus-

637 1959 759 2020 que
777 1938 1239 2001 concomitante
1264 1960 1374 2001 seu
1402 1939 1697 2021 adjuncto
1723 1936 2004 2020 perfeeto
2023 1936 2258 2021 gaudio
2283 1936 2346 1999 in
2377 1936 2689 2019 superiori
2704 1940 2886 2019 parte
2905 1936 3179 2012 animae,
3195 1934 3390 1997 nostri
3411 1955 3540 1995 exa-

636 2027 883 2089 minant
905 2026 973 2089 in
998 2026 1427 2091 controversia
1451 2027 1527 2089 de
1550 2025 2099 2108 PerpessionibuS,
2121 2025 2166 2088 &
2192 2025 2269 2088 de
2293 2023 2573 2089 Scientia
2595 2024 2844 2087 animae
2869 2024 3129 2087 Christi:
3147 2026 3192 2088 &
3209 2022 3540 2087 doctissime

642 2116 955 2179 Gema-rus
978 2116 1063 2179 ad
1088 2116 1234 2180 Luc.
1262 2116 1321 2177 2.
1346 2136 1502 2179 vers.
1534 2116 1637 2177 52.
1664 2112 1902 2177 XXXI.
1933 2113 2241 2178 Problem..
2269 2112 2375 2177 An
2397 2112 2704 2177 meruerit
2717 2112 2840 2175 sibi
2858 2112 3136 2196 gratiam
3151 2110 3540 2174 habitualem.

641 2204 816 2286 Hesp.
872 2204 1018 2288 Neq.
1044 2203 1208 2278 Quia
1234 2203 1437 2267 omnis
1466 2207 1643 2266 actus
1667 2201 2029 2265 meritorius
2056 2201 2184 2265 fuit
2215 2202 2526 2284 posterior
2554 2201 2870 2264 infusione
2902 2200 3152 2285 gratiae
3183 2196 3538 2263 habitualis:

637 2314 787 2376 ergo
812 2313 927 2374 per
956 2292 1205 2355 nullum
1230 2294 1441 2355 actum
1466 2291 1677 2374 potuit
1701 2290 1980 2374 gratiam
2010 2290 2190 2353 illam
2217 2290 2464 2353 mereri.
2513 2287 2785 2353 XXXII.
2835 2288 3153 2354 Problem.
3179 2288 3278 2351 An
3305 2284 3536 2351 exaudi-

642 2380 880 2444 tionem
935 2380 1039 2465 (de
1087 2384 1212 2464 qua
1232 2380 1504 2445 Johavm.
1543 2380 1645 2445 11.
1674 2399 1829 2443 ver-3.
1861 2378 1994 2457 42.)
2022 2380 2068 2444 81
2101 2378 2544 2443 liberationem
2573 2381 2610 2441 a
2633 2378 2801 2441 malo
2833 2380 2971 2441 tum
3001 2375 3373 2441 intermedio
3395 2378 3536 2438 tem-

644 2491 815 2552 pore,
861 2473 1000 2532 tum
1045 2469 1113 2532 in
1138 2469 1263 2532 fine
1286 2459 1477 2544 vitae,
1512 2472 1713 2531 morte.
1745 2467 1878 2531 scil.
1906 2471 2210 2550 utraque:
2247 2469 2322 2532 de
2347 2489 2470 2550 quo
2504 2466 2683 2531 Hebr.
2714 2467 2751 2528 5
2805 2487 2862 2530 v.
2889 2466 2985 2529 7.?
3011 2467 3188 2552 Hesp.
3213 2463 3356 2528 Non
3379 2463 3536 2525 video

645 2579 756 2621 cur
780 2558 1095 2645 affirmari
1116 2579 1241 2621 non
1269 2557 1489 2640 possit.
1523 2558 1665 2622 Luc.
1695 2555 1797 2619 24.
1834 2557 1940 2620 25.
1969 2557 2074 2619 26.
2097 2555 2366 2620 Johnnn.
2403 2557 2502 2619 17.
2539 2556 2596 2620 4.
2627 2555 2686 2618 5.
2727 2553 2909 2619 Hebr.
2939 2556 2998 2617 2.
3031 2557 3132 2616 10.
3159 2556 3205 2618 a
3234 2553 3332 2615 12.
3357 2553 3412 2615 2.
3433 2551 3533 2613 les.

648 2647 753 2708 53.
800 2665 956 2710 vere.
1014 2648 1113 2708 10.
1158 2648 1256 2709 ll.
1292 2647 1390 2709 12.
1421 2645 1651 2709 Confer
1679 2644 2003 2708 Βεοαηνωη
2033 2646 2132 2707 14.
2161 2655 2395 2729 quaest.
2424 2646 2482 2706 3.
2513 2645 2573 2706 5.
2604 2645 2662 2707 7.
2689 2640 2984 2706 XXXIII.
3031 2641 3233 2708 Probl.
3263 2640 3360 2704 An
3385 2638 3534 2704 exal-

642 2734 973 2811 tationem,
1016 2733 1138 2798 hoc
1184 2738 1301 2813 est,
1334 2733 1881 2809 resurrectionem,
1908 2733 2358 2810 ascensionem,
2393 2733 2736 2795 sessionem
2763 2731 2840 2794 ad
2866 2731 3174 2794 dextram.
3226 2731 3396 2812 Hesp.
3423 2729 3530 2812 ΑΙῙ.

644 2843 721 2884 ex
779 2821 1015 2906 Philip.
1065 2823 1125 2885 2.
1157 2843 1312 2887 vers,
1340 2823 1402 2885 9.
1434 2821 1566 2886 Ubi
1597 2821 1739 2884 vide
1767 2821 1956 2904 longe
1982 2821 2526 2884 accuratissimum
2549 2820 3068 2885 commentarium
3099 2818 3372 2884 Gomari.
3397 2815 3535 2879 Con-

644 2909 927 2973 sentiunt
950 2909 1305 2974 Scholastica·
1324 2911 1411 2974 ad
1435 2911 1494 2973 3.
1528 2921 1762 2995 quaest.
1791 2911 1896 2974 50.
1921 2909 2096 2973 artic,
2125 2909 2183 2970 6.
2214 2907 2342 2972 Ubi
2375 2908 2670 2972 distincte
2695 2907 3140 2984 determinant,
3167 2907 3332 2989 quod
3363 2905 3534 2986 majo-

644 3019 777 3060 rem
800 2996 1173 3074 claritatem,
1200 3021 1324 3062 non
1350 3021 1499 3062 vero
1521 2997 1900 3061 charitatem
1927 2998 2248 3060 meruerit.
2276 2995 2571 3060 XXXIV.
2603 2996 2818 3062 Probi.
2845 2994 2948 3058 An
2975 2994 3272 3058 distincte
3295 2993 3536 3078 gloriam

641 3085 957 3149 humanae
1004 3091 1289 3164 naturae,
1316 3090 1443 3170 qua
1466 3086 1601 3150 scil.
1626 3085 1971 3170 singularis
1997 3085 2110 3149 illa
2141 3089 2430 3150 creatura
2453 3085 2783 3148 rationalis
2815 3087 2930 3158 est,
2964 3083 3030 3146 h.
3065 3105 3118 3146 e.
3153 3079 3535 3167 glorificatio·

639 3194 787 3236 nem
839 3175 1163 3257 corporiS,·
1193 3174 1239 3239 81
1271 3175 1521 3238 animae
1544 3174 2145 3258 impassibilitatem.
2199 3176 2374 3258 Resp.
2406 3173 2534 3260 Aff.
2559 3172 2930 3238 Seholastici.
2982 3171 3082 3234 Ex
3105 3171 3342 3234 nostris
3366 3165 3535 3250 aliqui

640 3262 935 3350 videntur
980 3283 1235 3346 negare,
1286 3269 1358 3326 ut
1408 3263 1725 3328 Zanchius
1772 3264 1817 3327 &
1869 3262 2174 3340 Piscator,
2225 3262 2334 3345 qui
2359 3262 2632 3346 gloriam
2665 3259 3034 3325 Mediator-is
3059 3259 3328 3323 exaltati
3351 3259 3410 3320 in
3441 3275 3535 3318 suo

638 3369 856 3434 regnO,
912 3350 1139 3414 merito
1178 3351 1379 3435 ipsius
1404 3351 1787 3415 adscribunt.
1839 3350 2122 3425 Quorum
2147 3349 2530 3414 sententiam
2555 3349 2886 3413 confirmat
2917 3348 3240 3431 Aleinyius
3263 3349 3331 3411 in
3357 3343 3535 3410 Probl.

634 3450 785 3523 parc
800 3487 814 3504 .
839 3440 895 3502 1.
917 3439 1120 3523 probl.
1146 3440 1251 3504 43.
1288 3439 1411 3504 Sed
1434 3462 1578 3504 cum
1608 3440 1841 3522 triplex
1867 3440 2074 3523 gloria
2098 3438 2336 3502 Christi
2365 3441 2401 3501 a
2425 3438 2658 3503 nostris
2691 3438 2885 3523 (inter
2909 3458 3066 3520 quos
3102 3435 3456 3522 Polymider
3481 3433 3536 3494 in

635 3539 953 3593 concertat.
971 3549 1113 3594 mom
1134 3527 1513 3611 Socinia‘nis)
1538 3528 1798 3591 distinte
1815 3529 1862 3592 &
1885 3529 2054 3590 recte
2071 3527 2520 3603 consideretur,
2537 3530 2663 3608 qua
2679 3525 2952 3590 hominis
2963 3524 3160 3600 illius,
3179 3527 3308 3607 qua
3323 3519 3535 3586 Media-

640 3617 798 3680 toris
822 3615 1011 3700 idque
1037 3616 1379 3681 secundum
1396 3621 1729 3698 utramque
1762 3619 2079 3694 naturam,
2106 3615 2199 3679 uti
2224 3613 2393 3678 infra
2422 3615 2690 3691 dicetur)
2715 3616 2760 3680 81
2785 3617 2912 3697 qua
2941 3612 3062 3677 Dei
3093 3613 3393 3686 ὃμεουσίαυ
3414 3629 3534 3672 cum

638 3702 831 3769 Patre
864 3707 909 3770 81,
934 3703 1179 3788 Spiritu
1204 3703 1437 3769 Sancto
1471 3705 1761 3768 absolute
1786 3703 2198 3767 considerati:
2225 3725 2350 3767 non
2385 3703 2565 3767 video
2590 3725 2702 3767 cur
2725 3702 2844 3766 hoc
2866 3701 3088 3786 negari
3114 3702 3364 3767 debeat.
3391 3700 3534 3764 Zan-

636 3791 816 3857 chius
862 3793 937 3857 de
982 3794 1424 3860 [maritatione
1462 3813 1608 3876 pay.
1654 3792 1800 3855 495.
1829 3792 1979 3855 edit.
2014 3791 2082 3854 in
2108 3791 2434 3879 &statuit
2459 3789 2782 3855 Christum
2808 3790 3080 3854 lohann.
3112 3790 3214 3853 17.
3252 3788 3532 3872 duplicem

638 3881 1167 3965 glorificationem
1212 3880 1493 3964 petiisse,
1542 3902 1730 3944 unam
1782 3879 2221 3953 humanitatis,
2265 3880 2533 3943 alteram
2558 3877 2856 3943 Deitatis.
2905 3877 3134 3942 Putem
3159 3900 3314 3962 ergo
3339 3877 3534 3939 horum

640 3967 956 4033 Autorum
982 3970 1331 4033 sententias
1362 3969 1531 4033 inter
1552 3990 1618 4032 se
1643 3975 1687 4030 &
1710 3989 1856 4032 cum
1879 3971 2095 4031 nostra
2121 3969 2358 4051 optime
2384 3967 2703 4032 conciliari
2733 3989 2937 4050 posse.
2963 3966 3086 4042 Qui
3113 3967 3284 4030 enim
3309 3965 3534 4049 propter

635 4056 939 4120 meritum
983 4057 1382 4121 obedientiae
1430 4057 1614 4143 [pag.
1665 4057 1823 4140 280]
1874 4056 2305 4134 mediatoriae,
2355 4057 2626 4140 gloriam
2652 4055 3092 4119 mediatoriam
3116 4055 3245 4138 ipsi
3269 4055 3532 4118 collatam

638 4144 812 4222 dicit,
866 4167 995 4208 non
1042 4150 1237 4229 negat
1290 4147 1589 4209 meritum
1636 4146 1682 4210 &
1730 4165 2120 4227 consequens
2159 4144 2513 4228 praemium
2547 4144 2824 4227 ejusdem
2851 4142 3200 4207 secundum·
3219 4143 3532 4206 humanam

640 4231 1031 4315 singularem
1073 4233 1253 4296 illam
1298 4239 1595 4296 naturam
1643 4232 2058 4306 considerati3
2109 4255 2216 4296 seu
2243 4237 2315 4296 ut
2337 4232 2743 4316 particularis
2768 4231 2954 4294 istius
2979 4223 3529 4296 hominisxxxv.

642 4317 847 4384 probb.
874 4317 977 4381 An
1001 4319 1271 4402 gloriam
1298 4319 1779 4384 oeconomicam
1803 4323 1930 4402 qua
1953 4317 2323 4384 Mediatoris
2343 4326 2373 4384 Ρ
2423 4323 2599 4404 Resp.
2627 4322 2749 4406 Aff.
2779 4343 2854 4383 ex
2883 4319 3064 4384 Hebr.
3095 4320 3154 4381 2.
3183 4340 3342 4383 vers.
3367 4317 3420 4380 9.
3451 4313 3532 4376 10.

638 4407 685 4472 81
752 4407 853 4470 12.
902 4407 963 4470 2.
1015 4406 1179 4472 Jesa.
1228 4409 1332 4468 53.
1380 4409 1479 4469 11.
1530 4407 1713 4471 Hane
1736 4408 2121 4472 sententiam
2143 4408 2382 4471 habent
2411 4409 2748 4486 ΖαηοΙιίαε,
2783 4407 3082 4484 Ρίκεαῑον,
3109 4407 3348 4490 aliique
3371 4421 3532 4552 supr?

3385 4515 3436 4556 cl
3456 4513 3492 4553 >8
3515 4509 3531 4548 l
