3694 4871
581 248 1950 318 DoouAr1sDnSS.Tn1s1rA1-n.
2008 253 2643 322 PAnsAnrnnA.
2965 255 3092 318 103

124 435 568 518 deposcimus,
617 435 679 501 ἃ·
712 457 857 501 cum
882 436 999 502 hae
1010 447 1157 503 ante
1182 437 1414 504 Christi
1436 436 1719 503 tribunal
1738 438 2044 503 assistere.
2095 433 2191 500 Ad
2213 434 2377 501 hanc
2404 437 2850 523 consessionem
2877 461 3094 508 omnes

124 523 511 604 hortamur,
554 524 620 591 ἃ*
668 525 975 591 deservire
1016 526 1147 592 Deo
1187 526 1510 593 nobiscum
1544 527 1908 605 invitamus,
1935 546 2009 590 ac
2029 544 2220 607 super
2243 538 2517 591 montem
2541 528 2853 595 excelsum
2880 530 3091 615 Impe-

124 613 213 678 rii
234 624 511 689 stantes,
532 614 895 699 praedicam
904 636 996 692 us,
1020 637 1211 702 aeque
1233 617 1695 682 ecclesiastica-m
1716 636 1931 700 pacem
1957 615 2141 679 totius
2151 615 2373 698 populi
2381 616 2808 682 solennitatem
2826 618 3088 685 adnun-

126 701 407 768 ciamus.
471 703 633 770 Nam
668 704 779 770 illa
826 705 1151 790 quondam
1206 705 1447 771 Christo
1484 705 1851 770 dilectorum
1873 702 2178 770 dissensio
2202 723 2376 768 nunc
2397 703 2469 769 in
2490 705 2884 772 concordiam
2908 727 3090 773 versa

126 803 219 855 est
245 814 269 866 ,·
311 791 797 858 Haereticorum
846 804 1063 858 contra
1107 804 1259 858 sunt
1302 795 1604 859 scandala
1626 815 1647 856 .-
1671 793 1852 880 [pag.
1897 791 2059 878 504]
2078 792 2534 878 propriamque
2555 794 2922 878 diynitatem
2945 796 3092 862 haec

130 880 291 968 fides
337 880 577 965 adepta
622 893 729 958 est,
784 882 917 967 ipso
957 882 1198 948 Christo
1244 883 1378 950 suis
1425 883 1705 949 Ecclesiis
1744 881 2038 946 medente.
2074 881 2214 964 Ipse
2234 892 2322 946 est
2353 882 2546 968 iqitur
2563 904 2697 967 pasc
2719 895 2956 962 nostra,
2979 884 3093 970 qui

131 969 322 1034 solvit
355 971 643 1036 medium
671 972 966 1046 materiae
989 972 1321 1056 parietem:
1362 970 1426 1038 ἃ·
1454 993 1614 1057 quae
1648 991 1761 1055 per
1783 982 2066 1056 tempora
2087 969 2488 1049 dissidebant,
2513 971 2585 1036 in
2605 973 3092 1039 unanimitatem

129 1058 521 1124 conciliavit.
580 1061 757 1126 Unus
789 1061 1129 1138 Dominus,
1162 1081 1297 1126 una
1340 1060 1515 1148 fides,
1559 1081 1770 1126 unum
1801 1059 2132 1143 baptisma,
2174 1078 2310 1124 una
2339 1060 2409 1124 in
2434 1060 2644 1126 Deum
2667 1081 2842 1126 nunc
2862 1073 2948 1128 est
2970 1063 3088 1130 Ec—

134 1147 357 1212 clesiae
382 1149 627 1212 unitas.
674 1148 745 1214 Si
772 1149 915 1234 quis
938 1149 1133 1234 iyitur
1167 1149 1396 1215 Christi
1418 1160 1665 1216 amator
1701 1159 1809 1226 est,
1840 1145 1906 1214 ἃ·
1926 1147 2139 1212 metuit
2161 1147 2538 1227 Dominum,
2567 1161 2966 1236 optatamque
2986 1171 3091 1216 sa-

134 1236 335 1300 lutem
389 1235 723 1316 desiderat,
778 1238 945 1302 lianc
976 1239 1165 1326 fidem
1195 1238 1623 1304 orthodoxam
1656 1249 1872 1304 teneat.
1925 1237 2044 1305 Nec
2066 1235 2232 1300 enim
2258 1237 2374 1301 erit
2394 1257 2509 1321 per
2528 1239 2726 1303 aliam
2748 1239 2938 1326 fidem
2961 1241 3090 1306 sal·

135 1325 298 1389 ναν-ι’.
356 1324 437 1392 Si
482 1325 626 1411 quis
671 1347 814 1391 vero
860 1326 1194 1392 hominum
1246 1328 1529 1410 personis
1572 1328 1845 1412 qratia-m
1889 1324 2145 1402 emhibet,
2190 1325 2527 1392 Charitatis
2557 1339 2764 1394 autem
2788 1329 2859 1393 in
2881 1329 3090 1395 Deum

136 1415 571 1478 amulatorem
617 1436 681 1480 se
731 1436 863 1481 non
894 1416 1299 1494 demonstrat,
1342 1428 1850 1502 praesentemque
1893 1425 2179 1480 nostram
2221 1415 2402 1499 piam
2423 1416 2926 1483 constitutionem
2956 1437 3090 1484 non

139 1502 379 1584 recipit,
425 1503 484 1566 si
528 1504 781 1589 quidem
826 1505 1178 1589 Episcopus
1199 1517 1305 1581 est,
1331 1505 1426 1569 vel
1455 1506 1742 1580 ClericuS,
1768 1514 1883 1570 aut
1909 1503 2268 1568 Monachico
2290 1503 2719 1570 circumdatus
2741 1517 2828 1570 est
2849 1505 3090 1584 habitu,

141 1590 600 1674 deportationis
637 1613 843 1676 poena
886 1596 1148 1659 exolvet:
1202 1593 1257 1659 si
1302 1615 1445 1660 vero
1498 1595 1570 1658 in
1620 1593 1858 1659 Ordine
1904 1592 2290 1677 diynitatum
2337 1592 2612 1658 insertus
2636 1605 2742 1671 cst,
2775 1595 3085 1679 supplicio

141 1681 630 1764 proscriptionis
674 1683 1028 1759 mulctator,
1075 1683 1252 1768 eique
1295 1683 1623 1767 cinyulum
1675 1682 2010 1747 adimitor:
2048 1681 2105 1746 si
2133 1692 2342 1746 autem
2367 1682 2646 1748 idioticae
2675 1684 2860 1749 sortis
2881 1693 2990 1762 cst,
3011 1705 3091 1751 cx

144 1768 259 1832 kae
304 1769 529 1853 chia,
578 1770 873 1857 omnique
914 1771 1168 1855 penitus
1218 1772 1469 1836 Civitate
1503 1772 1769 1837 extorris
1812 1770 2125 1855 abjicitor:
2181 1767 2245 1835 ἃ·
2275 1789 2468 1853 super
2496 1771 2645 1854 haec
2663 1773 2880 1838 omnia
2901 1773 3102 1842 ctiam.

148 1856 449 1923 terribilis
504 1869 689 1944 atque
710 1859 1109 1944 ineoepiabilis
1140 1860 1373 1944 judicii
1402 1880 1533 1924 non
1556 1860 1808 1946 effuyiet
1838 1859 2203 1926 cruciatum.
2251 1856 2563 1924 Alcuinus
2595 1860 2664 1924 in
2686 1859 3086 1944 praefatione

150 1944 291 2011 libr.
334 1946 415 2011 de
459 1945 780 2012 Trinitate
825 1949 905 2012 ad
928 1947 1226 2012 Carolum
1250 1947 1584 2032 Magnum,
1611 1951 1793 2032 optat
1818 1949 1864 2014 ἃ
1889 1947 2288 2012 commendat
2312 1951 2382 2010 ut
2403 1947 2724 2031 imperiali
2739 1949 2940 2032 ipsius
2971 1972 3084 2033 po-

149 2033 353 2098 tentia
376 2057 641 2100 concors
663 2035 853 2120 hujus
879 2035 1199 2101 doctrinae
1226 2036 1536 2102 confessio
1568 2040 1974 2121 protegatur:
2019 2037 2094 2102 Ut
2141 2035 2212 2100 in
2241 2054 2491 2100 omnem
2511 2037 2782 2120 ylariam
2812 2049 3086 2104 vestrum

152 2123 528 2190 extendatur
568 2125 903 2209 imperium
928 2149 949 2190 .·
996 2136 1067 2192 ut
1106 2125 1235 2191 seit.
1283 2125 1579 2190 catholica
1615 2126 1791 2213 fides,
1838 2145 1999 2211 quae
2035 2125 2398 2190 humanum
2441 2145 2640 2210 qenus
2681 2127 2813 2192 sola
2839 2125 2950 2211 (N.
2979 2126 3085 2203 B.)

153 2212 521 2300 sanctificat,
566 2214 860 2278 veraciter
912 2213 983 2278 in
1020 2215 1158 2279 und
1204 2215 1588 2280 consessione
1633 2225 2008 2280 cunctorum
2054 2212 2341 2278 cordibus
2386 2212 2732 2301 infiqatur5
2775 2225 3084 2300 quatenus

155 2302 390 2367 summi
420 2302 589 2386 re9is
612 2302 883 2366 dona-nte
901 2303 1127 2388 pietate
1148 2303 1363 2369 eadem
1386 2315 1635 2368 sanctae
1654 2303 1829 2387 pacis
1855 2301 1916 2368 ἃ·
1936 2304 2238 2388 perlectae
2251 2302 2594 2383 charitatis,
2619 2323 2836 2370 omnes
2856 2302 3086 2390 ubique

154 2400 317 2473 reyat
346 2387 413 2457 ἃ·
434 2391 741 2458 custodiat
770 2391 1004 2457 unitas.
1052 2389 1230 2457 Idem
1254 2391 1320 2457 in
1346 2391 1719 2457 hexasticho
1736 2391 1817 2457 ad
1840 2391 2110 2457 eundem
2143 2390 2441 2456 Carolum
2465 2389 2555 2457 M.

609 2521 689 2586 Te
704 2531 886 2605 pater
906 2532 1091 2606 atque
1106 2524 1313 2606 patris
1331 2522 1559 2606 proies,
1588 2534 1641 2587 te
1665 2522 1928 2605 spiritus
1957 2523 2172 2588 almus

692 2610 1006 2694 Proteyat,
1034 2612 1272 2687 exaltet,
1298 2613 1507 2687 salvet,
1534 2610 1811 2687 honoret,
1836 2622 2021 2677 amet.

608 2699 804 2779 Quem
834 2709 945 2763 tua
964 2720 1079 2781 per
1105 2702 1391 2784 populos,
1425 2712 1645 2774 terras,
1669 2720 1786 2784 per
1806 2719 2024 2783 reyna,
2051 2718 2168 2783 per
2187 2696 2392 2774 urbes,

693 2787 869 2851 Mens
889 2788 1000 2871 pia
1022 2788 1414 2872 permandet,
1446 2808 1691 2873 semper
1711 2809 1933 2854 amare
1956 2787 2188 2853 Deum.

241 2920 309 2987 Si
354 2924 435 2987 ad
482 2927 700 2989 nostra
720 2928 1013 3009 tempora
1037 2925 1299 3011 (quibus
1333 2929 1587 2991 exortus
1610 2948 1812 2991 novus
1836 2923 2305 3007 Arrianismus)
2332 2923 2793 3003 descendimuS,
2818 2946 3078 3011 compe-

163 3008 387 3075 riemus
434 3012 666 3077 nullibi
715 3012 1078 3079 libertatem
1126 3014 1258 3079 illis
1308 3036 1689 3085 concessam,
1741 3015 1978 3098 ubique
2013 3012 2223 3077 aditus
2249 3034 2467 3077 omnes
2492 3013 2877 3096 praeclusos.
2913 3018 2968 3078 1.
3003 3012 3082 3079 In

168 3096 421 3182 imperio
448 3099 845 3179 Germanico,
872 3102 983 3167 ubi
1006 3125 1207 3187 usque
1231 3103 1299 3167 in
1324 3102 1494 3167 hunc
1519 3103 1688 3168 diem
1718 3103 1901 3167 nefas
1927 3106 2024 3166 est
2049 3101 2240 3166 libros
2265 3102 2550 3185 ipsorum
2565 3102 2823 3167 venales
2842 3102 3079 3167 inferre

166 3190 269 3250 aut
312 3210 647 3273 exponere,
695 3190 928 3255 nedum
978 3195 1051 3255 ut
1092 3192 1211 3256 sub
1244 3213 1399 3275 pace
1431 3192 1763 3277 religionis
1789 3189 2240 3273 comprehendi
2268 3190 2598 3273 potuerint
2671 3189 2840 3264 Quin
2864 3193 2912 3257 ἃ
2933 3190 3078 3256 Fri-

169 3273 398 3341 dericus
444 3276 705 3343 Elector
744 3278 1077 3343 Palatinus
1102 3280 1331 3344 merito
1363 3281 1567 3345 dictus
1596 3279 1745 3345 Pius
1772 3280 2282 3345 concionatorem
2308 3278 2624 3362 quendam
2649 3279 2907 3343 nomine
2933 3277 3079 3363 Syl-

168 3384 387 3429 vanum
431 3388 579 3431 cum
624 3365 977 3433 Socinianis
1024 3370 1272 3433 occulta
1328 3369 1592 3433 consilia
1636 3368 1995 3454 agitantem
2043 3368 2118 3431 de
2169 3364 2522 3431 Socinismo
2546 3366 2612 3431 in
2638 3365 3078 3432 Palatinatum

172 3447 607 3520 introducendo
631 3456 892 3540 capitali
916 3456 1228 3540 supplicio
1252 3458 1544 3541 subjecit.
1594 3458 1654 3521 2.
1702 3456 1778 3523 In
1804 3455 2046 3541 Magna
2072 3456 2408 3519 Britannia
2439 3455 2691 3520 nullum
2717 3454 2848 3519 illis
2869 3456 3077 3521 locum

174 3558 296 3604 esse
341 3541 566 3609 docent
612 3545 1105 3627 contestationes
1152 3544 1459 3610 sereniss,
1509 3544 1707 3631 Regis
1738 3544 1966 3611 Jacobi
2005 3548 2232 3609 contra
2257 3542 2590 3608 Vorstium
2613 3544 2690 3607 de
2723 3541 3077 3609 Socinismo

174 3636 555 3713 suspectum3
580 3637 912 3717 praeterea
943 3633 1331 3717 supplicium
1352 3634 1486 3698 illic
1510 3639 1839 3717 sumptum
1870 3634 1946 3698 de
1975 3631 2350 3717 blasphemo
2380 3631 2677 3695 Arriano.
2731 3633 2791 3697 3.
2831 3634 2888 3697 A
2912 3633 3076 3697 Can-

176 3717 409 3785 tonibus
459 3719 807 3786 Helveticis
857 3720 1250 3787 Reformatis
1284 3745 1393 3787 eos
1427 3745 1554 3787 non
1577 3722 1863 3800 tolerari,
1895 3727 1969 3786 ut
1990 3744 2106 3786 nec
2133 3725 2172 3785 a
2195 3719 2470 3805 Republ.
2507 3719 2861 3785 Genevensi
2885 3722 3078 3787 fidem

177 3800 315 3870 facit
357 3810 739 3893 supplicium
786 3809 1117 3875 Valentini
1167 3810 1461 3886 Gentilis,
1510 3810 1778 3889 Serveti,
1804 3812 1852 3877 δι
1875 3810 2240 3895 nuperrime
2267 3808 2595 3892 cujusdam
2620 3807 2888 3874 Antonii
2910 3832 3076 3877 anno

183 3890 349 3960 1633.
397 3896 689 3963 Genevae
734 3900 1067 3964 combusti.
1118 3900 1181 3963 4.
1230 3898 1307 3964 In
1355 3900 1641 3977 Polonia,
1688 3921 1833 3965 cum
1865 3899 1958 3963 ibi
1990 3898 2270 3983 primum
2299 3898 2674 3981 irreperent,
2709 3897 2985 3963 fideliter
3007 3900 3076 3965 in

180 3981 426 4061 publicis
472 3987 655 4071 regni
698 3988 970 4052 comitiis
1019 4010 1087 4053 se
1118 3993 1555 4072 opposuerunt
1599 3987 1900 4054 Proceres
1927 3986 2364 4053 Protestantes
2397 3988 2443 4053 St
2475 3985 2869 4052 Reformati:
2897 3988 3007 4053 sed
3038 3992 3078 4055 a

182 4064 505 4139 Pontificiis
552 4098 742 4141 causa
788 4080 941 4140 tunc
985 4076 1234 4143 deserta
1274 4077 1429 4142 fuit:
1466 4076 1589 4143 Sed
1622 4100 1789 4142 anno
1820 4078 2010 4141 1640.
2048 4074 2340 4141 nonnihil
2367 4080 2586 4139 contra
2619 4076 2868 4141 eosdem
2900 4075 3076 4143 Soci-

182 4155 378 4225 uianos
399 4162 634 4229 ibidem
656 4164 725 4227 in
750 4165 933 4249 regni
958 4164 1231 4229 comitiis
1258 4167 1438 4253 [pag.
1472 4166 1637 4251 505]
1670 4167 2016 4231 decretum.
2064 4166 2130 4246 ,5.
2156 4162 2230 4228 In
2257 4162 2754 4248 Transsylvania
2781 4166 3074 4249 quamvis

188 4248 423 4315 antehac
467 4274 589 4317 non
620 4252 840 4337 paucis
864 4253 929 4318 in
962 4253 1117 4317 locis
1142 4253 1553 4329 obtinuerint,
1581 4253 1770 4319 hodie
1801 4257 2020 4319 tamen
2045 4256 2298 4317 tantum
2323 4252 2462 4337 agit
2484 4253 2718 4317 eelsisS.
2769 4254 3074 4338 Princeps

188 4326 463 4405 Racocius
508 4340 888 4407 reformatae
912 4341 1242 4427 religionis
1267 4348 1590 4428 protector
1613 4342 1907 4423 eximiuS,
1933 4346 2006 4407 ut
2029 4364 2171 4407 cum
2197 4340 2335 4405 Deo
2361 4343 2744 4425 sperandum
2777 4344 2864 4407 sit
2885 4343 3074 4407 sicuti

2937 4452 3074 4515 Jam
