3694 4871
629 285 755 346 310
1275 276 2509 344 DlsP.X[.DESAsssA·r1-102r
2562 277 2909 341 Fssris.

627 468 749 531 hoc
775 471 918 532 voto
943 466 1214 531 dimitti:
1247 465 1514 532 Utinam
1541 465 1631 528 sic
1652 487 1904 550 semper
1927 470 2246 530 errassent
2281 465 2780 548 Anabaptistae!
2821 461 2948 527 Sed
2977 463 3268 528 Calvinus
3299 484 3532 525 accura-

629 555 757 620 tius
790 555 1159 638 quaestione
1201 555 1319 619 hac
1353 556 1665 638 perpensa
1706 555 1899 637 longe
1927 554 2114 618 aliter
2138 553 2422 638 loquitur
2453 553 2520 616 in
2552 555 2890 618 Cornmettt.
2919 551 3006 616 ad
3041 551 3252 617 Genea.
3279 553 3338 612 2.
3363 571 3530 632 quem

628 644 835 708 locum
876 643 1148 726 expendi
1183 643 1371 708 velim
1410 642 1490 706 ab
1516 640 1616 718 iis,
1644 642 1754 725 qui
1778 663 2085 727 magnum
2109 643 2293 706 illum
2317 640 2684 725 Scripturae
2706 638 3130 723 Interpretem
3156 639 3379 702 merito
3411 660 3532 700 sus-

633 731 896 817 piciunt.
945 729 1077 796 Ubi
1123 731 1291 796 inter
1345 731 1473 794 alia
1518 729 1692 809 dicit,
1740 730 2084 813 septimum
2133 751 2448 814 quemque
2501 729 2668 793 diem
2693 728 2892 811 quieti
2925 728 3334 802 destinatum,
3363 726 3408 790 ἃ
3429 725 3532 790 Dei

632 819 993 902 exemplum
1040 823 1414 902 perpetuam
1462 840 1596 881 esse
1649 819 1974 902 regulam3
2027 841 2140 883 nec
2191 841 2324 883 esse
2365 818 2552 882 unius
2579 818 2810 882 aetatis
2837 820 2949 880 aut
2973 815 3216 900 populi,
3231 815 3339 878 sed
3359 814 3534 878 totius

630 906 894 973 humani
919 907 1191 990 generis,
1239 905 1315 970 In
1340 905 1755 991 abrogatione
1786 907 1922 990 ejus
1945 929 2060 990 per
2083 905 2408 971 Christum
2433 905 2858 970 adhibendam
2896 927 3036 968 esse
3068 902 3534 976 distinctionem,

633 995 787 1078 quid
811 994 890 1058 ad
914 997 1293 1078 perpetuum
1318 993 1635 1058 humanae
1660 995 1829 1058 vitae
1861 995 2145 1080 regimen
2179 994 2514 1078 pertineat,
2565 994 2720 1078 quid
2749 992 3006 1078 proprie
3029 992 3360 1057 conveniat
3381 995 3534 1054 vete-

634 1083 811 1148 ribus
864 1082 1111 1167 figuriS.
1159 1085 1218 1147 6.
1270 1083 1554 1168 Denique
1606 1083 1896 1166 sequitur
1940 1083 2230 1148 homines
2275 1082 2667 1166 profanando
2693 1082 2858 1146 diem
2883 1081 3254 1164 septimum,
3279 1083 3388 1143 aut
3407 1100 3534 1162 pro-

636 1176 780 1255 pter
826 1171 1291 1255 occupationeS‚
1349 1171 1671 1248 exercitia,
1705 1170 1909 1251 ludos,
1935 1173 2056 1236 duo
2089 1176 2202 1236 aut
2231 1172 2357 1236 tria
2379 1169 2733 1249 Sabbatha,
2759 1170 3030 1236 subinde
3063 1167 3535 1242 intermittendo,

634 1281 758 1324 non
798 1258 1004 1342 magis
1044 1281 1301 1343 peccare
1352 1258 1419 1323 in
1474 1263 1773 1342 quartum
1820 1259 2260 1343 Praeceptum,
2309 1281 2503 1343 quam
2535 1259 2588 1323 si
2620 1259 2984 1324 omisissent
3007 1256 3412 1332 Neomenias,
3443 1259 3538 1318 aut

634 1347 800 1412 festa
845 1345 1448 1422 Tabernaculorum,
1476 1352 1589 1412 aut
1615 1347 1874 1413 similia.
1921 1349 2102 1424 Quod
2127 1347 2182 1412 si
2205 1347 2417 1412 dicant
2441 1348 2587 1412 illos
2613 1353 2763 1412 tunc
2786 1368 3048 1431 peccare
3083 1346 3147 1410 in
3175 1345 3450 1409 ordinem
3469 1343 3536 1406 ab

634 1435 921 1500 Ecclesia
944 1435 1383 1514 constitutum,
1410 1435 1793 1520 replicarent
1838 1436 2006 1501 forte
2031 1459 2099 1501 se
2121 1435 2297 1500 horis
2329 1435 2576 1520 aliquot
2601 1436 2879 1500 altorum
2903 1435 3154 1498 dierum
3187 1431 3536 1496 intermissi·

635 1545 820 1588 onem
867 1523 1048 1587 illam
1086 1524 1334 1588 abunde
1363 1546 1835 1606 compensasse:
1871 1525 2095 1588 deinde
2121 1548 2246 1588 non
2273 1547 2406 1588 esse
2433 1529 2649 1588 tamen
2673 1528 3004 1608 peccatum
3031 1523 3098 1586 in
3133 1526 3426 1606 quartum
3449 1518 3540 1582 Le·

636 1611 737 1696 gis
770 1609 1017 1676 divinae
1052 1610 1493 1696 Praeceptum,
1518 1613 1627 1678 sed
1652 1617 1904 1676 tantum
1929 1613 1995 1676 in
2027 1611 2546 1678 consuetudinem
2571 1611 3112 1677 Ecclesiasticam.
3157 1613 3194 1675 Ι
3209 1609 3274 1674 V.
3327 1610 3538 1692 Quarta

636 1699 927 1784 probatio
962 1705 1059 1778 (ut
1091 1701 1272 1785 [pag.
1306 1700 1507 1786 1242]
1534 1701 1695 1764 alias
1718 1723 1885 1766 nunc
1917 1724 2031 1765 suo
2056 1702 2192 1766 loco
2217 1704 2263 1767 ἀ
2286 1701 2417 1766 suis
2455 1701 2784 1765 autoribus
2814 1698 3290 1784 relinquamus)
3328 1697 3539 1760 desumi

638 1791 853 1872 posset
899 1809 974 1852 ex
1021 1809 1329 1852 consensu
1372 1788 1797 1872 antiquitatis,
1839 1791 1886 1855 8ι
1911 1790 2358 1873 plerorumque
2383 1787 2730 1853 Doctorum
2753 1789 2817 1852 in
2852 1788 3164 1852 Ecclesiis
3188 1784 3538 1852 reformatis.

640 1875 1065 1957 Antiquitatis
1091 1898 1462 1940 consensum
1490 1899 1641 1960 prae
1667 1877 1811 1942 aliis
1836 1879 2166 1942 ostendere
2190 1881 2456 1942 conatur
2479 1877 2828 1942 erudistisS.
2879 1879 3182 1962 Anonym
3193 1897 3269 1940 us
3293 1876 3360 1940 in
3389 1884 3542 1938 tract.

640 1963 742 2029 cui
768 1963 867 2028 tit.
895 1964 1040 2029 Dies
1064 1964 1421 2041 Dominam,
1456 1987 1621 2028 anno
1654 1965 1840 2028 1639.
1875 1967 1940 2030 in
1967 1965 2057 2032 40.
2086 1965 2224 2041 Quo
2249 1967 2548 2030 lectorem
2575 1965 2846 2030 remitto.
2897 1963 3214 2030 Doctores
3277 1963 3544 2028 reforma·

639 2057 738 2117 tos
763 2074 956 2136 supra
981 2074 1107 2116 non
1132 2074 1365 2134 paucos
1388 2052 1824 2117 indicavimus,
1853 2053 2223 2137 Complures
2247 2053 2454 2118 adhuc
2485 2058 2831 2118 restarent:
2859 2075 3022 2136 quos
3045 2075 3174 2117 nou
3211 2055 3392 2116 vacat
3403 2073 3547 2114 nunc

641 2141 717 2205 de
764 2163 926 2204 novo
966 2140 1295 2224 inspicere.
1344 2141 1559 2223 Atque
1606 2141 1765 2205 haec
1811 2146 1978 2206 circa
2023 2141 2188 2208 hanc
2234 2143 2671 2225 quaestionem
2719 2165 2861 2206 mea
2887 2141 3250 2206 sententia:
3285 2137 3546 2223 quamvis

642 2250 786 2293 cum
832 2227 1119 2293 diversae
1163 2228 1517 2293 sententiae
1549 2227 1896 2315 Theologis
1919 2231 2118 2294 nolim
2143 2231 2540 2306 contendere,
2569 2230 2752 2294 modo
2777 2253 2856 2294 ne
2889 2231 3026 2294 zelo
3053 2231 3100 2296 ἃ
3125 2229 3313 2313 praxi
3339 2226 3548 2290 exerci-

640 2316 876 2381 tiorum
900 2317 1180 2400 pietatis,
1206 2317 1251 2379 a
1278 2322 1609 2382 accuratae
1636 2318 1976 2382 attentioni
2007 2319 2426 2383 conscientiae
2459 2319 2526 2382 in
2549 2319 3038 2402 quibuscunque
3061 2317 3256 2382 bouis
3281 2315 3548 2400 operibus

646 2405 1094 2489 praejudicent,
1143 2406 1190 2472 δι
1236 2409 1571 2489 praetextu
1602 2406 1920 2472 libertatis
1953 2406 2352 2473 Christianae
2377 2407 2670 2472 licentiae
2702 2405 2944 2471 carnali
2977 2407 3222 2473 &laxis
3255 2403 3550 2471 eonscien-

644 2494 753 2559 tiis
798 2494 1154 2559 subservire
1204 2494 1555 2560 videantur.
1603 2494 1785 2570 Quod
1807 2496 2144 2579 postremis
2187 2496 2368 2559 anuis
2416 2495 2875 2579 Episcoporum
2912 2496 3320 2579 quorundam
3353 2492 3553 2575 &Epi-

645 2582 997 2666 scopalium
1033 2582 1458 2667 complurium
1482 2584 1561 2647 ad
1592 2584 1906 2649 deteriora
1931 2585 2264 2668 prolapsus
2297 2588 2488 2667 atque
2512 2584 2890 2648 insolentiae
2917 2588 2984 2647 in
3013 2583 3262 2668 Anglia
3285 2582 3556 2647 accidis—:e

646 2693 723 2733 ex
774 2669 965 2735 variis
1013 2670 1266 2755 scriptis
1289 2670 1423 2735 illic
1450 2671 1657 2747 editis,
1684 2674 1731 2737 δι
1754 2694 1968 2737 rerum
1993 2677 2317 2757 gestarum
2343 2672 2630 2737 historiis
2655 2672 2950 2757 cognosci
2973 2676 3212 2755 potest.
3273 2672 3372 2735 Ab
3397 2672 3554 2755 igna-

649 2758 769 2835 via,
810 2760 849 2821 a
892 2757 1198 2824 dissoluto
1254 2760 1404 2837 oti0‚
1453 2760 1533 2823 ab
1566 2759 1877 2824 indecoris
1910 2762 1956 2826 a
1987 2761 2370 2825 scandalosis
2389 2758 2701 2825 Sabbathi
2728 2760 3297 2845 profanationibus
3327 2762 3554 2822 ventum

648 2849 747 2909 est
790 2845 870 2909 ad
916 2845 1467 2911 autisabbatharia
1512 2847 1795 2932 cogitata
1842 2850 1888 2913 δι’,
1941 2850 2211 2933 scripta3
2259 2872 2338 2913 ne
2379 2872 2462 2913 sc.
2498 2848 2664 2913 inter
2695 2870 2905 2913 mores
2929 2849 2976 2913 ἃ
3001 2848 3387 2925 doctrinam,
3417 2847 3556 2909 inter

648 2932 875 3016 praxin
920 2933 965 2998 ἃ
1012 2934 1327 2999 theoriam
1365 2935 1708 3000 divortium
1734 2936 1992 3019 aliquod
2021 2937 2617 3021 deprehenderetur,
2644 2940 2690 3003 δι
2714 2960 2792 3001 ne
2818 2936 3114 3001 dissoluti
3141 2936 3352 3021 aliqui
3373 2934 3554 2998 Theo·

649 3019 803 3105 logi,
852 3021 964 3103 qui
1003 3022 1137 3103 jam
1184 3022 1381 3087 totius
1406 3022 1531 3087 diei
1554 3022 1927 3089 Dominicae
1959 3026 2167 3108 (juxta
2190 3028 2434 3089 statuta
2459 3024 2662 3110 regni,
2687 3024 3268 3089 sanctificationem
3293 3024 3370 3088 ad
3401 3022 3554 3085 b²h0-

648 3107 817 3171 rium
862 3113 975 3171 aut
1016 3108 1357 3174 trihorium
1404 3116 1869 3187 contraxerant,
1899 3114 2112 3195 palam
2137 3113 2430 3177 audirent
2453 3110 2951 3187 αἰτοκκτὰκριτει.
2983 3112 3216 3177 Brevis
3243 3112 3381 3177 scil.
3409 3111 3556 3173 labor

649 3196 716 3259 in
764 3195 1056 3261 habenda
1088 3202 1199 3261 aut
1238 3200 1547 3263 audienda
1572 3205 1696 3264 una
1719 3201 2016 3266 concione
2041 3200 2117 3270 ὡς
2141 3199 2231 3259 ἕπε
2258 3198 2328 3259 τὲ
2351 3200 2525 3273 πολύ,
2555 3223 3011 3285 nonnunquam
3037 3202 3102 3265 in
3131 3200 3448 3265 audienda
3467 3200 3552 3261 aut

652 3284 921 3369 legenda
964 3286 1357 3351 solummodo
1411 3288 1674 3372 liturgia
1693 3335 1708 3360 ‚
1752 3289 1958 3373 magis
2015 3289 2342 3373 placebat,
2385 3310 2577 3373 quam
2623 3291 2854 3373 longae
2901 3290 3252 3372 variaeque
3301 3286 3556 3353 carnales

654 3373 1077 3438 recreationes
1111 3397 1222 3456 per
1267 3375 1578 3458 potiorem
1620 3376 1744 3440 diei
1777 3376 2152 3441 Dominicae
2183 3382 2433 3461 partem
2466 3378 2905 3462 displicebant.
2955 3376 3128 3441 Hinc
3151 3378 3310 3442 illae
3335 3375 3556 3456 lachry-

653 3484 829 3533 mae3
880 3460 1030 3526 hinc
1075 3462 1260 3529 libelli
1302 3464 1555 3529 Eriscici
1602 3466 1849 3551 Heylin,
1899 3464 2372 3550 Poclclinyletcn,
2420 3466 2558 3550 (qui
2603 3469 2870 3549 uterque
2902 3466 3162 3530 Author
3185 3466 3443 3549 scriptis
3463 3482 3556 3546 pm

652 3549 829 3613 cultu
860 3549 1164 3614 altarium
1210 3550 1277 3613 in
1304 3550 1543 3637 Anglia
1576 3552 1872 3637 celebris)
1911 3556 2268 3638 Carpenter,
2322 3554 2702 3631 Primum-ae,
2755 3554 3041 3621 Iron-sicle
3070 3556 3174 3620 &cn
3205 3554 3361 3618 hinc
3387 3572 3556 3636 quae·

652 3636 1026 3715 stiunculae,
1074 3638 1225 3703 hinc
1270 3640 1723 3718 cavillationeS,
1772 3641 2128 3707 calumniae
2177 3642 2454 3707 insulsae
2501 3642 2776 3721 fabulae,
2822 3644 3187 3727 excogitata
3220 3642 3556 3707 commenta

656 3724 1233 3791 anti-sabbathica:
1283 3750 1551 3811 quorum
1602 3733 1817 3793 tamen
1867 3731 1968 3794 vel
1992 3730 2384 3795 levissimam
2407 3731 2833 3814 suspicionem
2859 3732 2920 3795 in
2957 3732 3024 3815 pi
3050 3754 3098 3795 »s
3125 3734 3170 3799 a
3196 3730 3556 3795 orthodoxos.

656 3810 1019 3898 Theologos
1041 3864 1055 3891 ,
1104 3816 1395 3897 quamvis
1450 3815 1555 3880 hic
1608 3816 2053 3883 dissentientes
2075 3869 2090 3895 ,
2139 3820 2359 3883 cadere
2408 3820 2624 3883 nolim.
2682 3820 2902 3897 Qualis
2949 3820 3120 3883 inter
3169 3819 3332 3883 alios
3385 3816 3555 3879 Pmo-

656 3904 873 3982 ceptor
918 3905 1131 3966 noster
1187 3903 1270 3967 D.
1322 3906 1658 3977 Gomara&
1708 3905 1815 3988 qui
1869 3910 1939 3969 ut
1978 3906 2044 3969 in
2091 3908 2374 3971 moribus
2421 3907 2603 3971 sicin
2656 3909 2837 3991 praxi
2883 3906 3203 3972 Sabbathi
3251 3904 3552 3990 pessulum

658 3988 921 4087 profano
968 3989 1174 4053 limini
1220 3991 1568 4067 obdiderat,
1618 3991 1663 4057 δι
1708 3994 1788 4056 ab
1838 3994 2010 4057 omni
2061 3994 2459 4080 indulgentia
2489 4006 2743 4083 κοσμικῇ
2777 4018 2970 4079 quam
2999 3996 3278 4060 maxime
3301 3994 3553 4057 alienus:

658 4096 891 4175 quique
939 4086 1111 4176 tract.
1160 4080 1569 4144 vernaculum
1633 4082 1948 4147 Willoelmi
2005 4082 2322 4168 Teellinqii
2367 4084 2442 4149 de
2486 4083 2694 4150 Praxi
2738 4084 2790 4151 ἃ
2839 4086 3036 4149 sacris
3085 4082 3382 4151 Sabbatln'
3403 4100 3554 4145 em·

657 4173 815 4261 mlum
861 4168 1093 4247 scrlpta
1140 4167 1218 4230 ad
1250 4166 1434 4231 illum
1478 4168 1682 4233 αηιίοὰ
1712 4171 1972 4253 epistola.
2017 4172 2278 4235 candide
2301 4172 2614 4255 probavit,
2640 4175 2686 4239 ἃ
2713 4173 2830 4236 viri
2862 4172 3038 4237 illius
3085 4174 3554 4247 πρκκτικωτὰπυ

662 4270 801 4345 pros
849 4255 1109 4315 conatus
1156 4253 1559 4321 collaudavit.
1626 4256 1702 4319 Ei
1743 4258 1947 4343 jungo
1994 4258 2258 4324 eximios
2307 4259 2666 4345 Theologos
2713 4259 3055 4327 Leidenses
3105 4258 3554 4347 Polyandrnm.

666 4332 985 4410 Rivetum,
1033 4336 1363 4420 Thysium,
1412 4341 1771 4424 Walaeum,
1820 4345 1932 4429 qui
1957 4347 2236 4429 ejusdem
2279 4349 2335 4412 T
2327 4349 2594 4433 cellinyii
2621 4349 2882 4433 pietatis
2905 4350 2953 4414 ἃ
2987 4348 3330 4415 ministerii
3349 4344 3554 4409 Eccle-
