3694 4871
686 255 814 317 230
965 249 1184 318 Disr.
1235 251 1414 316 VIII.
1461 251 1572 315 Da
1621 253 1979 316 Prason]
2028 252 2362 316 Cnaisri
2412 250 2949 316 Maniai-cnm.
2999 252 3215 315 Pias
3264 249 3353 314 ll.

685 443 922 504 motam
957 441 996 502 a
1017 436 1392 514 8001010010,
1419 440 1464 504 81
1497 436 2117 514 RemonstrantibuS,
2134 441 2179 504 81
2204 439 2287 502 ab
2310 439 2537 502 iisdem
2558 439 2623 500 in
2650 441 2897 520 partem
2926 439 2977 504 A
2988 443 3061 524 ΙῙ.
3080 443 3152 501 ut
3172 441 3222 503 81
3248 439 3333 502 ab
3354 439 3563 503 Ameria.

687 530 732 594 81
761 531 904 610 post
929 526 1112 590 illum
1139 531 1178 590 a
1217 529 1466 592 Walaeo
1491 528 1558 590 in
1585 528 1730 590 locis
1753 548 1975 591 cononi.
2000 541 2213 591 eontra
2244 528 2643 603 Maccui-ium,
2670 530 2707 589 a
2734 548 2831 590 me
2850 547 3019 604 vero,
3044 529 3089 592 8:
3108 526 3421 591 Manem-io
3436 523 3563 586 alii-s·

687 637 811 700 que
861 615 1180 699 theologis
1221 615 1376 678 alibi
1409 615 1754 678 nominatis
1776 616 1840 678 in
1868 620 2133 698 partem.
2186 617 2330 700 Ney.
2380 615 2819 679 determinata.
2870 613 3209 697 Siquidem
3244 636 3445 679 meam
3464 635 3565 674 sen-

689 703 962 768 tentiam
1005 703 1370 767 examinare
1411 704 1556 787 quis
1603 704 1780 781 velit,
1819 710 1861 766 81
1888 703 2135 768 Amesii
2158 704 2561 781 sententiam,
2586 725 2778 786 quam
2802 701 3127 766 Thesibus
3150 703 3323 768 meis
3346 707 3567 783 tumup-
3614 769 3616 774 .

696 791 1064 876 pugnabam
1117 791 1416 874 (aliorum
1462 792 1634 855 enim
1673 792 2117 856 meditationes
2158 815 2347 874 super
2383 792 2505 855 hac
2542 791 2913 874 quaestione
2952 792 3167 854 nullas
3200 791 3469 854 videram
3488 793 3565 850 aut
3614 859 3616 880 Ι

689 878 1020 958 noveram)
1049 879 1238 956 tueri,
1267 880 1316 943 a
1353 879 1731 943 adversariis
1763 879 2167 944 heterodoxis
2206 880 2443 943 directe
2468 880 2651 964 [pag.
2686 879 2851 963 320]
2876 880 3341 952 contradicere,
3370 898 3569 940 neceaee
3613 899 3616 936 2

691 971 792 1032 est
837 971 1094 1030 maneat
1137 967 1205 1030 in
1251 967 1544 1031 terminis
1590 968 1951 1052 propositis,
1984 971 2029 1033 &
2062 969 2189 1032 alia
2215 968 2613 1051 problemata
2644 966 2889 1049 siquae
2918 966 3049 1030 huc
3076 968 3463 1031 adducantur
3480 965 3567 1041 (uti
3614 999 3616 1006 ·

691 1057 768 1119 fit
791 1055 874 1118 ab
897 1057 1282 1138 opponente)
1309 1055 1458 1120 huic
1482 1056 1866 1139 problemati
1888 1061 2105 1120 nostro
2128 1079 2243 1120 nec
2266 1056 2659 1139 praemittat,
2684 1077 2799 1118 nec
2822 1055 3205 1128 substituat,
3242 1078 3357 1120 nec
3380 1075 3567 1117 cumen

693 1142 1040 1208 confundat
1061 1167 1077 1219 ;
1123 1145 1234 1208 sed
1270 1145 1598 1228 problema
1637 1148 1925 1208 nostrum
1950 1145 2305 1229 categorice
2328 1144 2703 1207 affirmando
2726 1148 2949 1206 contra
2974 1166 3093 1207 nos
3116 1145 3305 1228 prius
3331 1139 3567 1206 determi-

693 1236 824 1310 net,
849 1233 895 1297 &
927 1231 1238 1296 absolvat.
1271 1233 1450 1309 Quod
1475 1233 1530 1296 si
1553 1232 1945 1318 distinguere
1970 1234 2147 1310 velit,
2174 1233 2383 1296 videat
2408 1255 2487 1295 an
2506 1233 2779 1295 alterum
2792 1231 3229 1296 distinctionis
3250 1230 3569 1304 membrum,

695 1319 814 1384 sub
839 1341 965 1405 quo
991 1319 1294 1398 affirmat,
1317 1325 1576 1386 nostrae
1601 1320 1770 1384 thesi
1793 1322 2058 1405 neganti
2082 1321 2317 1386 directe
2346 1325 2769 1404 opponantur.·
2800 1317 2871 1382 Si
2896 1320 2959 1382 in
2988 1321 3295 1384 terminis
3318 1320 3365 1384 81
3388 1319 3568 1381 directe

695 1408 1058 1492 opponitur,
1092 1410 1228 1492 jam
1271 1409 1358 1472 sit
1398 1408 1765 1492 disputatiO,
1807 1410 1853 1474 &
1902 1413 2279 1494 argumenta
2316 1409 2598 1473 breviter
2640 1413 2751 1471 aut
2789 1408 3196 1492 syllogistice
3244 1413 3359 1472 aut
3394 1407 3565 1470 saltem

695 1497 996 1560 methodo
1039 1497 1562 1561 scholasticorum
1611 1502 2063 1581 proponantur.
2112 1497 2227 1561 Sin
2264 1497 2496 1575 minus,
2522 1501 2723 1560 cesset
2754 1496 3187 1580 logomachia,
3216 1501 3417 1560 cesset
3436 1494 3569 1556 effor-

697 1584 898 1648 matio
921 1589 1034 1648 aut
1056 1584 1230 1648 fictio
1256 1607 1454 1650 novae
1479 1585 1959 1670 disquisitioniS,
1985 1588 2029 1652 81
2062 1585 2523 1650 controversiae
2542 1607 2557 1647 ε
2576 1584 2804 1648 saltem
2829 1583 3157 1648 Thesibus
3181 1586 3345 1648 meis
3368 1605 3475 1646 non
3492 1603 3569 1662 op-

699 1677 992 1756 ponatur,
1008 1673 1160 1755 quia
1174 1696 1254 1738 ne
1273 1674 1536 1738 verbulo
1553 1674 1810 1757 quidem
1827 1675 1965 1756 ejus
1981 1675 2371 1738 occasionem
2390 1673 2555 1750 dedi,
2566 1673 2677 1736 sed
2692 1676 2915 1736 contra
2932 1678 3189 1737 exserte
3208 1695 3351 1738 eam
3368 1669 3569 1734 removi.

1659 1763 2021 1850 Hypothesis
2045 1784 2151 1827 seu
2176 1764 2565 1846 postulatum
2613 1760 2671 1824 4.

789 1848 1108 1932 Quidquid
1153 1872 1267 1933 per
1299 1851 1814 1932 consequentiam
1839 1850 2115 1915 infertur
2139 1852 2213 1914 de
2246 1850 2489 1914 ratione
2514 1848 2768 1912 formali
2792 1849 2909 1912 sub
2934 1871 3063 1934 qua
3087 1848 3468 1913 adorationis
3484 1846 3569 1907 hu-

701 1959 928 2002 manae
974 1941 1242 2002 naturae
1275 1937 1535 2015 Christi,
1589 1942 1683 2001 est
1708 1939 1783 2002 de
1816 1961 1943 2002 non
1968 1944 2112 2003 ente
2150 1941 2251 2003 810.
2284 1937 2557 2002 debebat
2587 1937 2757 2000 enim
2780 1932 2851 1994 τέ
2888 1937 3007 2001 sub
3035 1959 3169 2020 qua
3192 1935 3478 2020 explicari
3496 1953 3573 2016 per

704 2049 890 2092 suum
940 2047 1361 2111 synonymum
1407 2047 1534 2111 qua
1561 2039 1742 2110 parte
1779 2028 1879 2091 &c.
1914 2027 2115 2111 Atqui
2152 2027 2271 2090 hoc
2294 2049 2421 2090 non
2445 2029 2655 2110 potest
2676 2025 2782 2088 hic
2805 2027 3015 2090 locum
3039 2025 3317 2089 habere:
3342 2024 3475 2108 quia
3490 2022 3573 2083 hu-

703 2137 894 2179 mana
923 2118 1154 2178 natura
1175 2115 1351 2178 nullo
1375 2115 1563 2178 modo
1587 2119 1684 2178 est
1707 2115 2071 2194 adorabilis,
2098 2116 2207 2180 sed
2236 2118 2489 2178 tantum
2514 2113 2725 2177 divina
2760 2116 2862 2180 810.
2893 2115 3027 2199 Res.
3058 2115 3116 2176 1.
3172 2112 3411 2177 Multae
3432 2130 3576 2194 quae·

705 2203 943 2268 stiones
992 2203 1038 2268 81
1071 2202 1636 2266 determinationes
1661 2203 1736 2266 de
1761 2225 1885 2267 non
1914 2207 2059 2268 ente
2082 2204 2247 2267 fiunt
2268 2203 2350 2267 ab
2374 2201 2795 2278 heterodoxis,
2818 2203 2887 2266 in
2911 2202 3147 2286 quibus
3173 2199 3491 2266 orthodoxi
3506 2219 3575 2258 nz-

707 2292 838 2356 ales
886 2292 1346 2355 controversias
1393 2290 1744 2356 inveniunt.
1799 2292 1893 2356 ita
1941 2297 2011 2355 ut
2036 2292 2439 2375 quaestiones
2469 2291 2642 2374 ipsae
2666 2291 2713 2354 81
2736 2291 3210 2356 controversiae
3232 2291 3477 2354 minime
3494 2306 3577 2347 nu-

706 2379 1045 2445 merandae
1102 2379 1232 2444 sint
1289 2379 1455 2445 inter
1493 2401 1620 2444 non
1662 2379 1867 2445 entia:
1918 2405 1971 2445 e.
2018 2402 2115 2465 gr.
2165 2381 2240 2444 de
2285 2379 2502 2458 missa,
2526 2379 2922 2464 purgatoriO,
2956 2379 3233 2457 meritiS,
3266 2372 3575 2443 monarchia

707 2468 956 2552 Papali,
987 2466 1370 2552 Ubiquitate
1393 2469 1672 2552 corporis
1697 2468 1786 2533 Ch
1795 2470 1959 2549 risti,
1985 2469 2223 2534 Christi
2246 2468 2729 2533 manducatione
2752 2468 3091 2551 corporali,
3115 2469 3324 2532 libero
3348 2461 3576 2534 arbitrio.

709 2558 784 2621 de
808 2578 934 2639 quo
967 2557 1196 2621 titulus
1224 2557 1374 2621 libri
1399 2556 1757 2621 Germanici
1781 2556 2081 2622 Lutheri:
2133 2557 2316 2640 Quod
2341 2557 2607 2622 liberum
2630 2556 2970 2621 arbitrium
3004 2556 3171 2621 nihil
3212 2559 3313 2621 sit.
3360 2553 3451 2619 Sic
3486 2570 3573 2613 non

709 2667 820 2710 ens
847 2650 962 2723 est,
1003 2646 1232 2712 Christi
1253 2646 1620 2711 humanitas
1644 2666 1771 2731 qua
1797 2647 1939 2711 talis
1962 2646 2315 2723 adoranda,
2346 2644 2409 2710 ἃ·
2438 2646 2718 2710 Christus
2756 2644 3109 2711 secundum
3135 2645 3471 2711 humanam
3492 2658 3576 2701 aa·

711 2730 921 2798 tetram
951 2734 1340 2812 adorandus,
1365 2738 1624 2818 propter
1647 2734 1945 2798 unionem
1969 2734 2471 2817 hypostaticam:
2499 2735 2545 2799 ἃ
2572 2733 2853 2799 Christus
2876 2745 3117 2797 natura
3140 2737 3303 2813 ψίλες
3326 2732 3575 2797 &Saum
3614 2758 3616 2813 j

710 2821 1080 2887 adoranda-8
1105 2843 1230 2906 qua
1261 2824 1566 2887 exaltatus
1603 2820 1666 2887 ἃ
1689 2823 1893 2906 factus
1918 2824 1987 2887 in
2012 2824 2220 2887 Deum
2251 2820 2313 2888 a
2344 2821 2690 2889 Christum:
2734 2824 2779 2888 &
2804 2825 2956 2885 sunt
2988 2822 3393 2905 quaestiones
3412 2838 3487 2881 an
3504 2814 3573 2877 sil.
3614 2822 3616 2887 ἰ

715 2931 876 2992 quae
925 2910 1000 2973 de
1047 2909 1178 2974 illis
1209 2911 1391 2987 fiunt,
1425 2932 1646 2975 revera
1691 2912 1737 2975 81
1783 2933 1970 2975 000011
1994 2916 2210 2975 nostro
2236 2911 2311 2973 de
2335 2932 2461 2974 non
2486 2913 2650 2973 ente.
2698 2908 3124 2985 Quaestiones
3153 2914 3367 2974 tamen
3390 2900 3573 2989 ipsae&
3614 2926 3616 2931 ·

715 2997 1176 3061 controversiae
1232 2999 1307 3061 de
1347 2997 1476 3061 illis
1499 3020 1626 3062 non
1657 2999 1911 3062 entibus
1942 3000 2111 3062 inter
2132 3021 2247 3063 nos
2272 3001 2317 3064 81
2341 2998 2508 3061 10101·
2530 2996 2920 3074 Pontfficios,
2946 3002 3061 3061 aut
3085 2997 3482 3069 Lutheranos,
3499 2992 3574 3053 aut

715 3083 1083 3148 Socinianos
1115 3090 1263 3148 sunt
1285 3086 1508 3163 realeS,
1534 3108 1660 3149 non
1686 3087 2083 3161 iimbratile8‚
2111 3087 2377 3170 ideoque
2401 3086 2569 3149 inter
2612 3107 2740 3149 non
2772 3086 2947 3149 entia
2984 3086 3255 3150 minime
3298 3098 3573 3149 numerau-

717 3173 852 3236 dae.
883 3174 942 3235 2.
993 3164 1292 3247 Quaestio
1337 3173 1471 3252 illa,
1497 3172 1602 3237 An
1636 3174 1871 3239 Christi
1904 3175 2186 3238 humana
2208 3178 2439 3238 natura
2463 3196 2573 3237 seu
2599 3196 2679 3237 an
2701 3174 3074 3238 humanitas
3100 3178 3141 3238 a
3166 3177 3331 3250 λόγῳ
3359 3169 3573 3235 assumta

718 3259 803 3325 sit
829 3261 1164 3340 adoranda,
1191 3263 1236 3326 81
1260 3261 1515 3344 quidem
1538 3283 1666 3348 qua
1689 3261 2056 3327 humanitas
2083 3266 2121 3327 a
2144 3265 2309 3337 λόγῳ
2333 3262 2625 3326 adsumta
2644 3285 2659 3338 3
2678 3262 2917 3327 realem
2945 3262 3433 3326 controversiam
3452 3252 3574 3325 facit

715 3349 885 3413 inter
930 3370 1042 3412 nos
1094 3354 1138 3410 81
1183 3349 1348 3413 10101·
1401 3348 1766 3414 Pontificios
1792 3373 1934 3415 cum
1958 3350 2361 3415 Lutheranis.
2410 3350 2531 3414 Est
2556 3372 2706 3436 ergo
2731 3372 2864 3427 0110,
2892 3351 3189 3433 quamvis
3222 3351 3298 3414 de
3322 3370 3432 3413 non
3458 3346 3570 3407 ente·

718 3441 778 3499 3.
827 3436 947 3501 Est
992 3458 1155 3501 nova
1201 3437 1564 3522 disputandi
1611 3439 1967 3519 methoduS,
1999 3438 2161 3503 mihi
2192 3439 2421 3503 saltem
2443 3439 2750 3504 hactenus
2777 3439 3023 3523 ignota,
3050 3439 3222 3520 quod
3244 3438 3383 3521 quis
3410 3433 3572 3498 adver-

717 3524 901 3589 sariis
948 3526 1438 3590 controversiam
1484 3528 1907 3606 moventibus,
1956 3528 2105 3591 dum
2138 3527 2217 3590 ad
2258 3530 2635 3610 argumenta
2681 3526 2975 3610 opposita
3022 3526 3401 3611 respondent
3433 3538 3569 3605 pne·

719 3612 938 3677 scribit
958 3614 1269 3695 quomodo
1296 3614 1624 3697 problema
1649 3618 1694 3681 &
1719 3615 1953 3680 thesim
1979 3638 2161 3680 suam
2186 3614 2481 3691 formare,
2512 3638 2582 3679 ac
2606 3614 2911 3680 terminos
2942 3615 3079 3699 ejus
3106 3615 3416 3698 explicare
3434 3606 3571 3671 debe·

725 3704 855 3764 ant.
887 3701 944 3765 4.
993 3700 1138 3785 Ego
1187 3701 1253 3764 in
1300 3724 1441 3766 meo
1488 3708 1866 3787 argumento
1901 3704 2004 3788 (ad
2053 3704 2220 3787 quod
2258 3726 2581 3787 opponens
2606 3703 2985 3786 respondere
3010 3702 3323 3788 intendit)
3347 3721 3455 3765 non
3468 3694 3569 3757 dixe

721 3809 879 3866 ram,
927 3785 997 3852 Si
1045 3786 1336 3853 Christus
1387 3811 1512 3873 qua
1536 3791 1846 3855 mediator
1873 3794 2245 3870 adorandae,
2270 3812 2412 3877 erqo
2436 3793 2623 3857 etiam
2650 3790 2883 3859 Christi
2909 3791 3201 3855 hit-mana
3236 3803 3453 3855 natum
3468 3781 3571 3846 adv·

720 3876 964 3939 randa:
1012 3877 1141 3955 sed,
1191 3876 1473 3941 dixeram
1527 3900 1678 3963 ergo
1712 3879 1907 3943 etiam
1933 3880 2223 3945 Christus
2249 3901 2373 3964 qua
2399 3882 2583 3945 homo
2608 3878 2965 3943 adorandus
2987 3902 3002 3955 3
3051 3901 3186 3954 seu,
3214 3900 3366 3963 ergo
3386 3874 3480 3941 sub
3496 3866 3571 3933 illo

721 3962 975 4027 formali
1025 3964 1205 4049 [pag.
1235 3966 1394 4049 321]
1421 3986 1548 4051 qua
1573 3967 1756 4031 homo
1789 3968 2176 4043 adorandus;
2213 3991 2345 4046 seu,
2365 3988 2516 4053 ergo
2548 3968 2666 4032 sub
2690 3968 2802 4030 illo
2832 3965 3095 4031 formali
3116 3957 3569 4055 (1001101110,ὠο

685 4084 698 4095 ·
723 4051 978 4114 randus.
1033 4054 1096 4115 5.
1143 4052 1323 4129 Quod
1377 4054 1758 4137 particulam
1790 4077 1916 4139 qua
1960 4057 2028 4120 in
2075 4062 2289 4121 nostro
2313 4056 2706 4139 problemate
2732 4059 3135 4119 controverso
3159 4056 3208 4120 a
3231 4055 3299 4119 in
3324 4048 3571 4139 proposst0

721 4158 863 4200 meo
889 4151 1263 4220 argumento
1287 4142 1704 4207 diversimode
1728 4144 2167 4227 explicandam
2192 4145 2314 4209 sibi
2346 4145 2543 4209 sumit
2566 4166 2908 4227 opponenS,
2944 4143 2990 4209 ἃ
3025 4164 3145 4228 per
3174 4144 3459 4209 rationem
3480 4140 3567 4217 lor·

725 4226 948 4289 ntalem
995 4227 1108 4292 sub
1153 4250 1281 4314 qua
1325 4230 1704 4312 explicatam
1751 4232 2031 4315 applicat
2082 4230 2153 4291 τὸ
2192 4254 2322 4319 qua
2354 4234 2673 4311 mediator,
2700 4234 2745 4297 ἃ
2776 4254 2890 4316 per
2915 4253 3043 4317 qua
3062 4244 3267 4317 parte,
3292 4254 3397 4295 seu
3418 4238 3569 4313 quam·

722 4324 900 4396 parte
945 4313 1324 4398 explicatam
1348 4324 1432 4394 τῷ
1479 4338 1610 4404 qua
1640 4321 1823 4385 homo
1847 4321 2160 4405 applicat3
2194 4321 2259 4385 id
2306 4321 2561 4407 quidem
2584 4320 2843 4385 minime
2868 4321 2967 4384 illi
2985 4321 3277 4387 concedo.
3329 4316 3563 4467 Sedsstrw

680 4447 682 4449 ,
3475 4412 3565 4481 lque
