3694 4871
601 324 730 389 334
1248 318 2329 387 D1sP.X1.DESAnnA1=110
2378 321 2869 387 ernsrls.

598 510 862 575 charum
907 508 985 573 de
1029 528 1226 571 manu
1251 507 1318 570 in
1367 528 1630 571 manum
1652 507 1927 587 traditis,
1953 513 2067 574 aut
2098 530 2176 572 ex
2205 509 2523 587 κακοζηλίᾳ
2544 506 2590 573 J
2592 508 2957 585 udaeorum,
2984 513 3099 574 aut
3122 530 3198 574 ex
3222 510 3504 593 utrisque.

597 596 768 663 Hinc
791 601 1008 662 tamen
1045 595 1318 661 solidum
1341 598 1790 681 argumentum
1821 618 1938 680 pro
1962 594 2273 662 Sabbathi
2300 596 2704 661 institutione
2728 601 2877 662 ante
2922 597 3175 681 lapsum
3200 598 3373 663 educi
3392 619 3501 662 non

599 690 829 770 potest,
861 684 987 749 nisi
1010 683 1313 768 probetur
1337 681 1698 749 Gentilibus
1723 684 1893 750 hunc
1923 685 2090 750 diem
2118 707 2367 749 sacrum
2396 684 2617 765 fuisse,
2644 689 2792 750 ante
2816 684 3053 771 Legem
3076 684 3297 764 latam,
3326 686 3503 751 Eroti.

599 776 704 839 20.
754 772 880 839 Sed
926 773 1110 860 [pag.
1161 771 1364 857 1273]
1409 794 1488 835 an
1537 771 1657 838 hoc
1695 773 1955 856 probari
1978 775 2201 857 possit,
2227 773 2506 857 penitius
2537 773 3060 838 considerandum
3086 778 3276 838 esset.
3320 772 3504 852 Certe,

598 885 760 947 quae
807 862 994 926 modo
1041 861 1258 940 allata,
1304 859 1427 925 hoc
1477 882 1603 925 non
1659 860 1967 927 efficiunt.
2015 861 2261 927 Notum
2294 865 2391 926 est
2422 884 2501 926 ex
2522 862 2797 926 literatis
2821 860 3185 927 Gentilibus
3208 862 3505 927 saeculum

599 950 834 1023 ἄδηλον;
857 952 904 1016 81
933 949 1104 1033 (10οᾶ
1129 947 1502 1033 ScriptoreS,
1527 950 1638 1032 qui
1661 949 2013 1015 etiamnum
2037 954 2277 1028 extant,
2310 950 2481 1015 ultra
2512 951 2756 1015 bellum
2780 948 3131 1031 Trojanum
3177 951 3285 1015 vix
3314 973 3504 1015 assur·

598 1041 774 1124 gant.
800 1036 894 1103 Ut
915 1037 1066 1102 hinc
1096 1037 1420 1101 videamus
1445 1059 1639 1122 quam
1656 1038 1917 1103 difficile
1950 1040 2037 1104 sit
2066 1060 2209 1103 011111
2236 1041 2457 1105 Danao
2474 1038 2669 1122 primi
2695 1039 2916 1103 mundi
2941 1038 3359 1123 antiquitates
3380 1062 3504 1103 eru-

599 1148 704 1191 ere
727 1124 813 1191 ΙΙ.
840 1124 946 1190 An
971 1148 1050 1190 ex
1072 1126 1340 1191 articulo
1361 1125 1792 1209 praepositivo
1827 1149 1872 1195 .-1
1898 1128 2097 1192 solide
2121 1128 2379 1211 probari
2402 1127 2605 1211 possit
2636 1128 2706 1191 in
2730 1131 2957 1210 quarto
2983 1126 3331 1211 Praecepto
3358 1128 3501 1192 desi-

597 1214 786 1299 gnari
830 1214 997 1278 diem
1035 1214 1378 1298 septimum
1409 1216 1447 1277 a
1470 1215 1806 1280 creatione.
1858 1218 2035 1300 Hesp.
2065 1215 2216 1301 Neq.
2241 1214 2335 1280 Ut
2358 1216 2423 1280 in
2450 1214 2709 1280 Graecis
2742 1216 2831 1280 sic
2852 1238 2971 1280 000
2992 1216 3061 1279 10
3090 1215 3417 1281 Hebraicis
3438 1238 3503 1279 ex

599 1302 867 1367 articulo
913 1302 1120 1388 (cujus
1171 1324 1322 1367 usus
1375 1302 1608 1385 variat)
1637 1303 2091 1369 demonstratio
2130 1302 2521 1385 Theologica
2543 1304 2947 1369 frabricanda
2971 1308 3087 1369 est.
3135 1304 3239 1368 Ex
3262 1304 3501 1369 articulo

599 1389 838 1457 Graeco
880 1392 909 1451 ὁ
946 1392 1378 1456 Bellarminus
1410 1390 1488 1459 de
1512 1391 1816 1479 Pontifice
1836 1392 1940 1457 lab.
1968 1394 2027 1456 3.
2054 1412 2189 1475 cap.
2219 1393 2277 1455 1.
2303 1392 2571 1476 probare
2596 1396 2859 1456 conatur
2895 1392 3363 1457 Antichristum
3384 1392 3500 1457 fore

600 1501 934 1569 personam
979 1479 1389 1565 singularem.
1437 1478 1518 1543 Ei
1563 1501 1937 1563 responsum
1992 1483 2089 1545 est
2126 1480 2207 1544 ab
2255 1480 2717 1567 Antayonistis:
2764 1481 2877 1563 qui
2906 1480 3181 1545 videndi.
3230 1480 3417 1547 Porro
3436 1481 3499 1545 de

597 1568 773 1633 vario
819 1590 940 1633 usu
988 1567 1243 1633 articuli
1289 1565 1706 1651 praepositivi
1751 1570 1922 1651 apud
1968 1566 2239 1633 Graecos
2285 1569 2549 1633 memini
2588 1568 2729 1633 fuse
2774 1572 2986 1633 actum
3019 1572 3059 1633 0
3080 1567 3241 1633 Viro
3267 1569 3499 1654 linguae

598 1654 875 1721 Graecae
906 1655 1360 1721 callentissimo
1383 1655 1557 1721 Pria.
1586 1656 1937 1743 Sylbar9i0,
1970 1658 2041 1721 in
2064 1657 2337 1743 Syntaoei
2370 1659 2625 1735 Graeca,
2654 1678 2847 1740 quam
2881 1656 3349 1723 Grammaticae
3368 1679 3500 1721 suae

597 1742 878 1809 Graecae
924 1742 1204 1809 Rameae
1251 1744 1598 1827 subjunxit.
1646 1743 1710 1809 N
1713 1766 1748 1809 0
1794 1750 2013 1809 autem
2059 1768 2246 1809 usum
2284 1746 2537 1810 articuli
2562 1744 2843 1810 Hebraei
2869 1744 3299 1811 Grammatice
3320 1745 3498 1829 expli-

597 1832 820 1908 cando,
845 1831 1134 1896 chartam
1155 1832 1480 1915 impleam,
1505 1833 1891 1898 remittimus
1924 1832 2251 1899 Studiosos
2276 1836 2355 1898 ad
2391 1835 2784 1899 Thenai-am
2812 1834 3147 1921 Burdorfii
3170 1834 3275 1899 lib.
3302 1836 3359 1898 2.
3382 1854 3497 1919 cap.

603 1920 664 1985 5.
711 1918 828 1985 ΠΙ.
855 1919 982 1984 .Α.0
1030 1916 1352 1999 Abassini,
1393 1919 1506 2004 qui
1553 1921 1849 1986 dicuntur
1892 1922 2227 1987 observare
2258 1920 2659 1987 Sabbathum
2680 1921 2725 1986 J
2728 1923 3071 1987 udaeorum
3106 1945 3237 1986 una
3257 1944 3395 1987 cum
3414 1922 3502 1985 die

599 2008 953 2088 DominicO,
992 2008 1122 2074 sint
1164 2008 1472 2073 haeretici
1517 2007 1975 2076 Sabbatharii?
2010 2012 2187 2095 Hesp.
2221 2010 2369 2075 Non
2394 2012 2801 2076 arbitramur.
2851 2010 3016 2087 Quia
3047 2014 3196 2075 vero
3219 2033 3341 2075 non
3362 2010 3503 2075 satis

599 2100 772 2162 certo
812 2097 1145 2181 explorata
1176 2097 1360 2161 nobis
1385 2100 1484 2161 est
1507 2098 1662 2162 fides
1695 2120 1934 2173 eorum,
1963 2099 2155 2184 (nihil
2182 2099 2353 2163 enim
2376 2099 2709 2175 habemuS,
2740 2098 2867 2162 nisi
2888 2099 3231 2165 relationes
3254 2098 3504 2163 Pontifi-

598 2186 859 2265 ciorum,
885 2185 1172 2269 quisunt
1194 2185 1538 2250 adversarii
1563 2208 1801 2266 eorum,
1826 2188 1874 2252 8⁶
1905 2209 2095 2271 saepe
2118 2187 2405 2252 infelices
2430 2186 2762 2267 Historici)
2786 2187 2991 2252 dicere
3017 2209 3143 2251 non
3167 2208 3502 2271 possumus,

600 2296 726 2358 quo
751 2274 878 2338 fine
901 2274 1218 2338 retineant
1239 2271 1658 2339 Sabbathum.
1705 2273 1993 2355 Interim,
2026 2277 2177 2340 dum
2214 2276 2483 2341 certiora
2504 2276 2899 2357 nuntientur,
2931 2276 3249 2341 malumus
3272 2276 3503 2341 credere

598 2362 744 2427 illos
774 2360 1175 2427 Sabbathum
1214 2363 1549 2427 observare
1595 2366 1851 2427 tantum
1890 2367 1963 2428 ut
1988 2364 2547 2441 circumcisionem,
2580 2364 2655 2428 de
2680 2368 2809 2449 qua
2832 2364 3216 2428 sententiam
3238 2368 3503 2429 nostram

596 2451 872 2516 diximus
918 2452 1175 2536 Disput.
1227 2451 1302 2516 de
1330 2452 1622 2518 Articulis
1645 2453 2229 2536 fundamentalibus
2255 2455 2325 2518 in-
2352 2455 2574 2520 Coroll.
2620 2453 2777 2518 Illos
2802 2458 3019 2518 autem
3040 2457 3339 2538 putamus
3367 2474 3503 2539 gra-

594 2539 736 2605 vius
761 2561 993 2616 errare,
1019 2540 1131 2624 qui
1160 2539 1227 2603 in
1250 2542 1435 2604 tanta
1457 2540 1596 2606 luce
1623 2541 1969 2626 Euangelii
1992 2542 2381 2608 contendunt
2409 2542 2577 2607 diem
2598 2541 3007 2606 Dominicum
3032 2563 3161 2605 non
3183 2543 3503 2610 observan-

596 2627 767 2709 dum,
792 2629 903 2694 sed
925 2627 1325 2693 Sabbathum
1347 2627 1390 2692 J
1394 2629 1706 2706 udaicum,
1732 2630 1954 2713 quales
1970 2633 2120 2695 sunt
2134 2652 2259 2694 non
2276 2634 2529 2695 tantum
2546 2631 2797 2695 obscuri
2822 2629 3076 2713 quidem
3094 2632 3141 2696 81
3163 2629 3499 2700 &tamem-02,

596 2717 706 2782 sed
759 2717 954 2781 etiam
976 2717 1119 2796 viri,
1167 2719 1240 2780 ut
1270 2719 1446 2799 puto,
1480 2717 1742 2796 literati,
1770 2716 2167 2801 Theophilus
2202 2719 2531 2794 Braburn3
2573 2718 2683 2784 sed
2708 2719 2821 2803 qui
2843 2718 3235 2801 palinodiam
3258 2716 3501 2782 cecinit:

595 2807 644 2872 81
680 2809 899 2870 contra
943 2827 1136 2888 quem
1177 2804 1434 2888 scripsit
1467 2807 1840 2874 Franciscas
1880 2807 2079 2874 While
2101 2807 2451 2891 Episcopus
2475 2807 2751 2871 Eliensis
2775 2807 2847 2871 in
2870 2818 3045 2871 tract.
3076 2807 3155 2871 de
3176 2805 3505 2878 Sabbatko;

596 2894 645 2959 a
673 2895 828 2960 alter
849 2893 1052 2959 dictus
1089 2893 1383 2970 Traslcus,
1425 2895 1603 2978 cujus
1627 2894 1990 2978 opinionem
2015 2895 2089 2959 de
2113 2893 2442 2960 Sabbatho
2476 2897 2522 2960 &
2546 2895 2793 2960 delectu
2818 2895 3103 2960 ciborum
3126 2894 3171 2959 J
3174 2895 3391 2959 udaico
3412 2916 3503 2957 re-

595 2981 832 3046 futavit
881 2983 1241 3048 Lancelotus
1293 2982 1594 3048 Andrews
1625 2983 1979 3067 Episcopus
2006 2981 2471 3048 Wintoniensis
2494 2985 2566 3048 in
2600 2985 2897 3049 Oratione
2924 2983 3139 3049 habita
3160 2984 3237 3048 in
3262 2982 3503 3048 Camerti

597 3070 870 3137 stellata:
924 3092 1089 3154 quae
1127 3091 1272 3134 cum
1317 3074 1612 3153 postuma
1655 3093 1925 3155 operum
1963 3072 2359 3155 quorundam
2392 3071 2669 3142 editione
2690 3071 3073 3136 Londinensi
3094 3072 3335 3155 prodiit
3355 3091 3501 3134 anno

605 3158 794 3224 1629.
840 3156 956 3223 IV.
1005 3157 1172 3233 Quid
1225 3158 1302 3222 de
1349 3159 1541 3223 fluvio
1595 3158 2005 3238 801111011ὴί00,
2054 3161 2129 3224 (10
2167 3181 2293 3243 quo
2316 3159 2537 3248 loseph
2560 3161 2661 3225 lib.
2692 3161 2751 3224 7.
2784 3161 2861 3226 de
2891 3161 3062 3226 Bello
3086 3159 3354 3226 „ludaico
3380 3177 3499 3242 cap.

599 3245 704 3312 24.
726 3248 795 3310 in
820 3244 1061 3311 Graeca
1092 3246 1242 3311 edit.
1268 3268 1402 3330 cap.
1436 3248 1536 3312 13.
1563 3248 1810 3313 Plinius
1835 3248 1946 3312 lib.
1982 3248 2089 3312 31.
2134 3269 2271 3331 cap.
2300 3249 2360 3313 2.
2388 3249 2468 3314 In
2490 3249 2729 3314 Iudaea
2750 3250 2927 3316 rivus
2950 3248 3285 3314 Sabbathis
3312 3249 3499 3314 omni·

596 3337 714 3403 bus
741 3336 1025 3402 siccatur.
1072 3334 1161 3400 Et
1209 3335 1382 3401 Elias
1427 3337 1499 3400 in
1552 3336 1782 3414 Thisbi,
1830 3336 1941 3420 qui
1978 3336 2280 3420 mysticas
2318 3336 2571 3402 fabulas
2596 3359 2671 3402 ex
2692 3335 2737 3402 J
2740 3337 3026 3402 udaismo
3050 3359 3167 3402 suo
3192 3337 3386 3402 addit.
3428 3333 3501 3400 Et

606 3423 1002 3491 Thalmudici
1041 3425 1084 3488 ἀ
1131 3425 1204 3490 R.
1233 3425 1514 3489 Mena-sse
1542 3426 1639 3490 cit.
1665 3425 1846 3508 Hesp.
1873 3425 2033 3489 Esse
2056 3424 2341 3489 fabulam
2368 3424 2408 3490 J
2416 3425 2704 3490 udaicam
2728 3427 2773 3492 &
2796 3425 3180 3490 Plinianam.
3232 3423 3499 3510 vertigi-

595 3535 710 3578 nes
757 3513 804 3578 a
848 3511 1372 3583 contradictiones
1419 3512 1738 3577 Autorum
1782 3513 2023 3578 detexit
2067 3513 2314 3598 egrigie
2344 3515 2641 3580 Fullems
2676 3515 3014 3580 Miscellan.
3040 3513 3183 3580 libr.
3214 3517 3275 3578 1.
3298 3535 3426 3599 cap.
3448 3511 3498 3574 9.

595 3601 883 3667 Eandem
929 3600 1218 3666 fabulam
1261 3601 1487 3666 merito
1533 3601 1816 3685 explodit
1856 3600 2320 3666 eruditissimus
2375 3602 2666 3674 Canama
2688 3601 2827 3667 libr.
2856 3603 2916 3665 2.
2942 3603 3017 3667 de
3041 3603 3380 3686 Republica
3399 3602 3497 3666 He·

598 3690 951 3770 bracarum,
984 3709 1119 3773 cap.
1169 3689 1275 3753 24.
1315 3688 1480 3754 Eam
1510 3694 1728 3754 tamen
1750 3690 2001 3773 reponit
2024 3689 2208 3754 nobis
2237 3691 2307 3756 R.
2336 3693 2619 3756 Mena-sse
2640 3691 2753 3756 ben
2776 3691 2973 3756 Israel
2986 3715 3007 3755 .·
3031 3692 3142 3774 qui
3164 3691 3499 3778 quaestione

599 3779 704 3844 36.
751 3779 824 3843 in
868 3778 1160 3844 Emoda-m
1201 3777 1384 3863 [pag.
1415 3777 1618 3864 1274]
1645 3778 1768 3842 duo
1791 3778 1945 3842 dicit
1976 3799 2111 3842 esse
2134 3779 2503 3843 testimonia
2534 3778 2848 3844 Sabbathi
2872 3783 2911 3842 a
2940 3777 3079 3844 Deo
3102 3777 3493 3846 sanctificati;

591 3867 780 3952 prius
816 3869 1030 3932 lumen
1081 3864 1542 3944 Sabbachicum,
1588 3867 1771 3950 cajus
1815 3867 2046 3931 mentio
2091 3869 2161 3954 fit
2185 3867 2257 3931 in
2295 3865 2615 3946 Talmude‚
2657 3869 2755 3932 810.
2782 3865 2863 3932 R.
2887 3865 3065 3932 Mose
3088 3865 3493 3932 Gerundensis

595 3957 750 4032 vult,
789 3955 1062 4040 fluvium
1086 3954 1254 4020 hunc
1282 3975 1408 4019 0030
1431 3952 1664 4034 Gosan,
1689 3955 1776 4019 ad
1790 3976 1975 4040 quem
1999 3955 2203 4019 decem
2228 3957 2427 4022 tribu-5·
2450 3957 2727 4040 captivae
2748 3955 3046 4021 abductae
3066 3969 3243 4034 sunt,
3274 3954 3379 4022 ac.
3404 3953 3493 4020 Ac-

600 4055 803 4108 leram
849 4042 1147 4107 Sabbatha·
1199 4043 1626 4108 testimoniam
1671 4055 1777 4120 esc,
1803 4043 1975 4128 qaod
2004 4064 2071 4108 00
2096 4043 2195 4108 die
2227 4045 2398 4128 Mayi
2425 4043 2489 4109 ἃ·
2508 4045 3004 4129 praestiyiatores
3030 4043 3159 4126 (1ιεί
3184 4045 3311 4129 ipsi
3331 4042 3492 4130 confi·

597 4131 835 4216 ten-tur)
889 4131 1066 4195 nullo
1105 4131 1290 4196 modo
1333 4151 1567 4214 pravas
1619 4129 1681 4196 ἃ
1725 4131 2005 4214 nefarias
2049 4143 2211 4196 artes
2232 4153 2385 4198 suas
2407 4153 2681 4198 exercere
2698 4144 2986 4218 possunt.
3032 4131 3171 4197 Nos
3194 4135 3273 4198 de
3296 4133 3489 4199 eodem

597 4219 794 4282 fluvio
823 4217 891 4281 in
914 4217 1191 4282 transitu
1215 4219 1370 4300 quid
1390 4219 1666 4283 diximus
1696 4222 1751 4285 l.
1772 4230 1938 4302 parc.
1974 4222 2165 4285 select.
2196 4221 2418 4305 Dispp.
2442 4242 2590 4306 paq.
2617 4222 2763 4284 659.
2793 4223 2839 4286 81
2864 4232 3036 4305 part.
3064 4221 3124 4284 2.
3160 4223 3249 4286 tie.
3274 4223 3351 4288 de
3368 4237 3491 4286 (1011-

599 4306 882 4369 versione
925 4306 1071 4369 lud.
1099 4304 1330 4369 Confer
1349 4304 1520 4371 infra
1542 4306 1609 4371 in
1634 4307 1760 4372 fine
1791 4307 1981 4391 hujus
2009 4309 2065 4392 §-
2095 4307 2178 4372 V.
2204 4309 2303 4372 An
2326 4307 2641 4374 Israelitis
2664 4310 2783 4374 sub
2816 4307 2899 4372 V.
2925 4308 2999 4374 T.
3027 4309 3238 4394 magis
3260 4315 3373 4374 aut
3394 4305 3487 4373 mi·

601 4413 722 4454 nus
746 4390 1144 4477 prohibitum
1169 4391 1366 4456 fuerit
1389 4415 1676 4477 pugnare
1699 4394 1767 4456 in
1790 4394 2041 4458 hostem
2064 4395 2166 4460 die
2182 4394 2519 4477 Sabbathi,
2543 4418 2736 4479 quam
2760 4396 3141 4462 Christianis
3164 4399 3269 4462 die
3291 4391 3489 4543 Domi}

3322 4503 3448 4550 mco
