3694 4871
719 356 2447 426 D1sp.III.DnJunznzeJusvrvrqu.
2969 360 3052 424 67

109 543 340 628 logicis
394 543 742 608 conformia
789 545 1128 609 adferenda
1163 568 1318 610 esse.
1366 543 1487 611 III.
1539 545 1750 612 Probe.
1793 545 1897 610 An
1938 568 2123 610 omne
2168 545 2409 610 bonum
2440 547 2679 611 morale
2704 547 2908 631 possit
2933 547 3058 611 dici

109 633 460 696 secundum
489 637 808 714 naturam,
833 635 878 698 &
904 656 1090 697 omne
1115 635 1355 698 malum
1381 635 1620 698 morale
1645 639 1865 699 contra
1890 640 2203 700 naturam.
2255 635 2435 718 Hesp.
2468 635 2519 700 A
2527 640 2596 722 ff.
2640 635 2696 698 si
2732 635 3056 721 intelliga-

107 725 218 784 tur
241 725 474 785 natura
499 722 883 806 primigenia
908 726 980 785 ut
1004 725 1041 786 a
1066 723 1201 786 Deo
1226 728 1471 799 creata;
1497 745 1618 788 uon
1657 745 1803 788 vero
1827 727 1901 788 ut
1930 728 2225 807 corrupta
2250 724 2473 807 Ephes.
2507 726 2568 789 2.
2597 725 2656 787 3.
2686 722 2861 787 Deus
2886 724 3055 790 enim

109 813 412 873 naturam
461 810 740 874 hominis
787 811 1026 874 creavit
1070 810 1324 888 bonam,
1359 812 1540 895 eique
1587 812 1816 875 indidit
1863 813 2340 876 inclinationem
2364 812 2410 876 &
2433 811 2807 876 facultatem
2832 813 2911 875 ad
2940 813 3054 875 bo-

105 921 286 962 num.
341 901 554 962 Gen-ee.
619 902 674 963 1.
723 921 779 963 υ.
830 899 932 962 27.
989 897 1050 963 ἃ·
1090 901 1201 964 ult.
1250 900 1592 966 Ecclesiast.
1624 901 1681 963 7.
1717 901 1823 966 29.
1871 899 2108 985 Legem
2130 901 2564 965 notificantem
2590 903 2635 966 &
2668 900 3057 984 obligantem

112 987 212 1050 illi
239 987 594 1070 insculpsit,
624 990 670 1053 a
695 988 824 1051 vim
851 987 1268 1052 ratiocinandi
1293 993 1655 1072 rectamque
1678 988 1991 1053 rationem
2023 989 2311 1064 contulit,
2360 1012 2474 1072 per
2496 1011 2687 1072 quam
2718 989 3057 1053 conclusio-

107 1098 222 1139 nes
265 1098 343 1139 ex
397 1076 725 1159 principiis
769 1077 980 1139 insitis
1027 1077 1338 1152 educeret,
1365 1079 1410 1142 ἃ
1440 1089 1722 1150 otmar-05⁴3
1759 1077 2114 1160 quibusque
2138 1077 2507 1161 applicaret.
2556 1077 2731 1153 Quae
2762 1077 2884 1140 duo
2908 1100 3055 1160 pos-

105 1165 320 1228 trema
366 1186 446 1227 ne
495 1165 750 1246 quidem
797 1167 940 1247 post
969 1165 1218 1248 lapsum
1242 1168 1549 1248 tanquam
1573 1166 1830 1229 relictae
1858 1165 2173 1229 scintillae
2198 1166 2386 1249 plane
2412 1165 2653 1230 aboleri
2676 1170 3053 1248 potuerunt:

104 1252 405 1335 quamvis
435 1252 656 1316 multis
680 1252 882 1316 modis
908 1252 988 1316 ab
1012 1253 1380 1317 hominibus
1413 1254 1810 1317 occultentur
1837 1258 1949 1318 aut
1974 1258 2477 1336 corrumpantur.
2519 1256 2691 1321 Rom.
2724 1255 2785 1317 2.
2816 1255 2917 1318 14.
2952 1256 3054 1320 15.

105 1364 257 1404 cum
307 1343 482 1407 Rom.
541 1344 597 1405 1.
637 1343 738 1405 19.
768 1341 872 1404 20.
923 1342 1026 1404 21.
1053 1343 1158 1404 22.
1188 1343 1294 1406 23.
1329 1344 1538 1409 Actor.
1570 1343 1671 1407 17.
1699 1343 1804 1405 25.
1833 1343 1937 1406 26.
1967 1343 2069 1405 27.
2108 1343 2211 1405 28.
2262 1341 2723 1406 convenienter
2745 1342 2895 1405 huic
2918 1365 3056 1406 sen-

104 1429 356 1493 tentiae
405 1430 710 1512 applicari
750 1433 1014 1513 possunt
1059 1430 1296 1513 placita
1341 1430 1863 1514 philosophorum
1909 1453 2069 1512 quae
2117 1431 2377 1515 collegit
2402 1431 2657 1514 Lipsius
2680 1432 2751 1494 in
2792 1431 3052 1496 Manud.

103 1519 196 1582 ad
231 1518 599 1602 Philo-soph.
627 1518 896 1583 Stoicam
928 1518 1029 1584 lib.
1056 1520 1114 1580 2.
1155 1519 1396 1583 dissert.
1441 1520 1539 1582 14.
1568 1540 1764 1604 usque
1803 1519 2049 1583 dissert.
2081 1520 2179 1582 19.
2224 1517 2423 1582 -1V.
2456 1519 2664 1584 Probl.
2717 1520 2817 1582 An
2850 1520 3055 1583 omnis

105 1607 396 1690 cognitio
449 1629 685 1684 eorum,
720 1628 882 1688 quae
915 1607 996 1670 ad
1025 1607 1224 1670 vitam
1269 1607 1618 1671 humanam
1663 1628 1995 1690 moresque
2036 1607 2287 1671 vivendi
2338 1606 2679 1690 pertinent,
2706 1607 2907 1690 possit
2931 1607 3053 1670 dici

105 1695 446 1772 naturaliS‚
482 1700 593 1758 aut
618 1696 720 1758 lex
750 1699 1036 1773 naturae,
1063 1699 1173 1758 aut
1206 1695 1368 1780 legis
1393 1703 1676 1760 naturae.
1732 1697 1911 1780 Hesp.
1963 1695 2019 1759 si
2051 1698 2341 1760 accurate
2376 1695 2547 1778 loqui
2580 1696 2848 1760 velimus
2881 1695 3053 1759 aliud

105 1787 207 1847 est
259 1782 400 1866 ipsa
445 1783 547 1846 lex
581 1788 846 1846 naturae
869 1783 1226 1848 formaliter
1249 1785 1523 1868 proprie,
1551 1786 1596 1849 St,
1621 1784 1838 1848 stricte
1874 1784 1962 1848 sic
1988 1785 2175 1860 dicta,
2209 1805 2370 1866 quae
2403 1784 2540 1848 scil.
2572 1783 2856 1848 continet
2878 1784 3052 1867 prin-

106 1872 280 1954 cipia
305 1873 584 1955 practica
617 1873 720 1956 (de
752 1873 983 1955 quibus
1005 1873 1073 1936 in
1098 1873 1261 1956 disp.
1290 1874 1365 1937 cle
1390 1873 1701 1937 Acheismo
1717 1874 1768 1956 ;)
1801 1875 1846 1938 &
1874 1873 2045 1936 aliud
2072 1876 2170 1936 est
2194 1873 2444 1936 axioma
2467 1872 2707 1936 morale
2733 1894 2846 1936 seu
2870 1894 3052 1955 prae-

105 1965 368 2044 ceptum
395 1961 750 2024 universale
774 1961 818 2025 ἃ
851 1961 1148 2046 generale
1197 1962 1474 2045 proxime
1507 1984 1584 2025 ex
1610 1960 1938 2044 principiis
1962 1961 2093 2024 illis
2116 1961 2337 2024 fluens.
2372 1983 2483 2024 seu
2509 1983 2620 2044 per
2644 1960 3051 2024 ratiocinati-

103 2072 300 2113 onem
346 2050 718 2113 deductum:
768 2050 812 2113 δι
837 2049 1009 2113 aliud
1031 2055 1440 2133 praeceptum
1471 2049 1762 2133 speciale,
1791 2072 1903 2114 seu
1927 2049 2371 2113 determinatio
2396 2048 2809 2132 particulares
2842 2049 3050 2132 cujus-

106 2160 234 2220 que
261 2159 447 2201 casus
471 2161 548 2201 ex
594 2138 943 2221 principiis,
990 2139 1344 2212 axiomatiS‚
1373 2141 1419 2204 ἃ
1442 2138 1796 2222 praeceptis
1821 2139 2008 2202 modo
2028 2137 2209 2202 dictis
2234 2159 2348 2221 per
2372 2137 2729 2221 legitimam
2754 2136 3049 2200 subsum-

103 2226 354 2290 tionem
409 2229 520 2288 aut
567 2227 964 2310 analogicam
996 2228 1336 2291 secundum
1361 2228 1775 2311 particulares
1800 2227 2120 2290 actionum
2143 2225 2648 2289 circumstantias
2674 2225 3049 2308 applicatio-

107 2337 258 2378 nem
285 2314 572 2378 deducta.
619 2313 1086 2379 Determinatio
1108 2314 1155 2379 ἃ
1183 2315 1524 2398 applicatio
1550 2315 1664 2379 illa
1689 2315 1762 2378 fit
1788 2315 2125 2398 dupliciter
2151 2314 2248 2378 vel
2274 2314 2617 2378 secundum
2633 2315 2739 2397 jus
2766 2313 3049 2377 divinum

105 2403 480 2487 positivum,
531 2404 630 2469 vel
677 2404 1020 2468 secundum
1066 2405 1530 2487 permissivum.
1578 2403 1665 2468 Et
1713 2425 1965 2468 rursum
2012 2404 2111 2467 vel
2160 2402 2324 2468 circa
2351 2403 2631 2467 actiones
2662 2424 2776 2466 sua
2800 2407 3049 2473 natura,

103 2493 343 2577 specie,
393 2495 438 2557 &-
491 2494 800 2576 objective
847 2492 1226 2575 adiaphoras
1272 2497 1448 2579 (nam
1471 2494 1538 2557 in
1563 2494 1888 2557 individuo
1910 2493 2125 2557 nullae
2152 2492 2431 2557 actiones
2456 2492 2771 2555 humanae
2796 2492 3049 2574 proprie

20 2576 24 2585 '
103 2582 200 2644 sic
225 2581 436 2645 dictae
467 2586 616 2645 sunt
638 2582 828 2663 tales)
850 2605 863 2658 3
893 2582 991 2644 vel
1015 2582 1181 2645 circa
1207 2583 1506 2651 actiones,
1532 2605 1658 2646 non
1683 2582 1939 2664 quidem
1964 2582 2372 2645 intrinsecam
2390 2580 2703 2644 malitiam
2719 2579 3047 2657 habenteS,

107 2670 222 2733 sed
271 2674 572 2733 sonantes
611 2670 676 2733 in
723 2670 962 2734 malum
1010 2692 1063 2734 e.
1090 2692 1153 2754 g.
1181 2672 1361 2755 [pag.
1389 2670 1550 2755 395]
1577 2670 1857 2734 occidere
1882 2670 2221 2741 hominem,
2256 2669 2550 2752 persequi
2574 2672 2891 2752 parenteS,
2917 2667 3049 2732 fra-

103 2763 262 2837 treS,
291 2758 544 2822 liberos,
596 2756 826 2822 Omnia
873 2780 1026 2843 ergo
1063 2758 1220 2823 haec
1243 2764 1391 2823 sunt
1416 2758 1596 2842 juris,
1623 2759 1807 2843 legiS‚
1841 2760 1887 2823 &
1920 2757 2300 2842 cognitionis
2324 2758 2637 2821 naturalis
2660 2758 2755 2821 vel
2776 2758 3053 2823 reductive

106 2849 200 2912 vel
248 2848 594 2912 reductive.-
650 2848 816 2929 quod
850 2869 926 2910 ex
975 2870 1050 2911 ea
1075 2849 1173 2911 vel
1198 2870 1312 2931 per
1333 2848 1756 2913 necessariam
1789 2846 2304 2929 consequentiam
2328 2848 2373 2911 80
2398 2845 2901 2909 subsumtionem
2933 2868 3047 2909 ra-

105 2934 474 2999 tiocinando
525 2936 704 2999 educi
749 2935 996 3019 possint
1042 2939 1153 2999 aut
1192 2936 1492 3012 debeant;
1542 2941 1652 2999 aut
1701 2936 1869 3018 quod
1922 2936 2001 3007 ad
2032 2957 2173 2998 eam
2210 2934 2592 2997 reducantur
2614 2938 2921 3017 tanquam
2952 2934 3050 2997 illi

108 3024 575 3099 convenientia,
632 3028 744 3087 aut
787 3024 1016 3087 saltem
1069 3024 1164 3087 illi
1198 3025 1458 3089 minime
1484 3024 1941 3109 repugnantia3
1971 3022 2187 3105 qualia
2211 3026 2359 3087 sunt
2382 3022 2558 3106 leges
2582 3022 2865 3086 forenses
2898 3021 3049 3087 Μο-

106 3111 340 3188 saicae,
367 3114 414 3177 a
447 3114 622 3197 leges
653 3134 1063 3195 quaecunque
1088 3111 1393 3177 Politicae
1418 3113 1731 3197 positivae
1758 3112 1839 3197 (si
1865 3116 2031 3175 recte
2068 3112 2113 3176 δι
2138 3112 2307 3194 juste
2336 3111 2503 3174 latae
2529 3111 2683 3193 sint)
2712 3110 3050 3193 omniaque

101 3200 346 3283 judicia
399 3200 610 3284 legem
657 3202 736 3264 ad
768 3201 1008 3265 factum
1033 3201 1438 3284 applicantia,
1465 3204 1510 3268 ἃ.
1533 3201 1774 3265 monita
1800 3223 1873 3264 ac
1896 3203 2231 3283 praecepta
2254 3204 2611 3281 parentum,
2636 3198 3047 3282 omniumque

107 3289 530 3373 superiorum,
579 3290 762 3353 modo
808 3289 1204 3353 obedientiae
1241 3288 1372 3353 Deo
1399 3290 1650 3354 debitae
1674 3312 1798 3353 non
1832 3291 2210 3373 repugnent.
2260 3287 2445 3351 Talia
2470 3286 2725 3369 quidem
2750 3287 2815 3350 in
2840 3288 3047 3369 specie

111 3376 290 3441 Deus
329 3378 474 3459 jure
509 3400 622 3441 suo
669 3377 940 3461 positivo
966 3400 1090 3441 non
1117 3378 1580 3457 determinavit,
1613 3378 1721 3441 sed
1744 3378 1887 3461 jure
1913 3376 2285 3460 permissivo
2318 3375 2675 3461 legitimam
2700 3376 2745 3439 8⁶
2778 3376 3049 3439 rationa-

109 3466 238 3529 lem
285 3466 880 3530 determinationem
903 3466 1393 3531 circumstantiis
1417 3489 1630 3531 rerum
1653 3466 1700 3531 δε
1725 3488 2137 3550 personarum
2160 3464 2723 3548 proportionatam,
2750 3463 3045 3546 superio-

113 3554 293 3619 ribus
361 3554 786 3638 potestatibus
839 3556 982 3637 jure
1049 3578 1160 3618 seu
1221 3556 1362 3639 lege
1410 3560 1523 3619 sua
1569 3555 1842 3638 positiva
1883 3553 2192 3638 permisit,
2242 3555 2287 3619 δι
2334 3552 2739 3616 inferioribus
2786 3552 3047 3634 parendi

118 3644 566 3708 necessitatem
625 3644 947 3727 imposuit.
1012 3643 1185 3719 Quae
1253 3644 1572 3708 reductive
1639 3648 1891 3707 tantum
1955 3646 2105 3705 sunt
2162 3642 2325 3724 juris
2386 3642 2431 3705 δι
2499 3640 2662 3725 legis
2714 3639 3045 3719 naturalis,

114 3731 456 3814 aliquando
503 3732 789 3815 opposite
841 3732 888 3797 δε
941 3732 1455 3797 contre-distincte
1496 3732 1574 3795 ad
1598 3755 1672 3797 ea
1695 3754 1857 3815 quae
1891 3729 2177 3795 eductive
2216 3733 2364 3793 sunt
2388 3729 2565 3803 talia,
2591 3728 2885 3792 dicuntur
2910 3750 3045 3792 esse

107 3822 270 3903 juris
318 3820 580 3884 humani
630 3823 802 3885 mere
849 3819 1172 3884 arbitrarii
1211 3842 1324 3884 seu
1356 3821 1632 3903 positivi,
1657 3824 1703 3887 δι
1734 3824 2050 3905 negantur
2074 3841 2211 3882 esse
2228 3818 2391 3901 juris
2423 3839 2494 3882 ac
2527 3817 2690 3899 legis
2712 3816 3043 3881 naturalis

117 3906 238 3971 His
289 3908 804 3973 distinctionibus
833 3909 994 3973 bene
1019 3908 1369 3972 observatis
1415 3910 1750 3973 concidunt
1781 3912 2137 3972 commenta
2167 3907 2281 3970 illa
2305 3907 2380 3970 de
2406 3905 2706 3982 consiliis,
2739 3906 2814 3968 de
2839 3904 3045 3969 moni-

121 3997 220 4075 tis,
269 3997 344 4061 de
385 3998 740 4061 actionibus
788 3997 1260 4080 praestantibus
1311 3998 1356 4062 ἃ.
1404 3998 1752 4071 laudandis
1787 3998 1987 4079 deque
2020 3996 2347 4069 πρέποντος
2370 4017 2481 4059 seu
2505 3994 2745 4068 decoro,
2773 3994 2852 4057 ad
2884 4015 3046 4075 quae

119 4090 328 4149 tamen
377 4085 648 4169 quilibet
695 4085 884 4149 homo
938 4086 1217 4169 praecise
1256 4108 1380 4149 non
1404 4091 1716 4161 teneatur,
1743 4089 1787 4152 δι
1811 4086 1988 4169 cujus
2012 4084 2267 4148 omissio
2292 4088 2403 4147 aut
2426 4082 2786 4167 oppositum
2811 4104 2935 4145 non
2961 4082 3047 4146 sit

121 4178 464 4257 peccatum.
513 4172 582 4237 Si
614 4175 689 4237 de
737 4174 1092 4238 actionibus
1129 4174 1193 4237 in
1221 4174 1542 4238 individuo
1568 4174 1914 4257 loquuntur
1939 4173 2059 4259 (uti
2086 4172 2257 4255 loqui
2283 4171 2559 4249 debent‚)
2585 4172 2754 4234 certe
2780 4192 2901 4233 non
2928 4193 3045 4254 pa-

121 4284 256 4326 rum
279 4263 773 4327 hallucinantur.
822 4261 1086 4345 Semper
1109 4264 1278 4326 enim
1303 4262 1492 4326 homo
1524 4264 1604 4327 ad
1635 4264 2008 4327 alterutram
2036 4260 2549 4325 contradictionis
2576 4264 2820 4343 partem
2848 4258 3043 4343 (posi-

123 4350 202 4415 tis
231 4352 562 4435 ponendis)
587 4350 930 4415 secundum
962 4350 1278 4415 dictamen
1302 4353 1347 4416 ἃ
1365 4352 1672 4434 judicium
1710 4355 1918 4415 rectae
1944 4350 2209 4413 rationis
2232 4351 2517 4413 tenetur:
2548 4350 2593 4414 δι
2619 4348 2685 4411 in
2703 4367 3045 4431 quamcun-

126 4462 239 4522 que
285 4444 535 4523 partem
581 4439 1000 4518 inclinaverit,
1057 4460 1306 4522 semper
1341 4440 1666 4505 moraliter
1695 4441 1857 4505 bene
1889 4443 1999 4503 aut
2024 4438 2351 4502 moraliter
2373 4438 2541 4501 male
2565 4436 2855 4512 inclinat3
2883 4456 3040 4519 quo-

2904 4544 3045 4586 rum
