3694 4871
651 322 776 387 146
955 320 1170 387 Disr.
1240 320 1374 388 VI.
1442 319 1555 386 Ds
1626 321 2246 390 Pnormimonn
2318 322 2666 389 Pacem-1
2736 324 3247 391 Omomims.

646 507 820 575 actui
864 512 977 573 aut
1022 507 1333 592 principio
1374 509 1601 588 actim,
1627 510 1694 574 in
1718 510 1937 576 ordine
1963 510 2043 575 ad
2067 511 2297 596 legem,
2325 533 2437 575 seu
2460 511 2739 595 privatio
2762 510 3228 577 conformitatis
3254 512 3333 577 ad
3352 513 3553 597 legem.

647 597 816 663 Sane
845 596 1354 663 Keclcermannus
1387 599 1426 663 l.
1479 599 1541 664 2.
1592 610 1842 686 systmn.
1886 600 2205 684 theoloqici
2232 622 2281 663 c.
2310 600 2372 665 4.
2398 600 2539 683 pari
2564 599 2811 665 ratione
2842 600 2998 665 dicit
3020 605 3351 685 peccatum
3376 600 3439 665 in
3459 622 3553 687 ge·

643 708 796 751 nere
834 706 961 749 non
999 707 1138 750 esse
1161 686 1399 750 nudam
1431 687 1478 751 a
1511 687 1863 771 simplicem
1890 688 2311 772 privationem
2334 688 2572 774 (qualis
2599 692 2696 753 est
2720 688 2927 772 quies)
2954 712 3119 773 quae
3144 690 3389 754 nullam
3416 690 3555 754 inte-

645 778 749 839 rat
787 774 1024 839 malam
1047 774 1529 857 impressionem
1569 777 1615 841 81
1647 776 2157 860 dispositionem;
2184 778 2293 841 sed
2320 798 2455 841 esse
2486 777 2909 861 privationem
2934 778 3101 843 male
3126 776 3496 843 afficientem
3518 779 3555 843 δι

647 863 1089 947 disponentem
1135 862 1490 947 subjectum
1545 864 1710 930 sicut
1749 866 2030 930 morbus.
2080 866 2263 951 [pag.
2315 865 2520 951 1085]
2578 865 2666 930 Et
2688 887 2823 951 cap.
2852 866 2913 931 5.
2950 866 3062 930 ubi
3089 867 3228 931 vult
3250 872 3553 951 peccatum

645 951 960 1036 originale
987 972 1122 1016 esse
1149 952 1527 1035 qualitatem
1549 954 1912 1038 positivam,
1946 954 2211 1019 advocat
2234 954 2359 1019 huc
2384 956 2429 1020 a
2454 954 2675 1019 laudat
2698 956 2939 1019 dictum
2969 954 3256 1021 Thomae
3280 978 3386 1039 qu.
3410 957 3464 1019 3.
3493 956 3554 1019 de

645 1038 822 1104 Malo
869 1044 988 1105 art.
1044 1040 1101 1103 1.
1155 1041 1298 1108 Non
1349 1053 1436 1107 est
1475 1042 1741 1127 simplem
1802 1043 2112 1121 Privatio,
2162 1054 2231 1109 ul
2254 1044 2525 1120 coecitas,
2552 1044 2659 1109 scd
2682 1044 2901 1108 retinet
2924 1044 3173 1129 aliquid
3194 1044 3273 1109 de
3296 1066 3385 1123 eo,

642 1129 957 1213 pm'vatur,
997 1140 1067 1194 ut
1089 1128 1365 1195 morbac.
1416 1131 1636 1197 Malth.
1695 1131 2037 1198 Martini-us
2084 1133 2156 1197 in
2207 1132 2493 1197 methodo
2560 1132 2841 1217 Theoloq.
2872 1152 2938 1217 p.
2978 1132 3129 1197 388.
3178 1133 3394 1197 eodem
3440 1132 3553 1195 fere

646 1217 832 1282 modo
870 1216 942 1277 τὸ
983 1218 1372 1301 privativum
1410 1221 1655 1302 peccati
1685 1221 1754 1283 in
1799 1240 2033 1304 genere
2066 1221 2361 1304 explicat.
2412 1218 2531 1284 ΙΙΙ.
2568 1219 2733 1297 Quid
2776 1222 2830 1285 si
2887 1221 3197 1301 dicamne,
3224 1221 3371 1285 illos
3394 1222 3545 1304 loqui

645 1327 771 1371 non
810 1306 886 1369 de
911 1303 1130 1385 ἀταξία
1161 1328 1275 1371 seu
1297 1312 1556 1390 peccato
1579 1312 1706 1391 qua
1729 1308 1867 1388 tali,
1893 1309 2271 1389 formaliter,
2296 1308 2615 1373 abstracte
2648 1310 2703 1376 a·
2719 1310 3022 1394 praecise,
3056 1310 3169 1373 sed
3192 1310 3403 1393 potius
3424 1332 3553 1373 con-

647 1398 817 1460 crete
866 1394 943 1458 de
979 1398 1258 1477 peccat0,
1306 1417 1451 1461 cum
1504 1398 1550 1463 &
1581 1397 1648 1460 in
1673 1396 1957 1481 'subjecto
1988 1419 2106 1462 suo
2129 1398 2375 1463 actione
2402 1419 2470 1461 sc
2522 1398 2623 1462 vel
2656 1399 2989 1482 qualitate,
3016 1399 3119 1462 vel
3142 1420 3291 1463 cum
3312 1399 3555 1482 objecto,

649 1483 974 1549 occasione
998 1482 1046 1547 &
1076 1483 1258 1567 quasi
1291 1484 1560 1549 materia
1585 1508 1662 1550 ex
1686 1507 1832 1568 qua.
1861 1484 1977 1551 IV.
2006 1484 2187 1561 Quod
2209 1486 2263 1551 si
2289 1487 2365 1551 de
2395 1491 2655 1570 peccato
2681 1491 2810 1570 qua
2832 1487 2951 1550 tali
2976 1488 3349 1571 loquuntur,
3376 1488 3554 1551 dicen·

651 1573 802 1638 dum
843 1574 942 1635 est
977 1570 1124 1635 illos
1149 1572 1264 1655 per
1285 1573 1626 1656 positivam
1652 1574 2032 1658 qualitatem
2056 1597 2169 1640 seu
2211 1572 2283 1633 τὸ
2324 1575 2671 1659 positivum
2697 1575 3059 1659 intelligere
3092 1576 3337 1659 aliquid
3368 1596 3555 1641 revera

651 1662 697 1728 8⁵
743 1658 1088 1744 subjective
1129 1660 1465 1725 inhaerens
1503 1662 1584 1727 ad
1609 1662 1867 1727 modum
1892 1662 2172 1742 habitus,
2200 1684 2313 1727 seu
2338 1665 2523 1748 quasi
2546 1664 2843 1728 habitum
2876 1668 2971 1741 (ut
2998 1664 3319 1731 Zancliius
3348 1664 3557 1747 aliique

649 1772 795 1813 cum
820 1746 1229 1812 Scholasticis
1255 1749 1631 1832 loquuntur)
1655 1773 1784 1815 non
1807 1756 2023 1816 autem
2048 1752 2184 1816 sola
2206 1752 2614 1834 cogitatione,
2648 1758 2761 1817 aut
2786 1753 2981 1817 etiam
3006 1775 3120 1836 per
3144 1754 3347 1817 solam
3376 1754 3552 1836 impu·

648 1838 991 1903 tationem:
1021 1857 1145 1919 quo
1167 1837 1355 1902 modo
1379 1836 1648 1922 Pighius
1674 1839 1721 1904 St
1747 1839 2131 1905 Catharinus
2164 1841 2485 1924 explicant
2523 1844 2727 1905 totam
2776 1845 3087 1907 rationem
3110 1842 3355 1925 peccati
3384 1840 3555 1925 origi·

3659 1314 3664 1333 fi
3656 906 3664 1309 -b-*A-A———Q

651 1926 838 1991 nalis.
887 1923 1157 2001 Qualem
1189 1926 1722 2011 significationem
1749 1930 2006 2013 positivi
2035 1932 2217 1993 notat
2244 1930 2571 1996 Goelenius
2599 1930 2669 1994 in
2696 1932 2905 1995 lexico.
2956 1930 3091 1994 Aut
3130 1929 3203 1991 τὲ
3245 1930 3556 2014 positivum

653 2016 734 2080 ab
758 2014 890 2078 illis
923 2034 1050 2077 non
1083 2014 1282 2098 accipi
1319 2012 1617 2099 Physice)
1649 2038 1799 2080 nam
1823 2016 1916 2081 sic
1940 2022 2037 2081 est
2060 2020 2098 2081 a
2121 2015 2284 2100 Deo)
2310 2021 2421 2084 sed
2446 2018 2677 2102 Logice
2704 2022 2777 2083 ut
2798 2019 2887 2083 sit
2910 2018 3079 2083 idem
3104 2020 3275 2102 quod
3308 2018 3554 2103 qualitas

654 2102 982 2168 affirmata
1027 2101 1370 2167 inhaerens
1417 2103 1720 2187 subjectO,
1761 2107 1808 2171 81
1832 2105 1924 2169 sic
1952 2106 2297 2189 opponitur
2335 2114 2421 2185 τῷ
2462 2107 2784 2191 negativ0‚
2810 2111 2883 2171 ut
2910 2107 3041 2171 late
3064 2112 3247 2171 notet
3268 2106 3559 2191 quodeun-

655 2214 779 2277 que
811 2191 1180 2275 adjunctum
1204 2192 1252 2256 δι
1275 2191 1659 2257 attributum
1703 2193 1816 2273 rei,
1868 2193 2109 2279 logico:
2159 2198 2233 2258 ut
2277 2193 2560 2259 dicamus
2609 2218 2733 2259 non
2780 2200 3037 2261 tantum
3068 2217 3195 2274 non
3220 2200 3321 2259 est
3335 2194 3559 2279 justitia

653 2278 956 2365 originali
1007 2279 1354 2362 praeditus,
1395 2301 1507 2344 seu
1553 2303 1679 2347 non
1726 2284 1977 2347 tantum
2009 2286 2107 2347 est
2136 2282 2466 2347 distitutus
2496 2284 2611 2348 illa
2630 2284 2882 2369 justitia
2904 2289 2950 2345 δι
2972 2284 3402 2367 rectitudine,)
3424 2305 3561 2367 quo-
3662 2344 3664 2347 ⁴

657 2369 842 2434 modo
875 2366 1072 2451 lapsis
1104 2372 1219 2433 aut
1249 2368 1424 2433 canis
1447 2369 1669 2433 eadem
1696 2372 1893 2455 caret)
1922 2371 2032 2435 sed
2056 2371 2249 2435 etiam
2277 2375 2375 2437 est
2399 2372 2587 2456 plane
2616 2372 2943 2454 distortuS,
2970 2377 3310 2458 corruptus
3332 2375 3427 2441 810.
3474 2369 3562 2434 Sic
3661 2394 3664 2464 g

656 2459 734 2522 de
782 2455 1030 2522 Tiresia
1078 2456 1345 2522 dicimus
1392 2479 1517 2522 non
1563 2462 1816 2524 tantum
1856 2481 1980 2524 non
2030 2459 2223 2540 videt,
2263 2461 2373 2540 sed
2407 2464 2505 2525 est
2543 2483 2787 2528 coecus,
2816 2461 3145 2538 Quomodo
3169 2463 3245 2526 de
3268 2462 3563 2546 praefecto
3662 2491 3664 2494 ⁴

656 2545 956 2611 seditioso
988 2544 1239 2624 dicitur,
1284 2568 1414 2611 non
1461 2551 1714 2611 tantum
1757 2571 1885 2612 non
1933 2553 2149 2613 servat
2186 2549 2471 2614 ordinem
2502 2571 2689 2633 quem
2717 2551 2925 2631 debet,
2952 2552 3061 2615 sed
3085 2551 3347 2634 insuper
3376 2549 3565 2616 omnia

657 2635 904 2699 turbat:
952 2631 1042 2698 Et
1090 2635 1166 2698 de
1196 2633 1458 2700 homine
1504 2637 1750 2720 guIOSO,
1779 2635 1926 2702 Non
1958 2641 2210 2702 tantum
2236 2659 2360 2702 non
2386 2643 2599 2703 servat
2621 2638 2901 2704 debitam
2929 2639 3226 2719 diaetam,
3250 2640 3365 2703 sed
3382 2637 3563 2722 quoti·
3661 2635 3664 2714 ξ

657 2723 759 2788 die
785 2722 996 2787 ebrius
1021 2726 1117 2786 est
1141 2753 1158 2797 ;
1191 2723 1238 2788 a
1261 2724 1338 2788 de
1359 2723 1620 2788 homine
1649 2724 1929 2790 afflictae
1962 2726 2366 2805 valetudinis,
2390 2725 2539 2792 Non
2563 2731 2815 2792 tantum
2837 2749 2964 2792 non
3006 2727 3244 2792 fruitur
3266 2729 3381 2792 illa
3404 2727 3563 2791 vale-

658 2811 879 2876 tudine
911 2812 956 2876 St
980 2811 1242 2903 robore3
1275 2833 1401 2896 quo
1425 2813 1607 2893 solet,
1633 2813 1745 2878 sed
1769 2814 1966 2878 etiam
1989 2815 2213 2880 multis
2236 2814 2476 2880 morbis
2501 2816 2810 2880 obnoxius
2841 2820 2971 2880 est:
3022 2815 3271 2881 Notum
3305 2820 3399 2880 aet
3420 2813 3567 2898 apud
3661 2845 3664 2888 ς

659 2898 974 2964 Rhetores
1019 2918 1139 2960 κατ
1201 2897 1368 2974 ἄρσιν
1415 2902 1462 2966 8ο
1505 2899 1664 2960 κατὰ
1707 2900 1896 2965 θέσιν.
1951 2901 2055 2968 Sic
2078 2904 2147 2968 in
2178 2908 2439 2986 peccato
2463 2905 2869 2990 distinguunt
2892 2902 3275 2970 Scholastici
3299 2904 3563 2969 aversio·

659 3011 805 3052 nem
853 2991 890 3052 a
943 2989 1100 3067 Deo,
1148 2987 1194 3052 &
1217 2989 1690 3053 conversionem
1729 2990 1810 3054 ad
1833 2992 2283 3056 commutabile
2306 2991 2579 3056 bonum:
2606 2993 2785 3056 illam
2810 2997 3039 3058 vocant
3061 2993 3565 3058 inordinationem

661 3075 1065 3160 privativam,
1116 3075 1280 3140 hanc
1333 3077 1674 3161 positivam
1728 3078 1971 3164 (Scottis
1996 3082 2066 3144 in
2098 3082 2160 3146 2.
2192 3081 2335 3145 dist.
2372 3082 2478 3146 35.
2510 3081 2849 3165 cajetanus
2872 3083 2943 3146 in
2971 3082 3028 3146 1.
3065 3084 3124 3147 2.
3150 3104 3258 3169 qu.
3288 3083 3389 3147 71.
3412 3083 3457 3147 a
3476 3100 3565 3165 qu.

665 3166 769 3230 72.
816 3163 927 3228 ubi
967 3166 1040 3226 τὸ
1079 3164 1428 3249 positivum
1457 3167 1679 3230 eadem
1701 3167 1960 3232 notione
1990 3172 2351 3253 usurpatur.
2400 3168 2489 3234 Et
2526 3170 2942 3235 subtilissime
2966 3171 3247 3235 ostendit
3270 3169 3486 3238 Rhoda
3510 3168 3566 3230 in

661 3255 722 3318 2.
763 3255 1210 3319 controversiae
1244 3254 1348 3318 16.
1388 3255 1467 3317 ad
1491 3255 1804 3319 rationem
1838 3255 2174 3322 formalem
2198 3257 2442 3342 peccati
2465 3279 2593 3322 non
2622 3281 2807 3342 posse
2830 3259 3149 3343 pertinere
3180 3260 3509 3344 positivum
3530 3257 3569 3320 ἃ

661 3343 1088 3428 privationem
1110 3340 1302 3407 simul
1325 3365 1340 3418 ;
1371 3342 1416 3406 &
1440 3342 1494 3406 si
1519 3365 1682 3428 quae
1705 3344 1863 3408 mali
1886 3347 2148 3411 moralis
2175 3347 2409 3410 entitas
2434 3347 2709 3431 positiva
2732 3348 3105 3425 attenditur,
3138 3369 3281 3412 eam
3299 3369 3423 3413 non
3450 3365 3569 3410 esse

663 3435 1011 3515 peccatum,
1065 3431 1216 3515 quia
1264 3430 1326 3494 in
1355 3453 1421 3495 se
1448 3431 1531 3495 sit
1553 3432 1720 3496 bona
1745 3435 1792 3499 &
1817 3436 1855 3496 a
1877 3432 2015 3500 Deo
2040 3439 2305 3500 naturae
2332 3435 2599 3500 authore
2669 3435 2775 3500 Sic
2806 3437 3002 3502 etiam
3022 3437 3220 3521 vulgo
3244 3433 3574 3503 Scluolasuca‘

663 3541 811 3585 cum
868 3521 924 3585 T
916 3520 1106 3586 homa
1129 3541 1243 3585 suo
1277 3520 1331 3583 1.
1363 3520 1423 3583 2.
1449 3541 1556 3605 qu.
1585 3521 1692 3585 82.
1724 3533 1844 3587 art.
1880 3524 1935 3588 1.
1962 3526 2009 3590 &
2032 3545 2177 3587 cum
2206 3523 2285 3587 iis
2316 3524 2744 3592 Bellarminus
2774 3525 2877 3590 lib.
2908 3527 2966 3588 5.
2994 3525 3069 3591 de
3090 3527 3312 3591 amics.
3340 3535 3491 3612 qrat.
3516 3519 3571 3586 ἃ

663 3620 830 3675 stat-u
853 3610 1086 3693 peccati
1107 3629 1242 3691 cap.
1271 3609 1330 3672 5.
1365 3609 1713 3674 concedunt
1737 3611 1991 3693 quidem
2020 3635 2153 3676 esse
2186 3613 2481 3677 habitum
2506 3619 2875 3698 corruptum
2900 3614 3009 3698 qui
3041 3636 3169 3679 non
3216 3615 3421 3680 solum
3442 3633 3569 3678 con-

663 3697 827 3762 tinet
851 3698 1273 3781 privationem
1294 3697 1608 3781 justitiae‚
1640 3699 1752 3764 sed
1776 3699 1822 3766 Sc
1847 3701 2315 3783 perversionem
2348 3702 2632 3766 omnium
2656 3702 3123 3785 potentiarum:
3152 3704 3254 3767 vel
3288 3725 3425 3769 esse
3452 3702 3568 3766 lan·

666 3808 931 3872 guorem
955 3787 1002 3851 &1
1027 3785 1542 3870 depravationem
1567 3787 1765 3850 totius
1789 3792 2054 3853 naturae
2079 3812 2194 3874 per
2215 3791 2471 3855 modum
2497 3790 2757 3854 habitus
2782 3813 2849 3856 se
2873 3791 3241 3857 habentem.
3272 3790 3399 3856 Sed
3418 3789 3572 3854 nullo

667 3875 850 3938 modo
874 3875 1096 3939 volunt
1126 3897 1262 3939 esse
1288 3896 1398 3938 ens
1429 3874 1774 3958 positivum
1798 3877 2053 3961 proprie
2084 3879 2175 3943 sic
2199 3879 2454 3943 dictum.
2490 3877 2583 3944 Ut
2612 3877 2825 3944 videre
2849 3884 2947 3945 est
2963 3880 3129 3963 apud
3155 3881 3427 3946 eundem
3452 3878 3569 3944 Bel-

665 3964 923 4029 larmin.
971 3964 1073 4029 lib.
1123 3965 1217 4029 cit.
1267 3983 1402 4048 cap.
1436 3964 1496 4027 2.
1544 3962 1678 4028 fere
1711 3964 1891 4050 [pag.
1925 3967 2126 4052 1086]
2166 3966 2285 4031 sub
2325 3966 2535 4032 finem.
2585 3967 2817 4032 Confer
2840 3971 3089 4032 nostros
3112 3989 3261 4033 mox
3294 3967 3570 4033 citandos.
3620 3965 3627 3972 ’

667 4049 748 4115 V.
770 4051 914 4115 Dici
939 4053 1133 4116 etiam
1159 4054 1374 4136 posset
1397 4072 1504 4115 eos
1522 4052 1830 4135 quidquid
1856 4054 1957 4118 hic
1975 4055 2231 4137 positivi
2248 4060 2361 4120 aut
2374 4056 2683 4139 positivae
2701 4057 3033 4140 qualitatis
3049 4057 3418 4136 admittunt,
3432 4052 3572 4120 nihil

667 4139 841 4204 aliud
861 4140 1222 4226 intelligere
1247 4139 1521 4204 voluisse
1539 4145 1652 4203 aut
1675 4142 1979 4224 potuisse,
2009 4166 2201 4226 quam
2234 4145 2399 4226 quod
2424 4143 2660 4220 Ethici,
2688 4167 2831 4209 cum
2861 4145 3078 4209 dicunt
3108 4145 3270 4209 vitia
3290 4151 3567 4228 tanquam

670 4227 1014 4310 qualitates
1031 4229 1435 4293 inhaerentes
1451 4228 1795 4293 virtutibus
1813 4232 2195 4313 specialibus
2214 4255 2336 4296 non
2356 4232 2668 4316 privative
2686 4233 2793 4298 sed
2812 4239 3023 4299 contra
3032 4233 3123 4297 rie
3140 4235 3394 4318 opponi.
3416 4229 3569 4309 Quod

669 4316 980 4398 quomodo
1008 4316 1120 4379 fiat
1143 4316 1422 4399 explicat
1446 4314 1726 4382 Thomas
1753 4321 1811 4381 3.
1850 4341 1900 4382 c.
1932 4319 2167 4386 Gentes
2184 4344 2237 4385 c.
2282 4321 2343 4387 9.
2377 4322 2619 4388 Malum
2644 4343 2775 4386 mm
2798 4335 3110 4408 repitque!
3136 4321 3299 4387 bono
3320 4321 3569 4408 positar.
3648 4385 3659 4400 ,

667 4404 799 4470 nisi
843 4405 1084 4469 ratione
1111 4405 1381 4487 alicujus
1405 4403 1710 4470 bonitatis.
1763 4405 1994 4471 Confer
2026 4411 2295 4473 eundem
2318 4431 2423 4495 qu.
2454 4411 2511 4474 2.
2548 4411 2624 4476 de
2644 4413 2810 4476 malo
2834 4411 2989 4476 artic
3038 4413 3094 4476 l.
3124 4413 3185 4475 2.
3216 4413 3277 4477 3.
3312 4413 3370 4475 4.
3402 4409 3569 4563 {q}

3454 4547 3467 4564 .
3542 4517 3575 4560 e
