3694 4871
614 301 695 366 58
1210 300 2960 368 D1sp.111.D2JunnnrJns1-1T1AD21

619 489 811 553 tentia
862 488 981 554 Dei
998 500 1183 591 part:
1224 491 1277 554 l.
1316 491 1387 555 in
1416 492 1543 578 fine
1566 490 1611 556 δι
1636 503 1801 576 para
1832 492 1892 554 2.
1922 492 1992 556 in
2009 491 2346 576 principio,
2373 493 2420 556 δι
2451 490 2532 554 ab
2558 488 2886 553 autoribus
2910 488 3003 552 ibi
3027 487 3260 567 citatis,
3285 489 3538 554 minime

615 577 891 661 petimus
914 577 1333 678 principium3
1354 579 1463 643 sed
1488 579 1699 663 potius
1723 583 2050 665 neganteS,
2077 579 2132 643 si
2157 582 2449 664 pergant,
2476 578 2719 643 dicendi
2745 581 2956 642 essent
2978 599 3212 662 negare
3237 577 3538 662 principia

611 665 963 730 communis
996 665 1436 751 philosophiae
1462 670 1508 734 δι
1530 669 1916 755 theologiae,
1949 691 2110 752 quae
2136 667 2441 732 hactenus
2467 666 2806 750 utrinque
2787 689 2856 730 iu
2881 665 3168 731 confesso
3191 666 3394 731 fuere.
3431 665 3535 730 Ni·

610 753 703 817 hil
736 757 954 819 autem
984 755 1203 832 refert,
1251 757 1419 838 quod
1464 778 1589 821 non
1637 758 1979 822 secundum
2027 760 2314 821 nostrum
2317 755 2729 862 concipiendi
2755 755 3014 819 modum
3039 757 3084 821 δι
3113 755 3250 814 ’ezr'
3271 753 3536 814 ἀνάλυσιν

612 843 788 927 prius
820 843 1085 908 sub'inde
1131 844 1557 946 intelligimus
1602 847 1681 910 ad
1714 846 1935 910 extra
1918 869 1982 909 ιιι
2007 845 2333 909 termino
2314 869 2350 908 a
2375 867 2499 928 quo
2531 867 2640 908 seu
2676 845 2738 907 in
2765 844 3032 928 objectO,
3057 845 3534 926 repugnantiam

612 934 658 998 δι
682 932 1265 1010 contradictionem,
1296 933 1418 998 hoc
1452 935 1621 998 enim
1654 939 1803 999 est
1784 959 1822 998 a
1844 934 2181 1018 posteriori
2214 934 2517 1018 colligere
2543 936 2588 999 δι
2621 933 2857 1010 venari,
2883 932 3035 1015 quid
3065 932 3152 995 sit
3175 931 3536 1015 simpliciter

612 1020 938 1104 possibile,
972 1021 1124 1104 quid
1158 1045 1302 1086 non.
1351 1023 1472 1087 Est
1492 1028 1707 1087 tamen
1742 1023 2084 1088 secundum
2117 1023 2400 1087 ordinem
2429 1027 2694 1086 naturae
2727 1025 2765 1084 ἐι
2803 1020 2994 1105 priori
3023 1023 3067 1086 δι
3091 1019 3252 1080 iem-i
3275 1021 3536 1086 σύνθεσιν

612 1111 987 1174 accersenda
1007 1121 1095 1173 ‘ex
1126 1110 1264 1194 ipsa
1308 1110 1435 1175 Dei
1481 1115 1731 1189 natura,
1768 1116 2076 1194 tanquam
2103 1110 2308 1194 prima
2333 1134 2406 1174 ac
2437 1110 2694 1194 propria
2718 1110 2928 1174 radice
2951 1110 2998 1174 ἃ
3023 1109 3338 1192 principio
3365 1110 3536 1174 effee-

611 1197 745 1261 tivo
792 1203 863 1266 ut
916 1199 1387 1284 contingentiae
1425 1205 1537 1264 aut
1562 1200 1978 1278 necessitatiS,
2012 1199 2103 1264 sic
2127 1199 2321 1264 etiam
2348 1200 2554 1263 omnis
2578 1197 3024 1281 possibilitatis
3056 1197 3120 1261 in
3147 1198 3476 1268 creaturiS.
3497 1202 3533 1263 δ’,

613 1290 1089 1369 cousequenter,
1136 1286 1441 1360 indirecte
1488 1311 1601 1353 seu
1646 1313 1759 1373 per
1790 1289 2170 1372 oppositum,
2205 1288 2411 1353 omnis
2434 1287 2994 1371 impossibilitatis,
3031 1285 3348 1350 Absolute
3381 1286 3530 1350 enim

613 1377 658 1440 &
689 1374 753 1438 in
782 1397 1013 1459 genere
1040 1378 1216 1440 actus
1241 1381 1471 1442 natura
1494 1377 1666 1460 prior
1692 1381 1788 1442 est
1810 1376 2116 1460 potentia,
2145 1379 2190 1442 δι
2221 1376 2506 1460 potentia
2539 1376 2746 1441 activa
2770 1377 2939 1459 prior
2967 1379 3063 1438 est
3093 1375 3384 1458 potentia
3407 1398 3534 1459 pas-

612 1463 766 1537 siva,
794 1468 985 1546 atque
1010 1464 1167 1529 haec
1192 1488 1268 1528 ex
1295 1465 1409 1529 illa
1434 1466 1719 1532 resultat.
1745 1465 1854 1530 Sic
1879 1465 1999 1530 Dei
2023 1469 2253 1530 natura
2293 1467 2338 1530 δι
2362 1464 2666 1548 perfectio
2693 1467 2790 1528 est
2813 1464 2986 1547 prior
3016 1485 3395 1546 quocunque
3425 1465 3532 1527 alio

614 1555 795 1616 extra
819 1551 1049 1629 Deum,
1076 1553 1209 1618 sive
1234 1554 1523 1637 possibili
1549 1554 1681 1619 sive
1705 1554 1942 1632 sutum,
1969 1555 2019 1617 83
2044 1555 2521 1636 quibuscunque
2546 1575 2755 1616 rerum
2782 1553 2984 1616 modis
3009 1555 3055 1618 δι,
3081 1552 3530 1616 affectionibus.

616 1640 935 1707 Posterior
954 1643 1123 1725 falsa
1146 1642 1541 1726 hypothesiS,
1568 1666 1677 1708 seu
1709 1643 1944 1708 falsum
1967 1644 2202 1706 lemma
2227 1647 2342 1719 est,
2362 1641 2816 1725 perfectionem
2834 1640 2956 1705 Dei
2973 1640 3055 1704 ab
3075 1640 3267 1718 intra,
3287 1663 3426 1704 cum
3441 1663 3529 1704 re-

612 1733 833 1812 spectu
864 1730 944 1793 ad
991 1735 1171 1794 extra
1211 1732 1289 1795 ad
1314 1731 1555 1815 aliquid
1585 1732 1869 1796 futurum
1905 1736 2017 1795 aut
2061 1731 2383 1815 possibile,
2407 1753 2534 1795 non
2578 1753 2760 1813 posse
2785 1731 2866 1794 ad
2890 1729 3050 1793 illud
3074 1728 3322 1807 referri,
3347 1729 3524 1792 immo

610 1839 735 1882 non
784 1841 967 1902 posse
1012 1819 1387 1884 relationem
1438 1820 1614 1884 illam
1649 1820 1917 1888 rationis
1963 1843 2074 1884 seu
2106 1819 2681 1884 denominationem
2715 1818 3133 1883 extrinsecam
3184 1817 3526 1891 admittere,

612 1906 735 1970 nisi
761 1929 887 1970 una
911 1907 1260 1991 dependeat
1291 1907 1507 1974 abillo
1531 1910 1886 1974 extrinseco
1915 1913 2220 1991 tanquam
2254 1908 2446 1991 priori
2481 1907 2812 1991 principie,
2847 1911 2958 1970 aut
2987 1929 3198 1980 causa,
3227 1910 3342 1970 aut
3365 1929 3524 1970 men·

610 2017 759 2060 sura
790 1997 836 2062 &
861 1997 1083 2080 regula
1107 1996 1588 2064 determinante.
1616 1997 1796 2074 Quod
1820 1998 2200 2082 figmentum
2221 1996 2746 2062 absurdissimum
2779 2000 2896 2074 est,
2922 1997 2969 2060 a
3000 1995 3190 2079 plane
3225 1992 3522 2054 ἂνακὸλευ-

614 2087 748 2148 θον.
799 2083 1023 2148 Vitam
1076 2089 1402 2150 aeternam
1452 2089 1491 2150 a
1510 2085 1649 2150 Deo
1674 2087 2052 2170 promissam
2077 2085 2392 2168 accipiunt
2417 2084 2656 2169 singuli
2679 2084 2896 2148 fideles
2928 2087 3186 2168 propter
3197 2083 3520 2156 Christum

610 2175 657 2238 δι
706 2177 804 2237 est
849 2174 1211 2258 oppositum
1256 2174 1665 2258 hypothetice
1700 2176 1882 2260 [pag.
1911 2176 2070 2259 383]
2098 2172 2490 2258 impossibile
2522 2178 2594 2237 ut
2617 2174 2752 2251 fiat,
2779 2177 2892 2236 aut
2915 2177 2987 2236 ut
3008 2172 3183 2236 Deus
3208 2171 3368 2236 illud
3389 2171 3521 2234 velit

612 2283 685 2326 ac
730 2261 948 2326 faciat.
981 2261 1129 2326 Non
1156 2266 1373 2327 tamen
1398 2263 1707 2346 dependet
1730 2263 1906 2328 Deus
1930 2263 2011 2327 ab
2037 2263 2252 2346 aliquo
2279 2262 2647 2337 extrinsecO,
2681 2261 2875 2326 verbo
2899 2261 3142 2326 scilicet
3164 2261 3520 2344 promissio-

610 2350 731 2428 nis,
774 2355 885 2415 aut
908 2351 1167 2416 homine
1193 2351 1386 2430 fideli,
1420 2357 1533 2416 aut
1554 2353 1687 2416 vita
1712 2357 1974 2416 aeterna
1999 2351 2344 2435 promissa:
2395 2351 2506 2415 sed
2530 2353 2780 2414 tantum
2807 2353 2846 2414 Ξι
2871 2351 3076 2434 seipso
3101 2350 3224 2437 (ita
3247 2348 3518 2433 loquar).
3505 2369 3518 2383 ·

610 2440 717 2504 hic
748 2440 919 2505 enim
956 2444 1002 2506 &
1026 2462 1153 2505 non
1178 2441 1333 2505 alibi
1362 2445 1459 2505 est
1490 2442 1669 2506 radix
1702 2465 1775 2507 ac
1798 2442 2283 2506 fundamentum
2315 2438 2850 2541 impossibilitatis
2883 2440 3027 2505 lleb.
3064 2442 3123 2504 6.
3157 2440 3260 2503 18.
3287 2441 3346 2502 2.
3385 2440 3521 2504 Tim.

610 2530 649 2591 2
708 2529 805 2592 13.
836 2528 1015 2604 Quod
1038 2534 1369 2612 peccatum
1392 2530 1669 2595 hominis
1692 2553 1818 2595 non
1840 2530 2123 2614 potuerit
2145 2529 2387 2613 expiari
2411 2529 2548 2593 sine
2573 2528 3026 2607 satisfactione,
3051 2528 3362 2612 dependet
3383 2550 3420 2591 a
3431 2528 3519 2610 ju·

612 2616 791 2681 stitia
814 2616 935 2681 Dei
968 2617 1277 2701 punitiva,
1304 2640 1429 2681 ιιοιι
1462 2624 1701 2683 contra.
1721 2618 1902 2695 Quod
1925 2618 2286 2683 futurorum
2312 2617 2819 2702 contingentium
2837 2616 2922 2681 sit
2938 2618 3362 2681 determinata
3374 2615 3521 2681 veri-

606 2709 734 2783 tae,
756 2705 1110 2789 dependet
1090 2730 1129 2769 a
1152 2730 1189 2771 ι
1174 2707 1478 2771 oluntate
1502 2707 1547 2770 ἃ
1572 2708 1837 2773 scientia
1860 2707 1982 2772 Dei
2008 2730 2132 2771 non
2157 2710 2395 2771 contra.
2422 2706 2599 2781 Quod
2626 2706 2909 2789 potuerit
2939 2706 3214 2779 mundus
3239 2728 3316 2770 ex
3339 2703 3522 2769 nihilo

607 2793 888 2876 produci,
922 2795 1231 2877 dependet
1279 2820 1316 2859 a
1361 2796 1647 2879 potentia
1678 2797 1958 2861 creativa
1989 2795 2146 2860 Dei·
2133 2844 2146 2871 ‚
2197 2817 2322 2858 non
2346 2800 2583 2859 contra.
2613 2794 2793 2871 Quod
2817 2794 3008 2860 homo
3039 2795 3125 2859 sit
3149 2794 3374 2859 sublex
3403 2790 3522 2857 Deo

609 2885 654 2948 δι
686 2885 980 2947 teneatur
1002 2880 1139 2947 Deo
1171 2884 1425 2949 obedire
1448 2884 1755 2969 quidquid
1777 2885 1900 2969 ipsi
1929 2884 2340 2961 mandaverit,
2367 2906 2482 2947 nec
2498 2884 2700 2967 possit
2715 2906 2852 2947 esse
2893 2882 3282 2961 αϋτεξοὸσιος,
3311 2883 3524 2966 depen-

608 2971 768 3034 det
748 2994 785 3034 a
816 2993 1113 3054 suprema
1141 2976 1477 3055 potestate,
1511 2973 1557 3038 ἃ
1604 2973 1900 3039 absoluto
1947 2972 2070 3037 Dei
2113 2972 2442 3047 Dominio,
2468 2993 2592 3036 non
2619 2977 2840 3037 contra
2894 2970 3074 3047 Quod
3099 2976 3392 3035 creatura
3414 2992 3519 3035 non

608 3058 807 3141 possit
838 3082 965 3123 non
997 3061 1345 3161 dependere
1388 3086 1425 3125 a
1455 3061 1612 3141 Deo,
1646 3063 2010 3147 dependet
1990 3086 2027 3126 a
2073 3060 2194 3125 Dei
2240 3060 2565 3144 primitate
2614 3062 2658 3125 8ι
2691 3060 3122 3144 perfectione3
3147 3082 3274 3124 non
3301 3064 3520 3125 contra.

608 3146 868 3211 Veritas
922 3147 1377 3232 principiorum
1402 3150 1896 3215 theoreticorum
1921 3152 1968 3216 8⁵
1992 3150 2438 3234 practicorum.
2466 3172 2628 3231 quae
2653 3149 2898 3213 homini
2921 3149 3307 3213 naturaliter
3326 3148 3524 3221 insita,

607 3236 917 3338 dependet
965 3262 1002 3301 a
1025 3237 1163 3302 Deo
1186 3242 1492 3322 tanquam
1517 3240 1725 3323 prima
1749 3240 2064 3315 veritate;
2097 3261 2222 3303 non
2256 3242 2494 3303 contra.
2531 3238 2976 3303 Promissionis
3000 3237 3335 3321 impletio
3316 3261 3380 3302 ιιι
3405 3259 3524 3301 cre-

520 3325 529 3332 ’
606 3324 829 3402 aturiS,
878 3329 990 3389 aut
1028 3326 1195 3391 circa
1242 3350 1348 3391 eas
1395 3328 1705 3412 dependet
1744 3352 1783 3392 a
1825 3327 1948 3392 Dei
1972 3289 2314 3393 veiacitate
2341 3330 2386 3393 a
2409 3326 2794 3411 perfectione
2825 3326 2972 3391 lleb.
3007 3327 3068 3389 6.
3097 3327 3277 3393 Rom.
3306 3329 3387 3402 3.;
3415 3348 3524 3389 non

606 3418 845 3478 contra.
897 3412 1168 3479 Nullum
1218 3438 1327 3480 ens
1351 3420 1563 3500 potest
1587 3439 1723 3481 esse
1748 3416 2182 3501 metaphysice
2209 3438 2322 3480 seu
2346 3420 2574 3480 natura
2599 3438 2714 3480 sua
2738 3416 3009 3480 malum:
3043 3416 3224 3499 cujus
3244 3414 3523 3516 impossi-

607 3502 880 3567 bilitatis
911 3503 1119 3586 prima
1141 3504 1324 3568 radix
1347 3506 1710 3569 invenitur
1692 3528 1757 3569 ιιι
1782 3509 2014 3569 natura
2038 3504 2180 3581 Dei,
2207 3505 2253 3569 ἃ
2278 3504 2422 3569 inde
2447 3505 2792 3588 dependet3
2827 3526 2950 3567 non
2977 3508 3219 3568 contra.
3242 3503 3333 3567 Et
3356 3504 3444 3567 sic
3471 3502 3528 3565 in

606 3592 901 3656 omnibus
932 3592 1077 3656 aliis
1108 3593 1397 3676 potentia
1428 3592 1550 3657 Dei
1587 3615 1703 3677 per
1735 3594 1914 3677 prius
1952 3594 2228 3658 refertur
2251 3594 2329 3658 ad
2353 3592 2706 3676 possibilia,
2731 3595 2777 3658 ἃ
2801 3592 2960 3657 haec
2985 3592 3066 3656 ab
3091 3592 3206 3656 illa
3229 3592 3528 3656 resultant

606 3701 679 3743 ac
703 3680 1099 3780 dependent;
1138 3704 1263 3746 non
1289 3685 1550 3746 contra·
1607 3682 1897 3765 quamvis
1930 3682 2237 3746 relatione
2261 3704 2375 3746 seu
2405 3681 2780 3746 habitudine
2805 3680 3344 3745 transcendentali
3369 3680 3444 3744 ad
3465 3700 3526 3743 se

607 3766 876 3833 invicem
924 3769 1302 3834 referantur.
1354 3769 1615 3843 Habent
1639 3792 1793 3855 ergo
1818 3770 2197 3854 possibilia
2179 3793 2244 3833 ιιι
2272 3770 2582 3847 terminis,
2609 3769 2674 3833 in
2699 3770 2918 3834 ordine
2941 3770 3018 3833 ad
3045 3769 3256 3833 Deum
3281 3771 3526 3854 ejusque

606 3856 979 3939 potentiam,
1005 3858 1317 3923 rationem
1350 3859 1639 3923 correlati
1666 3859 1945 3933 termini,
1975 3861 2087 3923 aut
2108 3858 2357 3943 objecti,
2383 3880 2508 3922 non
2533 3880 2782 3935 causae,
2806 3862 2920 3921 aut
2943 3857 3262 3942 principii,
3295 3861 3406 3921 aut
3433 3878 3522 3919 re-

606 3945 838 4028 gulae3
888 3947 935 4011 ἃ
982 3946 1070 4009 sic
1103 3946 1407 4011 indirecte
1432 3969 1545 4010 seu
1590 3970 1702 4031 per
1726 3947 2088 4048 oppositum
2120 3948 2166 4012 δι
2194 3946 2492 4047 negative
2523 3946 2764 4011 habent
2787 3946 3212 4030 impossibilia
3237 3946 3282 4010 ἃ
3307 3964 3516 4028 repug-

604 4032 826 4096 nantia
858 4034 923 4097 in
954 4034 1245 4098 terminis
1292 4036 1603 4100 rationem
1653 4036 1837 4119 quasi
1885 4036 2177 4100 correlati
2211 4035 2344 4099 sive
2376 4035 2634 4099 termini
2667 4035 2798 4099 sive
2837 4034 3090 4118 objecti,
3115 4034 3421 4118 siquidem
3449 4030 3516 4094 ad

605 4120 957 4203 potentiam
1008 4121 1127 4187 Dei
1162 4129 1628 4207 comparentur.
1676 4122 1821 4189 Uno
1849 4124 2040 4188 verbo
2065 4123 2320 4188 suntab
2344 4123 2514 4186 intra
2539 4124 2584 4187 &
2619 4146 2693 4186 ex
2720 4127 2900 4208 parte
2925 4122 3178 4187 divinae
3199 4127 3453 4187 naturae
3473 4120 3512 4183 ἃ

494 4264 521 4282 .
604 4208 929 4291 potentiae
958 4210 1399 4293 impossibilia,
1428 4213 1535 4275 sed
1568 4213 1766 4276 relate
1816 4212 1896 4276 ad
1945 4216 2124 4276 extra
2156 4234 2267 4276 seu
2312 4210 2378 4275 in
2411 4211 2630 4276 ordine
2663 4213 2707 4276 81
2755 4233 2895 4275 cum
2943 4216 3237 4295 respectu
3259 4211 3338 4275 ad
3361 4206 3510 4273 aliud

606 4296 777 4379 quid,
810 4298 978 4379 quod
1006 4319 1131 4362 non
1166 4303 1263 4363 est
1284 4298 1477 4363 Deus·
1503 4299 1676 4365 Deus
1702 4301 1866 4365 alius
1891 4305 2143 4383 praeter
2165 4302 2212 4365 St
2235 4304 2416 4363 extra
2440 4322 2659 4364 verum
2685 4299 2892 4364 Deum
2925 4301 3022 4363 est
3051 4294 3507 4397 incompossibi-

606 4384 706 4463 lis,
732 4407 847 4449 nec
870 4390 1081 4471 potest
1106 4408 1241 4451 esse
1262 4410 1379 4452 nec
1400 4392 1611 4471 potest
1626 4388 1908 4473 produci.
1935 4388 2024 4452 Et
2046 4393 2260 4453 tamen
2292 4388 2468 4453 Deus
2491 4410 2618 4453 non
2643 4388 2927 4454 redditur
2950 4388 3330 4472 dependens,
3353 4386 3404 4449 si
3425 4382 3507 4446 di-

3319 4490 3506 4540 camus
