3694 4871
636 297 723 361 92
1100 291 3087 361 D1s2.1V.DnNncnss11-uznumm-run

634 487 711 551 de
750 487 901 550 Iure
940 485 1117 568 pacis
1165 481 1231 549 fl·
1274 483 1433 560 belli,
1488 483 1564 546 de
1616 482 1874 547 Veritate
1898 482 2068 566 reliq.
2109 480 2520 562 Christianae,
2547 485 2616 547 in
2639 486 2804 548 notis
2835 484 2926 547 ad
2949 484 3410 566 manantem,
3435 485 3476 548 s
3498 483 3548 545 in

632 573 1079 659 appendicibus
1134 572 1279 637 ibid.
1330 571 1637 636 nonnulla
1683 569 2044 654 protulerit,
2093 592 2258 652 quae
2293 575 2330 634 a
2363 569 2720 636 Socinianis
2745 571 3164 654 conceptibus
3187 576 3328 634 tam
3349 571 3546 654 procul

636 663 857 727 abesse
894 684 1021 726 non
1047 661 1363 737 videntur,
1390 683 1463 724 ac
1488 683 1601 724 nos
1628 659 1888 742 quidem
1910 658 2240 722 vellemnS.
2289 658 2415 724 Sed
2437 660 3072 744 praesumptionibus
3101 662 3150 726 a
3173 659 3542 743 probationi-

634 753 755 816 bus
808 749 1257 814 coacervandis
1311 771 1437 812 non
1471 752 1570 812 est
1600 747 1767 832 quod
1800 747 1972 810 ultra
1995 769 2110 810 nos
2135 746 2520 832 fatigemus:
2548 773 2694 813 cum
2718 750 2800 813 ab
2827 772 2903 814 eo
2927 753 3218 832 tempore
3243 748 3380 812 dies
3403 749 3542 812 diem

636 841 729 904 ita
776 838 1081 915 docuerit,
1108 840 1157 904 a
1178 841 1399 922 operta
1422 837 1515 900 ita
1538 841 1760 921 aperta
1782 837 1954 899 iacta
1981 835 2240 914 fuerint,
2265 840 2338 900 ut
2361 838 2658 902 omnibus
2689 837 3084 921 praejudicio
3111 859 3238 900 non
3269 859 3542 902 excoeca-

638 929 723 992 tis
758 927 947 991 facile
980 931 1269 991 constare
1291 926 1495 1010 possit
1517 925 1862 1008 primipilis
1884 923 2206 988 societatis
2227 927 2520 1005 πρὲφκσιν
2550 925 2748 990 fuisse
2781 926 3256 990 contentionem
3282 927 3360 990 de
3381 927 3540 990 abso·

638 1017 777 1080 luta
807 1015 1382 1099 praedestinatione
1401 1017 1499 1080 &a
1528 1015 1741 1088 αἵτὶκν,
1769 1018 1919 1077 verb
1949 1011 2370 1098 Theologiam
2395 1011 2818 1079 Socinianem.
2845 1015 3200 1097 Postquam
3225 1015 3394 1078 enim
3419 1037 3540 1097 spes

638 1104 890 1188 publice
914 1103 1311 1170 obtinendi&
1333 1125 1545 1167 rerum
1571 1095 1864 1178 potiundi
1889 1101 2078 1185 plane
2101 1100 2496 1175 decollasset,
2523 1103 2730 1168 latens
2753 1102 2970 1168 Socini
2995 1103 3168 1167 virus
3193 1105 3542 1188 confhssione

640 1195 685 1259 a
732 1193 1042 1276 apotome,
1097 1214 1237 1256 cum
1304 1192 1533 1257 Vedelio
1576 1185 1930 1268 RhapsodO,
1957 1191 2002 1255 a
2027 1211 2324 1274 responso
2345 1191 2434 1254 ad
2459 1193 2714 1276 Prosess
2759 1193 3043 1258 Leidens.
3068 1193 3164 1256 ita
3187 1193 3538 1260 effuderunt.

638 1285 713 1344 ut
758 1282 936 1346 nulla
988 1279 1356 1365 sophistica,
1404 1279 1599 1343 nullis
1644 1277 2141 1362 deceptiunculis
2197 1281 2244 1344 s
2267 1279 2919 1362 aequivocationibus,
2955 1281 3152 1344 nullis
3177 1280 3536 1345 diverticulis

639 1372 685 1436 s
711 1369 1277 1436 declamationibus
1308 1369 1429 1432 hoc
1452 1366 1763 1432 resorberi
1788 1367 2004 1450 possit.
2053 1367 2152 1431 De
2176 1367 2278 1430 his
2306 1390 2460 1452 ergo
2485 1369 3050 1434 Anti-Trinitariis
3077 1391 3350 1452 quorum
3373 1391 3538 1454 gene-

640 1459 919 1543 alogiam
966 1461 1013 1524 &
1058 1457 1392 1522 historiam
1448 1477 1655 1540 nuper
1700 1454 1763 1519 in
1784 1456 2306 1540 praelectionibus
2330 1457 2564 1522 nostris
2587 1458 2918 1542 synoptice
2943 1457 3350 1522 exhibuimus
3375 1463 3535 1542 (qnae

641 1547 837 1611 etiam
868 1549 1105 1631 magna
1138 1569 1213 1610 ex
1237 1549 1419 1629 parte
1444 1544 1759 1626 descripta
1783 1549 1992 1608 exstat
2016 1546 2185 1628 apud
2209 1545 2802 1630 Scblusselberyimn
2828 1548 2906 1610 (le
2927 1543 3324 1624 Haeresibus,
3351 1547 3532 1614 Posse

640 1637 863 1701 vinum
892 1637 959 1700 in
983 1635 1251 1701 biblioth.
1278 1634 1515 1715 selecta)
1537 1633 1888 1716 quaeritur,
1919 1633 2016 1697 An
2041 1634 2464 1698 ecclesiastice
2498 1638 2608 1698 aut
2635 1635 2892 1718 politice
2919 1635 3052 1699 sint
3077 1635 3406 1699 tolerandi.

732 1722 801 1793 2.
846 1725 949 1788 Ad
986 1724 1165 1808 prius
1196 1723 1587 1807 quaestionis
1613 1722 1968 1786 membrum
1993 1723 2465 1804 respondemuS,
2493 1722 2640 1787 Non
2664 1747 2803 1787 esse
2825 1725 2892 1787 in
2917 1725 3362 1788 communione
3383 1725 3534 1809 [pag.

643 1813 807 1900 490]
856 1812 1179 1877 Ecclesiae
1224 1817 1475 1876 nostrae
1524 1811 1906 1888 tolerandOS,
1931 1815 2044 1874 aut
2067 1810 2432 1874 libertatem
2457 1812 2884 1894 prophetandi
2907 1813 3076 1878 circa
3101 1814 3396 1897 dogmata
3417 1833 3534 1876 con·

641 1901 949 1967 troversia
974 1899 1129 1985 ipsis
1155 1901 1247 1964 ibi
1270 1899 1749 1976 concedendam,
1776 1904 1890 1963 aut
1904 1898 2376 1962 fraternitatem
2393 1923 2536 1963 cum
2551 1901 2634 1964 iis
2649 1900 3002 1965 colendam.
3029 1899 3335 1966 Rationes
3350 1922 3533 1964 omnes
3646 1915 3649 1964 ε

641 1990 767 2055 huc
798 1990 1063 2068 iaciunt,
1091 2011 1253 2072 quae
1277 2011 1469 2072 supra
1491 2011 1606 2073 pro
1630 1987 2008 2052 necessitate
2039 1988 2362 2052 doctrinae
2388 1988 2464 2052 de
2490 1986 2810 2053 Trinitate
2834 1990 3245 2073 protulimus.
3283 1989 3532 2054 Conferri

642 2078 838 2144 etiam
883 2082 1150 2164 possunt
1174 2077 1427 2162 quaein
1452 2099 1685 2162 genere
1719 2076 1994 2140 diximus
2019 2076 2094 2140 de
2119 2078 2414 2142 Articulis
2443 2075 2506 2143 ἃ·
2536 2078 2854 2143 erroribus
2875 2079 3384 2156 Fundamenta„
3413 2080 3452 2143 &-
3471 2077 3532 2139 de

640 2169 1081 2250 Syncretismo,
1121 2163 1168 2232 ἃ
1193 2168 1269 2232 de
1293 2165 1597 2231 Libertate
1618 2165 2056 2250 prophetandi.
2106 2163 2442 2230 Suffecerit
2465 2189 2633 2230 nunc
2656 2166 2812 2230 istas
2837 2168 3177 2250 speciatim
3199 2167 3346 2232 huic
3365 2186 3532 2250 nego·
3647 2155 3649 2206 3

640 2258 731 2322 tio
758 2258 1132 2340 applicasse.
1168 2254 1220 2319 I.
1247 2257 1515 2340 Aryum.
1542 2253 1707 2328 Quia
1728 2276 1855 2317 non
1887 2258 2276 2338 cognoscunt
2299 2277 2412 2318 nec
2437 2255 2654 2318 colunt
2685 2255 3021 2320 nobiscum
3045 2279 3246 2320 unum
3270 2255 3532 2321 eundem-

643 2368 767 2430 que
813 2368 1033 2410 verum
1079 2343 1289 2409 Deum
1311 2368 1327 2420 ς
1385 2343 1494 2426 qui
1520 2346 1617 2407 est
1641 2346 1842 2426 pater,
1871 2342 2062 2421 filius,
2095 2342 2360 2426 spiritus
2387 2366 2436 2407 S.
2463 2343 2574 2407 sed
2603 2343 2806 2407 colere
2831 2367 2900 2407 se
2923 2347 3346 2428 praetendunt
3367 2365 3532 2406 unum

642 2458 717 2500 ac
738 2434 1017 2519 primum
1040 2432 1270 2509 Deum,
1295 2437 1565 2517 patrem,
1592 2434 1637 2497 δι
1662 2432 1936 2497 alterum
1959 2429 2168 2495 Deum
2193 2432 2329 2517 (sed
2353 2431 2742 2511 inferiorem,
2768 2438 2966 2517 atque
2989 2433 3426 2499 accidentalem
3439 2454 3534 2495 seu

640 2524 911 2605 factum)
956 2522 1181 2586 filium.
1232 2521 1316 2585 ΙΙ.
1364 2522 1633 2607 Aryum.
1682 2521 1845 2597 Quia
1899 2520 2384 2584 fundamentum
2431 2521 2605 2585 aliud
2637 2528 2904 2605 ponunt,
2937 2545 3138 2605 quam
3167 2524 3428 2607 positum
3453 2524 3532 2583 est
3647 2530 3649 2605 ὲ

641 2616 863 2677 contra
892 2614 919 2673 1
957 2611 1233 2677 Corinth.
1263 2612 1323 2675 3.
1358 2610 1520 2675 Loco
1548 2610 1715 2673 enim
1742 2608 2004 2685 Christi,
2034 2608 2144 2691 qui
2177 2614 2276 2673 est
2300 2632 2572 2692 persona
2594 2610 2810 2674 divina
2834 2610 3084 2677 'habens
3111 2613 3269 2677 duas
3287 2615 3529 2685 naturas,

644 2700 838 2764 aliam
884 2700 1283 2764 substituunt
1328 2720 1684 2782 personam,
1730 2697 2081 2761 humanam
2107 2698 2240 2761 scil.
2266 2704 2500 2762 natura
2530 2722 2640 2763 seu
2669 2700 2947 2763 essentia
2970 2700 3258 2764 humana
3285 2704 3531 2764 tantum-

643 2790 829 2853 modo
850 2792 1267 2853 constantem.
1294 2786 1556 2871 Negant
1578 2787 1797 2871 itaque
1820 2786 2146 2851 Christum
2171 2787 2418 2851 venisse
2441 2788 2504 2850 in
2531 2809 2784 2851 carnem
2817 2788 2873 2852 l.
2889 2788 3034 2853 βοὴ.
3056 2789 3118 2852 4.
3139 2790 3314 2854 aliud
3328 2790 3533 2872 ponunt
3647 2796 3649 2849 i

642 2876 1150 2955 fundamentum,
1200 2878 1246 2942 δι
1291 2876 1560 2940 eundem
1608 2875 1936 2940 Christum
1985 2874 2313 2939 nobiscum
2337 2876 2599 2940 minime
2623 2876 2938 2941 invocant.
2991 2876 3302 2954 Quocirca
3321 2899 3434 2941 non
3453 2876 3530 2939 est
3647 2932 3649 2935 .

644 2964 930 3029 fraterna
982 2965 1338 3029 communio
1375 2986 1519 3029 cum
1544 2964 1623 3028 iis
1647 2964 1908 3028 colenda
1938 2965 1966 3025 1
2002 2964 2274 3029 Corinth.
2307 2966 2366 3027 1.
2396 2966 2456 3027 2.
2505 2963 2621 3028 ΙΙΙ.
2677 2966 2942 3047 Aryum.
2992 2965 3161 3041 Quia
3184 2989 3309 3030 non
3331 2964 3533 3029 habent

643 3054 972 3118 nobiscum
1018 3053 1186 3117 idem
1210 3052 1561 3117 Lavacrum
1584 3052 1914 3136 sanguinis
1940 3051 2200 3129 Christi,
2227 3074 2342 3115 nec
2366 3076 2479 3135 per
2503 3053 2662 3116 illud
2687 3076 2755 3116 se
2785 3062 3100 3138 purgatos
3124 3057 3172 3121 ἃ
3204 3052 3530 3119 sanctifica·
3647 3124 3649 3129 .

644 3147 745 3206 tos
770 3142 1065 3207 credunt:
1118 3140 1383 3227 Negant
1412 3142 1581 3206 enim
1608 3141 2108 3206 satisfactionem
2135 3141 2270 3224 ejus
2295 3140 2340 3205 St
2365 3142 2624 3215 ἱλασμὸν
2655 3162 2767 3225 pro
2793 3142 3094 3224 peccatis,
3151 3143 3312 3208 Cum
3333 3140 3532 3207 talibus
3647 3152 3649 3159 '

644 3230 861 3314 itaque
907 3229 1191 3295 fraterna
1237 3230 1595 3295 communio
1635 3252 1759 3293 non
1784 3234 1881 3293 est
1905 3229 2166 3293 colenda
2196 3231 2223 3291 1
2259 3229 2428 3295 Petr.
2462 3231 2518 3292 1.
2547 3231 2606 3292 2.
2657 3228 2773 3293 IV.
2830 3232 3098 3315 Aryum.
3150 3232 3316 3309 Quia
3335 3228 3532 3315 partim
3647 3262 3649 3267 ·

644 3320 1008 3384 convellunt
1037 3319 1273 3403 partim
1297 3318 1579 3403 graviter
1603 3319 1847 3395 luxant,
1874 3340 2096 3381 causas
2124 3317 2170 3382 δι
2193 3318 2402 3381 media
2425 3318 2868 3402 applicationis
2893 3320 3124 3385 salutis
3140 3343 3154 3396 ;
3173 3320 3242 3384 in
3259 3318 3532 3404 capitibus
3647 3322 3649 3325 ⁴

646 3408 779 3473 scil.
832 3408 909 3473 de
944 3406 986 3471 J
992 3407 1434 3484 ustificatione,
1460 3406 1940 3491 regeneratione
1968 3408 2013 3471 δι
2040 3406 2251 3490 gratia
2284 3404 2407 3471 Dei
2439 3410 2878 3471 convertente:
2913 3430 3059 3471 cum
3085 3408 3320 3492 quibus
3343 3408 3533 3473 cohae-

644 3500 787 3561 rent
830 3496 909 3561 de
952 3500 1213 3580 peccato
1259 3495 1580 3579 originali,
1628 3495 1675 3559 a
1702 3495 1902 3559 libero
1929 3495 2214 3571 arbitriO,
2243 3496 2318 3559 de
2352 3494 2633 3579 imagine
2654 3494 2800 3573 Dei,
2835 3496 2910 3559 de
2937 3496 3330 3579 perfectione
3353 3497 3412 3560 in
3439 3495 3533 3559 hac

644 3586 799 3663 vita,
832 3586 909 3649 de
942 3583 1399 3649 resurrectione
1430 3583 1657 3661 carnis,
1691 3583 1766 3647 de
1791 3582 2261 3666 dispensatione
2287 3584 2433 3647 novi
2457 3583 2748 3661 foederiS,
2775 3586 3212 3650 sacramentis.
3240 3585 3339 3651 Ne
3364 3585 3532 3669 ipsum

646 3673 901 3756 quidem
956 3672 1103 3737 fidei
1149 3672 1531 3757 principium
1578 3672 1844 3736 verbum
1889 3671 2023 3736 scil.
2065 3670 2186 3735 Dei
2211 3672 2522 3736 intactum
2549 3676 2785 3749 manet,
2811 3673 2962 3737 dum
2995 3675 3408 3740 autoritatem
3426 3669 3534 3757 ejus

646 3762 969 3841 arrodunt‚
995 3763 1040 3828 ἃ
1065 3761 1239 3825 aliud
1262 3760 1646 3845 principium
1670 3759 2010 3839 (rationem
2035 3760 2168 3824 scil.
2195 3760 2568 3843 humanam)
2588 3760 2646 3824 ei
2671 3760 3046 3845 adjungunt,
3073 3762 3130 3826 si
3155 3786 3284 3827 non
3307 3781 3535 3847 praepo-

646 3854 827 3914 nunt.
854 3848 1032 3915 Haec
1063 3854 1277 3914 autem
1303 3849 1635 3933 implicant
1664 3848 1902 3933 partim
1927 3870 2173 3933 graveS,
2201 3849 2434 3932 partim
2458 3848 2970 3914 fundamentales
2995 3873 3268 3917 errores.
3293 3850 3456 3929 Quod
3476 3868 3535 3912 ex

652 3940 855 4004 Galat.
910 3940 970 4003 5.
1020 3940 1079 4001 2.
1131 3940 1192 4003 3.
1244 3940 1304 4001 4.
1354 3939 1495 4002 coll.
1545 3960 1689 4002 cum
1712 3957 1846 4020 cap.
1878 3939 1936 4000 3.
1971 3938 2026 4001 1.
2056 3938 2116 4000 2.
2150 3939 2178 3999 1
2208 3938 2343 4002 Joh.
2377 3938 2434 4001 1.
2468 3938 2526 4001 8.
2565 3938 2598 4001 1
2632 3938 2911 4003 Corinth.
2939 3939 2999 4004 4.
3032 3940 3092 4003 7.
3119 3942 3168 4006 s
3198 3942 3300 4005 15.
3337 3940 3430 4004 13.
3453 3937 3533 4000 55.

649 4026 831 4091 Hebr.
890 4028 951 4089 6.
1014 4028 1070 4090 1.
1121 4028 1181 4091 2.
1208 4027 1536 4111 analogice
1562 4026 1781 4110 colligi
1802 4029 2034 4108 potest.
2067 4024 2150 4092 V.
2177 4026 2438 4111 Arqttm.
2467 4026 2630 4101 Quia
2661 4032 3036 4109 sequeretur
3060 4026 3182 4093 hoc
3205 4029 3532 4093 absurdum.

649 4136 793 4178 cum
816 4115 1109 4179 omnibus
1134 4115 1319 4180 sectis
1346 4116 1539 4179 etiam
1564 4113 2440 4189 Libertin0·Enthusiastici3,
2465 4113 2969 4179 David-Joristis
2985 4116 3120 4180 scil.
3139 4116 3214 4181 F.
3231 4114 3534 4185 anckistis;

649 4200 1245 4282 Zwenckseldianis,
1294 4201 1943 4277 Henric-Nicolaiti83
1994 4202 2039 4266 δι
2085 4203 2365 4286 antiquis
2389 4202 2888 4273 Valentinianis,
2912 4202 3335 4283 Marcionitis,
3359 4201 3532 4269 Mani-

649 4290 844 4369 cheis‚
886 4294 987 4357 810.
1020 4293 1504 4375 syncretismum
1525 4291 1893 4355 ineundum.
1941 4290 2126 4355 Nihil
2153 4292 2412 4371 habent,
2438 4292 2607 4375 quod
2629 4292 2950 4375 excipiant
2974 4294 3324 4359 adversarii
3347 4312 3530 4358 secun·

648 4380 801 4447 dum
846 4402 994 4447 suas
1021 4378 1428 4465 hypotheses.
1474 4378 1621 4444 Nisi
1644 4380 1917 4463 probent
1940 4379 2086 4444 illos
2115 4382 2170 4443 1.
2198 4401 2324 4444 non
2345 4381 2640 4446 invocare
2664 4379 3012 4461 Christum,
3045 4388 3162 4447 aut
3193 4384 3413 4449 saltem
3433 4399 3529 4443 non

3291 4464 3532 4555 profiteri
