3694 4871
666 354 793 419 196
864 354 1085 420 D1sr.
1133 352 1283 420 VII.
1329 353 2004 419 Pnonnnnirux
2049 376 2147 419 nu
2192 351 2548 418 Maximo
2593 352 2978 419 Ouarsa-1
3025 350 3238 419 Pius
3285 350 3410 418 III.

659 544 807 607 actu
850 541 1113 607 reflexio
1157 541 1308 605 fidei
1336 540 1631 626 specialis
1664 542 2047 626 applicantis
2084 564 2269 627 posse
2293 544 2406 606 aut
2433 540 2662 605 debere
2695 538 3088 619 concludere,
3115 536 3460 605 Christum
3493 560 3606 623 pro

658 652 725 695 se
750 634 1093 710 mortuum,
1120 633 1233 694 aut
1254 652 1323 694 se
1346 629 1486 694 Deo
1512 630 2008 709 reconciliatum,
2049 635 2163 695 aut
2177 630 2600 713 justificatum
2626 650 2782 693 ωδε.
2833 626 2919 692 Et
2963 628 3088 692 hac
3117 626 3376 693 ratione
3409 648 3606 711 expe-

658 718 869 783 dimus
913 740 1029 783 nos
1078 721 1117 782 a
1138 717 1529 801 sophismate
1553 718 1952 799 Belem-mini,
1989 721 2037 786 &
2061 718 2642 786 liemon-strandum
2671 718 2744 781 in
2766 716 3088 801 Apoloyia,
3121 738 3252 800 quo
3277 716 3604 801 objectum

657 807 807 872 fidei
835 806 1128 891 specialis
1160 806 1353 892 (quod
1396 806 1558 871 mihi
1602 812 1715 872 aut
1742 808 1866 871 tibi
1897 807 2032 872 scil.
2066 811 2217 873 sunt
2237 807 2506 871 remissa
2529 806 2816 891 peccata)
2847 805 3110 890 ejusque
3141 804 3602 869 certitudinem

657 895 1027 976 subvertere
1080 898 1411 961 conantur.
1458 896 1770 961 Minorem
1794 899 1966 961 recte
1990 900 2311 981 negatam,
2335 918 2416 960 ne
2447 894 2710 979 quidem
2733 894 2997 959 verbulo
3021 893 3301 977 probare
3331 896 3604 959 conatur

656 981 1025 1062 Testardus,
1080 984 1314 1049 nedum
1342 987 1418 1049 ut
1462 984 1954 1068 explicationem
1999 1007 2073 1050 ac
2095 984 2538 1069 probationem
2563 986 2602 1047 a
2625 980 3016 1067 Spanhemio
3041 982 3336 1046 additam
3365 980 3598 1047 infrin-

656 1076 858 1156 geret,
906 1073 1018 1137 sed
1055 1094 1283 1137 causae
1329 1074 1548 1157 aperte
1580 1073 1866 1138 desertae
1896 1073 2000 1138 his
2024 1072 2237 1138 verbis
2268 1072 2665 1137 solummodo
2689 1070 3022 1135 valedicit:
3059 1070 3247 1153 Quod
3275 1070 3602 1155 Evangelii

654 1159 876 1241 verbis,
908 1159 971 1227 ἃ·
996 1160 1178 1247 [pag.
1214 1160 1379 1247 258]
1404 1163 1790 1227 oeconomiae
1811 1163 2156 1229 secundum
2185 1182 2383 1247 quam
2405 1161 2584 1228 Deus
2615 1161 2784 1225 iram
2815 1180 3000 1225 suam
3027 1159 3374 1225 denuntiat
3395 1159 3596 1224 incre-

651 1250 842 1330 dulis,
876 1250 1159 1337 quadret,
1170 1250 1454 1333 judicem
1475 1249 1606 1315 alii.
1654 1248 1810 1314 Tria
1856 1271 2008 1335 ergo
2031 1250 2218 1315 nobis
2242 1249 2431 1314 debet
2457 1248 2825 1328 Testardus‚
2856 1248 2918 1327 1,
2941 1251 3015 1312 ut
3038 1247 3121 1313 ad
3145 1247 3430 1313 formam
3455 1248 3586 1331 syl-

643 1338 1007 1424 logisticam
1038 1337 1362 1403 Achillem
1408 1358 1595 1403 suum
1640 1339 1927 1423 redigat:
1961 1339 2130 1422 quod
2166 1339 2356 1403 aliter
2379 1337 2518 1401 fieri
2549 1359 2678 1402 non
2708 1340 2941 1420 potest,
2969 1357 3167 1420 quam
3199 1336 3297 1402 sic
3322 1358 3470 1401 eum
3495 1336 3591 1399 iu-

643 1428 977 1493 struend0:
2413 1448 2434 1469 ·

738 1514 1051 1599 Quicquid
1077 1537 1297 1580 omnes
1322 1516 1369 1582 &
1392 1514 1635 1601 singuli
1660 1519 1962 1580 tenentur
1983 1519 2095 1580 aut
2111 1519 2381 1601 possunt
2401 1514 2610 1579 teneri
2639 1514 2917 1593 credere,
2950 1514 3070 1577 sub
3095 1536 3309 1597 poena
3333 1514 3436 1581 &a
3463 1538 3482 1591 ς
3527 1513 3589 1577 id

643 1625 864 1669 verum
887 1608 1023 1669 est:
3033 1611 3040 1617 '

730 1691 856 1757 Sed
887 1691 1215 1758 Christum
1260 1714 1377 1777 pro
1422 1692 1718 1758 omnibus
1752 1692 1799 1757 a
1823 1692 2098 1778 siugulis
2130 1714 2267 1758 esse
2291 1695 2633 1771 mortuum,
2669 1712 2889 1757 omnes
2921 1692 2969 1757 81
2992 1690 3243 1776 singuli
3265 1695 3584 1770 tenentur,

643 1783 757 1846 aut
778 1786 1047 1865 possunt
1070 1779 1277 1846 teneri
1303 1781 1556 1846 credere
1579 1782 1697 1845 sub
1723 1791 1940 1865 poena·
1951 1780 2418 1846 incredulitatis
2447 1782 2518 1846 in
2543 1779 2904 1865 Euangelio
2927 1779 3338 1845 denuntiata.

732 1868 907 1955 Ergo
933 1868 1261 1935 Christum
1284 1891 1399 1954 pro
1430 1869 1725 1935 omnibus
1752 1871 1797 1935 δι
1820 1868 2094 1954 singulis
2122 1892 2260 1935 esse
2284 1872 2629 1948 mortuum,
2661 1890 2884 1934 verum
2917 1872 3045 1933 est:

728 1958 773 2023 J
774 1980 879 2023 am
903 1958 1167 2023 demum
1190 1958 1259 2021 in
1282 1959 1493 2043 figura
1515 1959 1563 2024 Sc
1584 1958 1791 2036 modo,
1824 1957 2030 2023 tribus
2055 1958 2347 2023 terminis
2393 1957 2734 2022 modaliter
2757 1956 3179 2027 concluditur.
3225 1956 3448 2023 Minus
3477 1978 3584 2021 ex-

640 2052 919 2112 tremum
944 2051 1072 2112 est:
1114 2046 1431 2112 Christum
1450 2065 1573 2130 pro
1598 2046 1890 2113 omnibus
1917 2044 1981 2111 ἃ·
2001 2047 2271 2131 sinyulis
2294 2067 2422 2112 esse
2443 2058 2792 2112 mortuum.
2827 2042 3040 2129 Majus
3065 2049 3434 2111 extremum
3455 2049 3579 2111 est:

656 2137 881 2201 Verum
928 2147 1047 2201 est.-
1070 2133 1323 2199 Medius
1344 2133 1655 2199 terminus
1680 2138 1809 2199 est:
1842 2134 2009 2217 Quia
2031 2156 2246 2201 omnes
2276 2134 2340 2200 ἃ·
2361 2136 2600 2221 singuli
2639 2144 2928 2200 tenentur
2955 2145 3070 2199 aul
3091 2148 3374 2217 possunt
3397 2134 3582 2200 teneri

646 2223 758 2291 aa.
804 2224 918 2290 hoc
960 2224 1223 2291 credere.
1246 2221 1388 2288 Hoc
1412 2222 1467 2287 si
1489 2222 1905 2307 praestiterit,
1938 2222 2036 2287 uti
2059 2226 2386 2307 praestare
2409 2224 2617 2301 debet,
2643 2224 2786 2307 quis
2818 2242 2947 2286 non
2969 2222 3148 2286 videt
3173 2245 3320 2291 esse
3345 2244 3578 2309 negan-

640 2313 788 2378 dam
835 2314 1180 2377 minorem:
1230 2310 1385 2396 quin
1423 2311 1620 2375 immo
1642 2311 1750 2375 vix
1774 2310 1952 2376 aliud
1973 2334 2111 2376 esse
2141 2312 2262 2377 hoc
2293 2315 2766 2397 argumentum,
2799 2332 2994 2394 quam
3017 2332 3451 2396 coccysmum,
3475 2314 3582 2376 aut

638 2400 1083 2488 battologiam,
1131 2398 1424 2466 Christus
1462 2419 1578 2484 pro
1624 2399 1919 2464 omnibus
1952 2401 1998 2466 &
2050 2400 2322 2486 singulis
2371 2404 2469 2466 est
2513 2404 2841 2478 mortuus3
2877 2399 3030 2485 quia
3062 2421 3294 2466 verum
3321 2406 3422 2466 est
3442 2421 3580 2466 eum

640 2512 776 2556 esse
822 2490 913 2555 sic
956 2493 1315 2554 mortuum:
1357 2490 1405 2555 8z
1436 2509 1711 2568 rursum,
1737 2510 1957 2553 verum
1983 2493 2100 2566 est,
2125 2511 2270 2554 eum
2297 2511 2434 2554 esse
2457 2490 2550 2554 sic
2573 2493 2930 2566 mortuum3
2957 2489 3113 2573 quia
3137 2489 3442 2556 homines
3467 2490 3582 2554 hoc

638 2581 938 2643 tenentur
960 2578 1243 2643 credere:
1276 2576 1571 2661 Denique
1601 2598 1822 2640 verum
1853 2581 1951 2642 est
1975 2599 2080 2642 eos
2112 2578 2315 2641 teneri
2342 2579 2417 2642 ad
2446 2578 2848 2656 credendum,
2891 2577 3046 2662 quia
3076 2578 3203 2643 hoc
3225 2578 3580 2666 Euangelio

638 2667 936 2732 traditur.
982 2665 1108 2732 Hic
1154 2665 1468 2730 terminus
1508 2668 1664 2730 esto.
1712 2663 1856 2729 Hoc
1899 2666 2111 2750 ipsum
2157 2669 2256 2730 est
2277 2666 2624 2742 κρινόμενον.
2665 2664 2795 2731 Ubi
2819 2666 2939 2730 hoc
2963 2665 3251 2732 traditur
3274 2667 3573 2754 Euange-

640 2754 727 2818 lio
746 2759 777 2820 Ρ
802 2757 864 2821 2.
895 2753 1079 2834 Quod
1102 2754 1286 2819 nobis
1309 2753 1497 2818 debet
1520 2757 1637 2830 est,
1664 2769 1737 2817 ut
1758 2753 2073 2818 minoram
2098 2752 2373 2818 Achillis
2396 2754 2529 2819 sive
2555 2754 3008 2839 paralogistice
3029 2754 3168 2820 sive
3187 2756 3579 2843 syllogistice
3673 2831 3676 2834 Α

639 2843 705 2905 in
730 2842 937 2907 forma
960 2842 1271 2927 propositi
1296 2842 1539 2925 probet.
1590 2839 1965 2906 Affirmanti
1994 2843 2170 2907 enim
2194 2844 2240 2908 &
2263 2843 2661 2927 oppugnanti
2697 2842 3013 2908 incumbit
3035 2843 3386 2926 probatio:
3413 2845 3576 2929 atqui

640 2930 820 2995 nulla
870 2931 972 2995 vel
1025 2930 1255 2995 umbra
1298 2928 1694 3014 probationis
1738 2928 1845 2994 hic
1890 2935 2238 3015 comparet:
2285 2932 2348 2996 3.
2377 2931 2561 3013 Quod
2584 2931 2768 2995 nobis
2793 2931 2984 2995 debet
3005 2929 3374 3000 Testardus
3399 2955 3576 3018 supra
3672 2991 3676 3010 ἔ

642 3017 1163 3083 Remonstrantes
1210 3018 1495 3100 aliosque
1538 3017 1957 3082 heterodoxos
1995 3018 2116 3083 hoc
2140 3016 2396 3082 Achille
2418 3023 2801 3104 pugnantes,
2835 3023 2935 3084 est
2956 3020 3264 3104 probatio
3291 3023 3574 3107 majoris:
3672 3035 3676 3054 ²

641 3127 855 3189 quam,
901 3110 975 3170 ut
1012 3105 1093 3170 ab
1124 3107 1265 3190 ipso
1289 3105 1676 3188 interpolata
1698 3108 1815 3184 est,
1840 3106 2076 3171 directe
2107 3109 2154 3173 &
2177 3107 2565 3172 confidenter
2588 3128 2920 3192 negamus,
2945 3108 3203 3173 ratione
3229 3112 3390 3176 novi
3413 3131 3576 3176 assu-

638 3195 840 3258 menti
891 3193 1088 3259 illius.
1134 3193 1315 3269 Quod
1363 3214 1581 3258 omnes
1628 3192 1727 3257 illi
1771 3194 2005 3277 quibus
2035 3217 2162 3259 non
2193 3193 2318 3258 fuit
2341 3195 2696 3260 revelatum
2720 3199 2834 3260 aut
2863 3197 3104 3280 quibus
3127 3219 3472 3282 nunquam
3495 3203 3577 3264 est
3672 3193 3676 3262 ¹

640 3281 1069 3361 revelandum,
1118 3284 1386 3366 possunt
1430 3281 1636 3345 teneri
1660 3282 1912 3346 credere
1937 3282 2278 3368 (siquidem
2300 3282 2461 3366 ipsis
2493 3286 2532 3347 ὲ
2555 3282 2693 3348 Deo
2717 3285 3139 3368 revelaretur)
3175 3286 3352 3352 illud
3373 3307 3578 3354 verum
3672 3293 3676 3364 ξ

642 3373 757 3433 est.
804 3368 991 3433 Nihil
1036 3368 1371 3434 absurdius
1416 3368 1541 3432 dici
1594 3372 1829 3450 potest.
1875 3367 2203 3435 Sexcentis
2247 3369 2574 3436 instantiis
2607 3373 2656 3437 ἃ
2679 3371 3166 3456 exceptionibus
3207 3375 3450 3441 infelix
3469 3377 3575 3440 hoo

642 3461 1068 3522 commentum
1090 3456 1279 3522 facile
1308 3455 1709 3541 profligatur.
1757 3455 1972 3521 Unam
2009 3459 2405 3523 solummodo
2451 3463 2646 3543 atque
2669 3460 2944 3524 alteram
2977 3461 3205 3542 affere,
3231 3469 3314 3529 ut
3337 3466 3578 3529 videant

642 3544 1059 3609 absurdorum
1082 3543 1505 3628 labyrinthos.
1554 3541 1636 3607 Se
1662 3565 1798 3608 esse
1824 3545 2078 3621 electos,
2107 3549 2152 3612 &
2175 3545 2502 3611 Christum
2533 3547 2658 3612 sibi
2682 3549 3108 3631 promeritum
3139 3573 3286 3616 esse
3311 3553 3577 3638 gratiam
3670 3543 3676 3636 ξ

640 3633 1141 3717 regenerationis
1194 3631 1242 3696 &
1288 3630 1457 3710 fidei,
1504 3634 1698 3714 atque
1743 3633 1900 3697 adeo
1931 3655 1998 3698 se
2036 3634 2176 3698 Deo
2205 3635 2666 3715 reconciliatos,
2699 3658 2767 3700 se
2789 3637 3132 3701 salvandos
3165 3641 3274 3706 Sco.
3301 3663 3524 3708 omnes
3541 3639 3578 3704 ἃ
3672 3643 3676 3720 ξ

640 3719 3579 3896 {³35¹}ss120322332.2.3³²3³.33¹¹2¹333b2².1253‘33253zsssszsszffisssffiiessuffiuz}{3¹³13⁸⁰1¹·

636 3893 806 3958 thesi
840 3894 1073 3959 decreti
1118 3892 1319 3958 divini
1364 3893 1521 3977 ipsis
1545 3895 2034 3976 praedicandum
2059 3920 2188 3962 non
2217 3898 2321 3978 sit,
2348 3920 2465 3964 uec
2486 3900 2841 3984 praedicari
2863 3863 3072 3984 pbssit
3085 3903 3132 3984 ε)
3159 3903 3349 3990 Ergo
3371 3840 3578 3972 vem

638 3985 738 4045 est
760 4002 979 4046 omnes
1014 3983 1060 4048 81
1084 3980 1369 4065 singulos
1393 3980 1684 4045 homines
1711 4004 1847 4048 esse
1871 3984 2127 4064 electos,
2165 3985 2322 4068 ipsis
2348 3989 2386 4050 a
2410 3986 2667 4052 Christo
2699 3988 3116 4072 impetratam
3149 3996 3574 4078 regeneratio-

636 4069 738 4132 nis
784 4069 1083 4152 gratiam,
1129 4069 1299 4152 ipsos
1346 4090 1482 4133 esse
1529 4068 1668 4133 Deo
1696 4072 2134 4137 reconciliatos
2165 4073 2267 4138 &a
2314 4073 2542 4139 Altera
2564 4074 2725 4140 haec
2747 4083 2864 4141 est.
2915 4076 3101 4152 Quod
3124 4101 3359 4147 omnes
3385 4084 3436 4148 ἃ
3457 4083 3577 4148 sin-
3672 4103 3676 4126 ¹

638 4155 781 4239 guli
824 4161 1090 4237 possunt
1136 4155 1341 4219 teneri
1386 4157 1657 4232 credere,
1682 4157 1866 4243 [pag.
1893 4160 2055 4245 259]
2083 4160 2395 4244 siquidem
2418 4161 2594 4228 Deus
2618 4163 2778 4247 ipsis
2803 4166 3145 4247 revelaret,
3175 4169 3348 4235 illud
3371 4193 3576 4238 verum

638 4245 770 4306 est:
798 4239 923 4340 Sed
952 4263 1171 4305 omnes
1193 4245 1238 4308 8⁵
1263 4243 1502 4326 singuli
1526 4249 1793 4326 possunt
1810 4248 2012 4311 teneri
2041 4248 2315 4328 credere,
2337 4250 2681 4333 (siquidem
2712 4251 2892 4318 Deus
2913 4253 3036 4320 hoc
3059 4254 3227 4339 ipsis
3252 4261 3576 4338 revelaret.

637 4329 830 4392 sicuti
859 4326 1229 4392 Abrahamo
1279 4330 1493 4395 Gema.
1534 4331 1668 4413 22.)
1717 4335 1757 4395 a
1800 4355 1870 4396 se
1915 4334 2204 4418 legitime
2227 4359 2411 4420 posse
2435 4361 2510 4404 ac
2533 4339 2765 4405 debere
2787 4341 2991 4408 occidi
3013 4343 3401 4413 innocentes
3423 4348 3577 4414 filios

638 4437 786 4480 suos
818 4418 944 4500 (est
988 4415 1157 4479 enim
1203 4414 1331 4479 tale
1363 4418 1734 4483 mandatnm
1764 4441 1882 4484 sua
1904 4427 2135 4488 natura
2158 4425 2454 4490 omnibus
2478 4429 2826 4495 revelabile
2845 4421 3099 4516 :)'E'rgo
3123 4455 3360 4501 verum
3383 4441 3477 4502 est
3499 4437 3576 4500 ab

3293 4525 3578 4592 omnibus
