3694 4871
607 272 735 340 102
1071 270 1311 334 D1sr.
1359 267 1648 334 1V.Dn
1695 238 2335 333 Nncnsst‘rArn
2382 289 2475 331 ιτ
2520 264 3033 331 Πτιωτᾼτε

604 463 710 523 tus
755 456 997 540 templa
1042 454 1463 519 Atrianorum
1489 454 1698 520 claudi
1721 454 1935 537 jussit.
1984 452 2208 519 Theol.
2236 453 2387 518 hist.
2413 451 2459 518 l.
2488 452 2547 517 5.
2576 476 2627 518 c.
2662 451 2763 516 16.
2816 452 2971 519 Post
3004 450 3333 518 Theodosii
3364 452 3538 516 illine

607 546 900 622 reditum,
945 542 1418 628 Amphilochius
1467 544 1568 607 ille
1611 543 2029 617 admirabilis,
2084 544 2265 627 cujus
2320 542 2574 627 saepius
2610 544 2653 605 ὰ
2702 562 2804 605 me
2812 542 2956 626 Jam
2987 548 3155 625 sacta
3182 551 3269 606 est
3290 540 3541 617 metatio,
3660 530 3662 599 j

606 634 849 702 accessit
873 644 1175 698 oraturus
1201 630 1672 719 Imperatorem,
1705 633 1801 698 uti
1846 654 1923 699 ea·
1945 631 2205 697 urbibus
2228 631 2625 697 Arianorum
2654 641 2991 695 conventus
3014 630 3269 713 eJiceret.
3318 630 3395 693 At
3420 628 3539 693 im·

602 734 859 811 perator
877 722 1356 807 postulationem
1381 722 1558 787 illam
1581 720 1778 787 nimis
1797 743 2074 788 severam
2102 720 2165 787 ἃ·
2185 720 2611 786 inhumanam
2632 719 2973 785 arbitratus
2992 719 3209 803 rejicit.
3256 718 3522 803 Sapiew

607 814 892 880 tissimus
936 810 1136 895 i9itur
1180 808 1658 895 Amphilochius
1685 831 1754 876 re
1781 812 1869 877 ad
1893 823 2135 895 tempus
2170 811 2375 889 tacita,
2397 808 2594 875 aliam
2618 808 2927 874 rationem
2949 808 3035 873 ad
3060 808 3149 887 id,
3180 804 3356 892 quod
3376 806 3529 871 vole·

609 902 729 974 bat.
775 899 1203 976 obtinendum,
1249 918 1511 984 eamque
1542 901 1735 982 plane
1785 899 2250 965 memorabilem
2289 898 2665 983 emcoyitwit.
2714 898 2881 964 Nam
2924 916 3072 961 eum
3114 896 3241 962 alio
3264 906 3533 980 tempore

611 992 770 1077 sorte
813 988 986 1054 intra
1031 987 1350 1072 palatium
1401 999 1573 1066 esset,
1600 988 1950 1075 videretque
1978 1000 2287 1054 astantem
2314 987 2690 1071 Imperatori
2710 987 2919 1073 filium
2944 1006 3141 1087 suum
3165 983 3531 1055 Arcadium.

613 1077 1724 1253 {iiussffiae'ssfflfflfflffl
1713 1072 3537 1249 ²:32²‘12m?d{sst“azzzzlssi⁰t·ttzt’tttt.⁷mzss

614 1255 888 1323 lochium
930 1254 1192 1320 oblitum
1235 1253 1448 1340 officii,
1473 1254 1649 1338 jubet
1693 1254 1781 1320 ad
1801 1255 2003 1342 filium
2031 1254 2325 1333 accedere,
2350 1274 2615 1339 eumque
2635 1253 2927 1319 osculari.
2968 1251 3047 1317 At
3078 1250 3539 1337 Amphilochius

612 1343 955 1429 respondit,
1003 1342 1170 1409 Satis
1218 1362 1362 1421 esse,
1401 1342 1572 1429 quod
1622 1344 1677 1408 ei
1705 1344 2007 1409 honorem
2053 1342 2375 1409 habuerat.
2425 1342 2643 1428 Itaque
2688 1341 3063 1409 Theodosius
3092 1362 3228 1405 rem
3249 1340 3460 1405 acerbe
3484 1334 3543 1405 ἃ·

613 1433 888 1520 qraviter
930 1434 1155 1517 ferens,
1183 1430 1494 1515 probrum
1527 1433 1658 1519 filio
1687 1432 1991 1516 objectum
2016 1431 2200 1517 [pag.
2228 1432 2389 1517 503]
2422 1430 2718 1515 injuriae,
2743 1432 2870 1496 loco
2895 1428 3015 1495 sibi
3037 1430 3162 1515 ipsi
3184 1427 3393 1496 illatae
3420 1448 3539 1493 nu-

619 1519 897 1588 meravit.
956 1522 1116 1587 Tum
1171 1520 1676 1605 sapientissimus
1721 1520 2197 1606 Amphilochius
2243 1520 2571 1585 declarans
2603 1519 3000 1603 Imperatori,
3016 1518 3189 1603 quod
3208 1518 3427 1583 animo
3449 1516 3542 1581 in-

621 1610 927 1689 stituebat,
975 1618 1259 1674 contenta
1287 1628 1427 1673 voce
1441 1632 1464 1684 ;
1504 1606 1699 1685 Vides,
1724 1610 1959 1696 inquit;
1984 1632 2020 1675 o
2047 1608 2415 1693 Imperator,
2440 1609 2637 1695 qud-m
2659 1610 2841 1693 ae9re
2870 1607 3293 1693 iqnominiam
3312 1605 3435 1693 filii
3456 1606 3543 1670 tui

619 1698 863 1785 patiare
882 1720 903 1762 .·
949 1696 1144 1763 immo
1191 1717 1333 1762 vero
1379 1698 1525 1774 illis,
1573 1698 1778 1783 quiin
1806 1720 1953 1764 eum
1976 1698 2309 1776 insultant,
2334 1697 2719 1763 vehementer
2737 1716 3071 1761 succenses.
3102 1696 3333 1762 Credas
3356 1694 3544 1781 ἐρίων

622 1785 784 1853 mihi
825 1785 1030 1866 velim,
1077 1784 1274 1871 hujus
1319 1786 1750 1852 universitatis
1795 1798 2091 1853 rectorem
2135 1787 2368 1867 Deum,
2412 1806 2515 1852 eos
2536 1786 2650 1873 qui
2671 1796 2889 1851 contra
2919 1785 3129 1873 filium
3150 1784 3545 1870 uniqenitum

624 1895 820 1943 suum
846 1876 1205 1959 loquuntur
1225 1873 1666 1959 blasphemias,
1691 1875 1902 1941 itidem
1927 1876 2237 1954 detestari,
2268 1874 2331 1941 a·
2368 1886 2673 1961 tanqua-m
2698 1874 2978 1959 inqratos
3000 1894 3149 1959 er9a
3179 1885 3545 1939 servatorem

631 1962 696 2031 ἃ·
722 1974 1072 2048 patronum
1114 1982 1312 2028 suum
1357 1964 1500 2029 odio
1533 1965 1850 2051 prosequi.
1902 1965 2095 2049 Cujus
2126 1963 2480 2031 institutum
2507 1984 2655 2029 cum
2678 1962 2791 2029 hoc
2808 1974 2989 2048 pacto
3014 1962 3403 2028 intellexisset
3423 1963 3545 2028 Im-

623 2062 895 2138 perator,
927 2052 1094 2135 !acta
1116 2050 1251 2137 ejus
1273 2051 1558 2137 dictaque
1578 2053 1776 2119 simul
1795 2052 2177 2133 admiratus,
2202 2055 2395 2139 leqem
2413 2053 2713 2138 protinus
2734 2051 3121 2135 conscripsit,
3145 2072 3310 2138 quae
3330 2048 3544 2115 vetebat

627 2150 964 2227 conventus
1008 2138 1086 2205 ab
1131 2140 1450 2206 haereticis
1503 2141 1628 2225 aqi.
1663 2140 1799 2225 Pop
1823 2140 2148 2207 conditum
2171 2163 2397 2226 corpus
2421 2140 2464 2205 J
2467 2141 2599 2206 uris
2624 2139 2828 2205 civilis
2854 2140 3177 2205 emanavit
3207 2160 3373 2205 anno
3406 2138 3541 2202 639.

625 2228 924 2295 Ecbhesis
957 2226 1241 2293 Heraclii
1266 2228 1342 2293 de
1373 2226 1439 2295 S.
1465 2226 1784 2294 Trinifiabe
1808 2233 1856 2296 a
1878 2228 2035 2294 Fide
2067 2229 2415 2308 Caizholica,
2443 2229 2553 2295 ubi
2578 2228 3202 2294 anathematizantur
3224 2228 3269 2293 ἃ
3294 2226 3545 2312 ejiciun-

625 2322 734 2383 tur
778 2315 1328 2381 Anti-Trinitarii.
1375 2316 1610 2383 Exstat
1655 2319 1825 2401 apud
1862 2317 2239 2385 Goldastum
2262 2321 2418 2384 tom.
2448 2319 2509 2384 3.
2540 2341 2606 2403 p.
2632 2317 2783 2383 637.
2810 2318 2868 2382 7.
2896 2317 2974 2383 Et
3000 2317 3148 2383 haec
3170 2318 3242 2382 in
3266 2315 3548 2382 omnibus

633 2585 814 2663 lium,
860 2582 1110 2663 Arium,
1149 2584 1559 2665 Eunomium,
1607 2585 2065 2664 Macedonium,
2096 2585 2543 2670 Apollinarem,
2574 2586 2926 2671 Ori9enem,
2950 2585 3331 2672 Euaqrium,
3356 2582 3547 2668 Didy-

630 2692 836 2752 mum,
899 2670 1289 2738 Theodorum
1340 2674 1867 2758 Mopsuestenum,
1919 2675 2296 2753 Nestorium,
2321 2674 2563 2762 Eutych
2596 2695 2663 2754 n,
2695 2674 3089 2753 Dioscorum,
3120 2673 3471 2750 Ser-uerum,
3494 2669 3551 2738 ἃ·

633 2760 835 2845 impia
875 2759 1112 2844 scripta
1165 2759 1534 2842 Theoderici,
1561 2783 1723 2850 quae
1743 2774 1962 2829 contra
1983 2774 2213 2828 rectam
2238 2764 2427 2852 fidem
2452 2763 2514 2830 a·
2542 2763 2931 2849 Ephesinam
2960 2763 3291 2849 Synodum
3320 2760 3385 2828 ἃ
3403 2762 3548 2828 duo·

633 2849 831 2915 deci-m
879 2849 1171 2933 Capitula
1216 2850 1416 2915 saneti
1463 2852 1700 2938 cyrilli,
1737 2850 1801 2918 ἃ·
1820 2852 2043 2938 quanti
2070 2873 2189 2936 pro
2223 2852 2539 2920 Theodoro
2562 2851 2625 2919 ἃ·
2656 2853 2934 2921 Nestor-io
2957 2853 3474 2937 conscripserunt,
3496 2845 3552 2914 a·

631 2946 1072 3022 nuncupatam
1103 2937 1245 3002 Ibae
1265 2937 1615 3023 Epistola-m
1634 2963 1655 3005 .-
1687 2939 1748 3006 bk
1777 2940 2115 3006 hortamur
2135 2961 2351 3007 omnes
2380 2940 2771 3008 Christianos
2794 2941 2883 3006 sic
2904 2961 3139 3024 sapere,
3177 2939 3243 3006 a*
3262 2941 3348 3007 sic
3367 2937 3549 3026 yteri-

633 3029 841 3116 ficare,
879 3024 1044 3090 nihil
1084 3025 1382 3092 addentes
1411 3027 1530 3107 his,
1567 3028 1734 3093 nihil
1776 3029 2223 3109 subtrahentes,
2255 3030 2419 3097 nihil
2457 3040 2972 3109 transmutantes,
3018 3029 3365 3096 secundum

638 3115 944 3199 scriptum
965 3125 1071 3178 est.
1118 3112 1366 3179 Ibidem
1391 3137 1453 3200 p.
1503 3116 1652 3181 642.
1700 3116 2001 3182 Edictum
2032 3121 2129 3182 est
2166 3116 2569 3184 Constantini
2606 3115 2689 3182 V.
2712 3116 3026 3203 pogonati
3051 3118 3128 3183 de
3149 3116 3309 3183 Fide
3332 3116 3550 3183 Catho-

637 3203 780 3282 lice,
826 3203 874 3268 ἃ
897 3201 1302 3268 damnatione
1330 3203 1728 3271 haereseum.
1756 3225 1932 3271 anno
1957 3205 2106 3270 681.
2138 3204 2263 3271 Ubi
2287 3229 2423 3292 cap.
2460 3209 2520 3273 8.
2553 3205 3179 3274 Anathemalizamus
3200 3217 3409 3273 autem
3427 3225 3549 3269 om·

637 3313 784 3358 nem
828 3289 1155 3370 haeresim,
1201 3312 1361 3377 quae
1411 3293 1452 3356 ᾰ
1476 3292 1732 3359 Simone
1753 3314 1957 3380 usque
1994 3295 2259 3361 nuncin
2286 3295 2405 3362 Dei
2425 3297 2759 3363 Ecclesiam
2789 3295 3146 3362 introducta
3165 3295 3363 3362 estad
3382 3293 3551 3360 disci-

638 3380 912 3447 dendam
953 3400 1174 3464 pacem
1226 3391 1412 3467 atque
1453 3383 1936 3449 unanimitatem
1990 3383 2390 3450 credentium.
2439 3383 2527 3450 Et
2573 3407 2709 3468 cap.
2736 3385 2855 3450 His
2877 3384 3169 3451 omnibus
3191 3385 3280 3450 ita
3301 3385 3343 3450 a
3359 3391 3551 3449 sancto

639 3469 752 3536 hoc
797 3469 1142 3536 universali
1185 3481 1354 3535 seoeto
1409 3466 1678 3537 Concilio
1722 3471 2090 3550 constitutis,
2142 3471 2208 3538 a*
2222 3493 2340 3556 per
2360 3473 2874 3558 subscriptionem
2894 3485 3149 3540 nostrae
3175 3467 3551 3558 fortitudinis

641 3557 1049 3646 confirmatis,
1081 3557 1423 3638 sancimus,
1448 3570 1518 3625 ut
1547 3560 1772 3626 nullus
1800 3581 2043 3646 quoque
2086 3563 2347 3627 omnino
2382 3561 2566 3628 aliud
2596 3562 2932 3648 quicqua-m
2954 3561 3029 3628 de
3048 3561 3174 3652 fide
3192 3570 3450 3646 satayat,
3470 3555 3553 3623 vel

641 3645 789 3713 novi
810 3645 1118 3731 doymatis
1139 3645 1227 3711 ad
1250 3647 1669 3713 inventionem
1703 3648 2116 3730 machinetur,
2140 3661 2251 3718 aut
2273 3652 2525 3734 penitus
2546 3671 2621 3716 ac
2642 3671 2809 3718 unae
2829 3653 3143 3717 voluntate
3170 3648 3235 3716 st·
3262 3669 3399 3716 una
3424 3667 3549 3731 ope-

642 3735 888 3802 ratione
934 3735 1196 3800 docendi
1234 3735 1563 3820 indicium,
1593 3738 1690 3803 vel
1711 3757 2063 3804 sermonem
2088 3751 2488 3805 commovent.
2541 3740 2667 3808 Nos
2688 3739 2859 3804 enim
2889 3752 3136 3806 sanctos
3159 3740 3207 3805 ἃ
3224 3735 3551 3824 probabiles

645 3823 871 3892 Patres
913 3835 1162 3890 nostros
1199 3835 1516 3910 sequentes
1537 3837 1926 3892 naturarum
1948 3829 2289 3894 voluntates
2314 3828 2816 3894 adnunciamus.-
2856 3827 2919 3894 ἃ·
2938 3829 3097 3895 sicut
3117 3829 3284 3895 duas
3306 3837 3551 3894 naturas

643 3913 716 3978 in
759 3912 1001 3980 Christo
1030 3913 1360 3992 credimus,
1393 3913 1483 3980 ita
1525 3913 1589 3981 ἃ·
1633 3915 1795 3981 duas
1839 3918 2165 3982 naturales
2194 3918 2556 3984 voluntates.
2583 3916 2645 3983 a·
2666 3917 2829 3982 duas
2851 3919 3231 4002 operationis
3249 3915 3551 4004 praedica·

645 4020 813 4067 mus.
860 4001 1027 4066 Haec
1069 4013 1221 4068 sunt
1269 4021 1452 4070 verae
1494 4003 1566 4068 in
1608 4004 1818 4070 Deum
1841 4005 2248 4090 consessionis
2272 4005 2565 4092 doymata
2579 4028 2604 4083 ;
2626 4005 2776 4071 haec
2794 4018 2946 4072 sunt
2961 4007 3478 4093 Euangelicarum
3497 3998 3553 4067 ἃ·

644 4088 1144 4175 Apostolicorum
1187 4111 1408 4158 vocum
1441 4092 1976 4178 praedieationcs;
2002 4093 2153 4161 haee
2180 4106 2329 4161 sunt
2365 4106 2731 4161 sanctorum
2756 4091 3177 4162 Conciliorum
3202 4096 3265 4162 ἃ·
3282 4089 3550 4181 probabi-

649 4179 811 4246 lium
863 4177 1298 4246 Paternarum
1345 4181 1670 4266 liquarum
1694 4182 2104 4268 didaqmata;
2136 4184 2285 4249 haec
2310 4185 2558 4263 Petrus,
2585 4183 2699 4270 qui
2727 4179 2790 4250 ἃ·
2806 4195 2991 4268 petra
3017 4184 3166 4274 fidei
3188 4183 3252 4251 ἃ·
3280 4185 3550 4264 Princeps

648 4266 1117 4353 Apostolorum,
1172 4269 1540 4335 intemerata
1585 4272 1869 4337 servavit.
1920 4273 2001 4337 In
2045 4272 2162 4338 hac
2195 4273 2319 4360 fide
2354 4270 2419 4339 ἃ·
2438 4273 2709 4339 vivimus
2737 4268 2802 4337 ἃ·
2830 4293 3195 4359 reynamus,
3231 4270 3296 4339 ἃ·
3320 4287 3551 4352 conreq-

650 4355 838 4425 nanti
864 4355 1044 4424 nobis
1087 4357 1242 4438 Deo,
1287 4377 1667 4445 conreynare
1688 4360 1896 4428 denuo
1920 4381 2270 4446 speramus.
2320 4361 2504 4428 Hanc
2524 4362 2807 4428 comitem
2831 4361 2978 4428 hinc
2998 4362 3334 4430 recedentes
3355 4356 3553 4422 haben

3170 4449 3552 4538 deposcitum.
