3694 4871
1108 259 2268 328 Aurom‘rAsScMP'runAn.
3058 263 3138 324 21

197 454 588 519 autenticum
634 453 966 516 dictantem
1011 451 1166 516 haut
1212 449 1464 515 obscure
1514 449 1754 531 faciunt
1799 448 2145 532 fallibilem,
2194 449 2426 534 quippe
2462 448 2577 534 qui
2598 468 2677 512 ne
2699 447 2954 534 quidem
2996 460 3147 513 tunc

199 541 552 626 coqnoverit
596 541 941 607 secund-um
993 540 1162 624 ipsos
1213 539 1502 604 Messinm
1553 559 1677 602 esse
1698 557 1903 622 reqem
1925 539 2336 620 spiritualem.
2385 537 2504 602 Sed
2526 548 2742 602 contra
2766 537 3137 616 notandum,

203 651 356 696 eum
402 633 630 695 eoeserte
676 630 800 694 dici
845 629 1148 712 repletum
1193 628 1440 713 Spiritu
1454 627 1516 691 S.
1555 623 1617 691 ἃ
1658 626 2066 709 Prophetasse
2088 625 2294 690 Lucae
2321 625 2368 689 I.
2405 648 2462 690 V.
2492 625 2595 688 67.
2646 627 2721 690 Et
2746 627 2914 710 quod
2935 625 3147 690 eodem

205 721 316 785 illo
353 719 426 783 in
471 719 707 784 cantico
745 719 1062 803 aqnovcrit
1110 717 1437 799 spi-rituale
1466 736 1730 799 reqnum
1761 717 2035 794 Messiae,
2060 726 2295 780 constat
2320 736 2396 780 em
2419 737 2478 779 v,
2508 714 2609 778 70.
2640 713 2744 777 71.
2775 713 2876 777 72.
2907 713 3008 777 76.
3039 712 3143 778 77.

203 807 316 871 78.
366 807 472 871 79.
519 808 616 873 De
660 806 969 871 Simeonis
1016 806 1248 889 spiritu
1290 805 1666 890 prophetica,
1695 802 1756 868 ll·
1778 803 2014 869 divinis
2038 804 2310 869 oraculis
2332 815 2514 888 atquc
2535 802 2824 889 alloquiis
2855 802 3148 868 docemur

201 893 417 960 Lucae
435 895 495 960 2.
524 917 582 960 v.
613 895 716 958 25.
751 895 857 958 26.
883 894 965 957 27
1017 894 1122 956 34.
1151 893 1254 956 35.

303 983 452 1048 XII.
501 982 606 1050 An
632 984 735 1047 70.
761 983 1072 1066 discipuli,
1099 981 1160 1046 ἃ·
1191 977 1470 1064 Apostoli
1493 991 1638 1048 ante
1665 993 1907 1066 accepta
1939 980 2108 1046 dona
2136 980 2307 1065 Spir.
2339 977 2405 1045 S.
2434 978 2675 1063 (Actor.
2701 979 2792 1063 2.)
2816 979 3055 1063 luerint
3080 980 3151 1045 in

199 1074 553 1156 coqnitioue
598 1071 660 1138 ἃ·
703 1072 988 1139 doctrinc‘i
1011 1069 1432 1154 infallibiles?
1463 1070 1657 1153 Resp.
1709 1069 1876 1155 Neg.
1916 1069 2145 1134 Docent
2168 1071 2279 1134 hoc
2305 1069 2674 1153 multiplices
2696 1089 2957 1148 errores,
3005 1068 3145 1134 hat-

201 1162 634 1240 lucinationes,
674 1159 736 1226 ἃ·
766 1159 1178 1226 dubitationes
1201 1159 1656 1242 Apostolorum.

294 1248 477 1314 XIII.
525 1251 624 1314 An
671 1271 745 1314 eae
788 1252 946 1333 sacto
996 1249 1184 1324 Petri,
1228 1245 1438 1312 Galat.
1489 1249 1548 1312 2.
1604 1245 1684 1312 ἑὲ.
1744 1247 1959 1312 Actor.
1998 1246 2099 1310 10.
2148 1267 2293 1312 cum
2321 1246 2423 1312 11.
2450 1245 2653 1330 colliqi
2672 1246 2871 1329 possit
2902 1265 3045 1312 eum
3070 1246 3141 1311 in

201 1339 722 1421 doctrinas-uisse
744 1338 1088 1421 fallibilem.
1137 1335 1330 1419 Resp.
1357 1335 1420 1400 N
1424 1357 1524 1421 eg.

297 1424 476 1491 XIV.
504 1429 604 1492 An
631 1429 698 1491 in
729 1427 1034 1510 Apostolis
1058 1425 1326 1510 sinqulis
1345 1437 1482 1508 post
1501 1435 1925 1509 pentecostem,
1955 1424 2219 1510 coqnitio
2242 1425 2510 1490 actualis
2534 1423 2889 1506 infallibilis
2913 1443 3141 1510 aequa-

199 1517 348 1582 liter
384 1537 448 1579 se
484 1516 871 1580 extenderit?
903 1513 1095 1598 Resp.
1131 1513 1253 1576 Aff.
1302 1514 1470 1598 quod
1515 1514 1602 1578 ad
1647 1515 2035 1579 universalia
2080 1514 2376 1598 doqmata
2397 1514 2543 1601 fidei
2566 1512 2617 1577 ἃ
2654 1532 2923 1576 morum.
2972 1509 3142 1596 Neg.

199 1604 380 1690 quod
424 1605 510 1668 ad
551 1605 972 1687 particularia
1017 1603 1326 1688 quaedam
1369 1602 1494 1667 sive
1523 1602 1688 1686 facta
1701 1603 2037 1686 praeterita
2060 1613 2171 1668 aut
2188 1603 2565 1686 praesentia,
2592 1613 2701 1666 aut
2724 1601 2967 1684 futura,
2988 1620 3143 1684 pro-

202 1692 439 1771 banda,
484 1703 600 1756 aut
648 1691 1099 1778 improbanda5
1143 1691 1269 1754 sive
1296 1709 1411 1773 per
1457 1691 1716 1756 modum
1755 1692 2041 1774 exempli,
2066 1701 2175 1756 aut
2204 1691 2570 1774 comparati,
2588 1701 2699 1754 aut
2716 1689 3052 1754 testimonii
3074 1710 3146 1754 ac

199 1779 353 1844 dicti
398 1781 686 1860 humani,
734 1780 820 1844 ad
867 1780 1345 1845 illustrationem
1375 1779 1834 1844 universalium
1864 1780 2058 1844 allata
2083 1779 2146 1845 a
2168 1781 2502 1863 applicata,
2538 1790 2843 1864 tanquam
2862 1777 3145 1864 amplifi-

196 1869 495 1946 cationes,
541 1880 652 1934 aut
677 1881 982 1954 tanquam
1020 1879 1394 1952 arqumenta
1431 1868 1516 1932 ad
1542 1867 1879 1931 hominem.
1928 1867 2333 1954 Hypothetica
2358 1868 2420 1935 ἃ*
2445 1867 2863 1952 particularia
2879 1866 3142 1931 consilia

199 1957 392 2039 facta,
417 1957 601 2032 dicta,
621 1959 870 2041 scripta,
895 1957 1022 2020 sive
1043 1957 1376 2040 praeterita
1408 1957 1532 2021 sive
1549 1956 1907 2039 praesentia
1930 1975 2063 2020 non
2086 1956 2376 2020 omnibus
2400 1956 2740 2042 aequaliter
2755 1965 2903 2018 nota
2926 1951 3144 2040 fuisse,

203 2045 548 2111 indubium
577 2057 699 2122 est;
722 2065 918 2131 neque
945 2045 1115 2109 enim
1144 2055 1322 2109 erant
1345 2045 1648 2109 omniscii.
1699 2046 1942 2110 Futura
1971 2045 2157 2109 etiam
2180 2045 2502 2109 actualiter
2522 2044 2769 2130 coqnita
2790 2043 2987 2127 fuisse
3019 2042 3139 2108 uni

199 2135 497 2218 Apostolo
545 2133 625 2218 (e.
652 2155 714 2219 9.
750 2133 958 2199 Paulo
1004 2133 1079 2197 de
1109 2134 1230 2200 sud
1259 2143 1456 2198 morte
1481 2133 1542 2197 2.
1591 2130 1875 2196 Timoth.
1903 2132 1963 2196 4.
2017 2129 2080 2197 ἃ·
2105 2134 2286 2199 Petro
2310 2133 2385 2198 de
2405 2154 2525 2198 sua
2551 2135 2609 2196 2.
2638 2131 2777 2196 Pet.
2807 2129 2895 2215 1.)
2920 2129 2983 2196 ἃ·
3006 2150 3138 2197 non

195 2223 407 2300 alteri,
431 2222 564 2286 sinc
586 2224 884 2306 scrupulo
909 2222 1032 2286 clici
1051 2232 1264 2305 potest.
1311 2220 1432 2286 Sed
1455 2221 1809 2304 defuturis,
1834 2241 1994 2306 quac
2014 2221 2379 2286 universam
2408 2221 2721 2286 ecclesiam
2750 2231 3134 2285 concernunt

199 2313 329 2396 (eat.
360 2331 458 2395 qr.
507 2311 779 2376 adventu
823 2309 1186 2376 Antichristi
1232 2310 1290 2373 2.
1341 2307 1563 2374 Thess.
1612 2309 1674 2374 2.
1721 2311 2115 2374 conversione
2138 2310 2528 2374 ludaeorum
2557 2307 2745 2373 Rom.
2795 2307 2897 2371 11.
2925 2319 3137 2374 muta-

200 2400 370 2465 tione
414 2399 754 2465 viventium
806 2399 904 2464 die
937 2399 1273 2464 novissimo
1327 2397 1383 2461 1.
1442 2396 1727 2463 Corinth.
1772 2397 1877 2462 15.
1902 2399 2175 2464 adventu
2196 2396 2937 2483 pseudo-Prophetarum
2964 2395 2998 2460 1
3026 2395 3139 2462 Ti-

199 2488 411 2553 moth.
461 2488 520 2550 4.
558 2486 619 2553 ἃ·
643 2489 707 2551 2.
736 2485 1017 2552 Timoth.
1037 2487 1127 2569 3.)
1155 2488 1320 2551 idem,
1351 2486 1464 2552 hoc
1485 2487 1809 2574 affirmari
1829 2507 1957 2551 non
1988 2487 2175 2552 debet.
2226 2487 2407 2573 [pag.
2442 2486 2563 2573 44]

295 2575 445 2640 XV.
492 2576 596 2641 An
627 2589 837 2642 tamen
866 2576 1276 2659 particularia
1299 2576 1430 2652 illa,
1457 2575 1766 2661 siquidem
1798 2576 1871 2639 in
1896 2576 2118 2641 ordine
2146 2577 2231 2641 ad
2254 2576 2620 2662 doqmatum
2642 2575 2789 2661 fidei
2810 2575 3143 2641 universa-

197 2666 368 2731 lium
391 2666 898 2749 propositionem,
923 2685 1205 2743 emamen,
1233 2666 1608 2747 apoloqiam‚
1627 2684 1845 2729 eorum
1852 2685 1969 2750 que
1982 2665 2067 2729 ad
2083 2665 2337 2751 quasvis
2353 2665 2756 2729 conscientias
2774 2664 3142 2748 applicatio-

195 2774 353 2819 nem
381 2756 530 2819 usui
559 2765 774 2833 essent,
800 2753 876 2819 ab
901 2752 1192 2818 omn-ibus
1223 2751 1530 2835 Apostolis
1554 2752 1702 2817 data
1734 2753 2109 2839 quacunque
2123 2754 2472 2829 necessitate
2489 2752 2892 2831 &occasions
2910 2774 3142 2839 aequa-

197 2844 250 2907 li
309 2842 752 2926 infallibilitate
797 2838 1054 2926 intelliqi
1106 2862 1177 2906 ac
1221 2841 1562 2925 dijudicari
1607 2861 1738 2905 non
1779 2842 2127 2926 poterant?
2178 2839 2371 2925 Resp.
2416 2840 2544 2915 Aff.
2580 2843 2701 2909 Nec
2744 2842 2937 2907 obstat
2984 2842 3144 2908 illud

197 2929 430 2995 Actor.
435 2931 582 3083 άὲὃ.
631 2953 690 2995 v.
743 2930 804 2995 5.
851 2931 946 2995 uti
993 2940 1231 2995 constat
1275 2950 1352 2994 ex
1388 2931 1729 2995 commodis
1774 2928 2263 3013 expositionibus
2308 2930 2757 3015 interpretum.-
2780 2951 2939 3017 quas
2965 2930 3143 3015 apud

197 3020 348 3086 illos
369 3020 434 3083 vi
515 3067 530 3083 .

292 3105 474 3171 XVI.
521 3107 625 3172 An
669 3105 949 3191 Apostoli
992 3107 1118 3171 sive
1145 3126 1303 3185 voce,
1328 3106 1454 3171 sive
1475 3105 1722 3189 scripto,
1745 3105 2051 3190 privatim
2081 3118 2191 3172 aut
2216 3106 2479 3191 publice,
2504 3107 2575 3172 in
2597 3106 3013 3187 concionibus,
3039 3108 3136 3173 in·

196 3189 646 3274 stitutionibus,
687 3194 1232 3278 disputationibus,
1287 3194 1607 3280 apoloqiis,
1662 3195 1933 3274 citarint,
1981 3196 2429 3275 examinarint,
2485 3196 2863 3281 applicarint
2910 3196 3141 3262 exotica

205 3284 574 3363 Poetarum,
625 3283 1178 3367 Philosophorum,
1228 3282 1656 3351 Rabbinorum
1713 3282 1824 3353 tre.
1882 3294 2034 3347 reete
2086 3284 2198 3349 hoc
2234 3285 2487 3368 fecerint
2524 3306 2598 3349 ea:
2644 3287 2771 3350 solo
2812 3284 3139 3349 ordinario

195 3372 416 3439 studio
459 3392 533 3436 ac
556 3372 798 3456 judicio
842 3372 1160 3436 humano.-
1207 3390 1296 3437 an
1338 3392 1480 3437 vero
1511 3394 1585 3435 ex
1608 3371 1972 3436 immediata
2009 3370 2071 3437 ἃ·
2098 3372 2421 3457 infallibili
2450 3373 2815 3439 revelatione
2840 3391 2913 3437 ac
2937 3372 3134 3437 direc-

193 3464 369 3528 tione
420 3460 694 3545 Spiritus
740 3460 1000 3525 Sancti?
1053 3457 1244 3544 Resp.
1296 3458 1379 3524 N.
1427 3481 1523 3543 pr.
1573 3460 1702 3523 Aff.
1728 3463 1891 3543 post.
1942 3460 2361 3549 Sanctificavit
2400 3462 2571 3526 enim
2594 3462 2765 3527 Deus
2791 3460 2906 3523 hac
2922 3472 3137 3544 partes

195 3551 524 3616 humanae
565 3548 957 3627 eruditionis,
981 3548 1274 3614 hactenus
1299 3549 1426 3613 scil.
1460 3560 1530 3613 ut
1554 3549 2024 3633 intelliqentiam
2050 3570 2270 3615 earum
2304 3550 2477 3635 (data
2512 3550 2844 3627 occasione)
2869 3549 2944 3613 de
2971 3570 3132 3615 novo

194 3639 438 3705 doceret
483 3638 827 3720 apostolos;
871 3648 982 3702 aut
1033 3638 1090 3701 si
1133 3649 1314 3702 antea
1337 3638 1716 3715 didicissent,
1747 3637 1832 3701 ad
1855 3657 2079 3702 earum
2107 3640 2415 3703 actualem
2445 3649 2802 3723 conceptum
2826 3657 2899 3701 ac
2928 3658 3132 3704 recor-

193 3728 520 3793 dationem
569 3746 670 3791 eos
713 3725 1018 3807 excitaret,
1071 3724 1374 3790 verbatim
1416 3745 1489 3790 ac
1532 3724 1886 3812 syllabatim
1932 3746 2036 3791 eas
2082 3727 2419 3810 inspira-ret
2450 3748 2522 3791 ac
2544 3726 2820 3803 dictaret,
2861 3724 2924 3791 st
2943 3747 3132 3811 prae-

195 3816 364 3881 senti
416 3815 656 3898 neqotio
707 3814 1064 3898 applicaret,
1113 3813 1175 3880 ἃ
1211 3814 1610 3898 scriptionem
1654 3834 1877 3879 earum
1900 3816 1971 3879 in
1993 3828 2196 3881 mente
2218 3814 2281 3882 ἃ·
2302 3834 2517 3895 mana,
2544 3814 2605 3881 ἃ·
2623 3835 2740 3900 per
2774 3827 3037 3880 mentem
3059 3835 3134 3881 ac

197 3924 476 3969 manum
499 3922 719 3969 eorum
741 3901 1093 3968 absolveret.

289 3989 501 4055 XVII.
551 3994 650 4057 An
693 3993 1018 4075 scriptores
1074 3992 1147 4057 N.
1206 3992 1276 4057 T.
1307 3991 1529 4077 linqua
1565 3992 1694 4057 alia
1718 3991 2006 4079 (Syriaca
2029 3994 2183 4071 scil.)
2216 3993 2625 4077 conceperint,
2652 4012 2847 4078 quam
2870 3992 3130 4077 scripse-

191 4082 363 4158 rint3
419 4076 482 4145 ἃ·
509 4080 729 4165 linqua
772 4080 902 4146 alia
949 4083 1196 4165 (qraeca
1231 4081 1361 4145 scil.
1385 4092 1496 4147 aut
1519 4081 1921 4167 hellenistica)
1948 4083 2337 4166 scripserint3
2364 4100 2559 4167 quam
2583 4081 3013 4165 conceperint?
3071 4078 3136 4146 ἃ·

187 4181 634 4255 consequenter
677 4189 766 4233 an
799 4170 1075 4254 qen‘uino
1122 4169 1446 4253 interpreti
1491 4170 1909 4253 respiciendae
1952 4171 2079 4235 sint
2128 4170 2488 4249 allusiones,
2529 4190 2663 4235 non
2685 4171 2939 4257 quaein
2962 4180 3129 4235 textu

185 4278 414 4345 qraeco
455 4269 718 4337 exstant,
767 4258 874 4323 sed
901 4278 1061 4344 quas
1105 4258 1323 4323 animo
1375 4271 1772 4343 conceperant
1803 4260 2153 4345 scriptores,
2185 4259 2477 4347 Syriacae
2510 4261 2641 4325 scil.
2676 4271 2787 4325 aut
2812 4258 3124 4344 tarquini-

189 4348 342 4413 cae?
389 4344 467 4411 R.
507 4344 594 4413 N.
642 4346 835 4417 Nemo
870 4348 1043 4413 enim
1077 4352 1232 4413 recte
1281 4345 1346 4413 ἃ·
1387 4348 1778 4415 rationaliter
1815 4349 1971 4435 quid
1988 4348 2232 4435 profert
2256 4349 2383 4415 sive
2402 4350 2546 4416 viva
2566 4369 2706 4415 voce
2728 4349 2854 4414 sive
2877 4348 3139 4449 script-o,-

3010 4457 3136 4499 nisi
