3694 4871
415 344 791 419 D1s12.1X.
838 352 949 417 Ds
996 354 1249 419 SrAru
1296 352 1774 419 Enscroauu
1823 377 2014 419 Aura
2063 356 2689 437 Converte-ionas.
2893 360 3022 423 259

112 540 147 601 a
181 558 299 619 qua
340 538 560 621 potius
606 540 1055 605 abstinendum
1102 545 1221 607 est.
1264 540 1412 606 Nisi
1457 541 1602 626 quis
1640 541 1945 606 adhibeat
1977 541 2502 625 &interpretetur
2523 542 3022 619 distinctionem,

110 626 345 709 qualem
366 626 505 692 fere
530 629 852 711 apostolus
878 631 1142 696 Roman.
1175 632 1277 697 11.
1302 631 1407 696 28.
1428 631 1531 695 29.
1558 628 1800 695 XXIV.
1821 630 2030 697 Probe.
2059 630 2164 694 An
2182 630 2366 695 electi
2383 630 2660 715 regeniti
2675 632 3021 716 aliquando

114 714 409 779 donentur
453 716 713 781 auxiliis
760 718 1009 802 gratiae
1062 719 1409 784 coercentis
1456 723 1597 783 tum
1659 719 1972 783 naturalis
2018 722 2159 783 tum
2215 720 2755 802 supernaturalis3
2813 721 2907 785 sic
2953 725 3027 784 ut

111 824 223 867 non
264 804 523 868 accedat
566 804 680 870 illo
709 809 994 890 tempore
1026 810 1139 871 aut
1171 808 1538 891 propediem
1570 807 1996 891 subsequatur
2019 806 2232 892 gratia
2256 829 2585 885 renovanS‚
2611 809 2656 873 δι
2681 808 3026 873 efficaciter

109 896 465 957 convertens
484 898 515 959 Ρ
565 895 747 978 Resp.
778 894 1046 960 Nullam
1070 897 1383 961 rationem
1406 896 1712 972 videmus,
1737 918 1850 959 cur
1873 895 1993 960 hoc
2023 896 2389 981 negandum
2411 896 2518 961 sit.
2566 894 2771 961 XXV.
2805 896 3024 963 Probl.

110 980 203 1043 An
244 980 523 1046 infantes
568 982 879 1048 foederati
902 984 971 1048 in
991 984 1267 1048 infantia
1296 984 1654 1063 morienteS‚
1681 1005 1899 1048 omnes
1923 984 2200 1050 habendi
2223 985 2354 1049 sint
2384 1006 2498 1067 pro
2523 984 2742 1049 electis
2765 989 2812 1053 δι
2845 1006 3026 1070 rege·

108 1068 245 1131 uitis
264 1072 295 1133 2
346 1070 449 1133 An
496 1092 647 1135 vero
683 1071 854 1135 inter
884 1072 1030 1137 illos
1066 1073 1389 1138 distinctio
1421 1073 1765 1137 electorum
1791 1075 1837 1138 ἃ
1861 1074 2275 1156 reproborum
2299 1072 2386 1137 sit
2407 1074 2744 1137 statuenda
2761 1077 2792 1138 Ρ
2842 1076 3028 1159 Resp.

110 1154 485 1223 Inclinamus
527 1160 595 1223 in
640 1162 763 1247 ΑῙῙ.
810 1180 913 1247 pr.
946 1183 1091 1225 cum
1130 1184 1161 1227 s
1208 1162 1373 1228 nodo
1402 1162 1813 1227 Dordracena
1834 1182 1972 1245 cap.
2005 1162 2061 1225 1.
2086 1172 2207 1226 art.
2242 1162 2347 1226 17.
2391 1160 2480 1225 Et
2509 1161 2688 1227 nulla
2718 1163 2884 1227 ratio
2909 1167 3027 1241 est,

110 1266 257 1327 quae
286 1249 599 1331 posterius
620 1253 793 1313 certo
820 1249 1088 1314 evincat.
1193 1252 1322 1315 ulla
1346 1250 1517 1315 enim
1541 1251 1766 1314 effecta
1790 1252 1837 1315 δι
1861 1250 2048 1334 signa
2071 1250 2136 1312 in
2162 1250 2240 1313 iis
2261 1249 2468 1314 locum
2485 1248 2723 1314 habere
2739 1255 3027 1334 possunt,

110 1354 181 1397 ex
220 1335 453 1417 quibus
498 1341 538 1401 a
582 1338 916 1420 posteriori
963 1338 1305 1424 colligatur
1351 1360 1457 1403 eos
1490 1361 1627 1403 esse
1650 1338 1952 1421 reprobos
1977 1337 2024 1403 δι
2050 1338 2471 1413 damnandos3
2514 1338 2668 1420 quia
2695 1360 3026 1423 nunquam

109 1420 337 1487 obicem
360 1426 611 1509 gratiae
641 1430 941 1491 externae
965 1431 1431 1511 opposuerunt;
1465 1430 1511 1494 8ο
1536 1427 1708 1491 Deus
1732 1426 1904 1491 cavit
1934 1448 2049 1510 per
2074 1430 2344 1491 mortem
2366 1425 2913 1505 intervenientem,
2943 1449 3024 1491 ne

111 1532 379 1594 unquam
424 1513 670 1578 obicem
715 1535 907 1597 quem
938 1536 1171 1599 ponere
1203 1520 1479 1598 possent.
1527 1516 1629 1581 Ex
1657 1514 1774 1579 hoc
1802 1536 2040 1599 magno
2063 1514 2572 1599 sapientissimae
2594 1515 3028 1598 providentiae

112 1598 347 1665 divinae
390 1601 577 1687 [pag.
624 1602 789 1688 418]
836 1604 1223 1688 praejudicio
1268 1605 1519 1669 favores
1544 1602 1894 1686 ampliandi
1917 1608 2104 1667 sunt:
2131 1603 2362 1667 saltem
2385 1603 2452 1665 in
2485 1603 2876 1667 contrarium
2901 1626 3022 1669 non

113 1692 199 1750 est
218 1689 786 1755 determinandum.
834 1690 904 1757 Si
928 1693 1073 1775 quis
1096 1714 1241 1757 cum
1268 1694 1437 1758 Beza
1461 1696 1529 1777 (a
1552 1690 2155 1756 Remonstrantibus
2171 1691 2511 1773 aliquoties
2525 1690 2798 1775 objecto)
2815 1692 3028 1776 suspi-

114 1780 277 1841 cetur
320 1783 433 1842 aut
478 1778 748 1858 dubitet,
796 1803 877 1844 an
903 1802 1029 1845 non
1059 1803 1137 1845 ex
1167 1781 1407 1845 talibus
1431 1780 1786 1845 infantibus
1811 1779 1926 1844 alii
1953 1780 2084 1843 sint
2105 1779 2294 1843 electi
2335 1778 2448 1843 alii
2473 1779 2761 1863 reprobi:
2817 1781 2874 1845 is
2897 1781 3030 1864 pri-

116 1867 313 1929 vatam
358 1866 723 1951 opinionem
771 1890 953 1933 suam
990 1873 1188 1948 tenet,
1214 1869 1322 1934 sed
1346 1869 1491 1933 aliis
1523 1872 1569 1935 a
1594 1867 1887 1953 pluribus
1912 1868 2102 1933 aliter
2124 1867 2547 1933 sentientibus
2577 1867 2744 1932 nihil
2771 1869 3026 1953 praeju-

118 1950 286 2017 dicat.
332 1954 455 2019 Est
498 1955 619 2020 hoc
666 1956 897 2041 dogma
942 1958 1099 2022 satis
1144 1980 1475 2023 commune
1520 1962 1819 2021 externae
1868 1956 2117 2041 gratiae
2128 1958 2198 2057 .&.
2210 1955 2749 2020 confoederationi
2779 1979 3030 2041 semper

120 2043 493 2215 {mizi
502 2048 1180 2217 ¹3331¹3¹etm132r⁸2323232
1205 2047 3030 2217 staffile&5333&ss‘zzssgffisstffi‘sszffiss

123 2220 512 2285 contrarium.
561 2220 802 2286 XXVI.
838 2223 1049 2290 probe.
1070 2222 1178 2287 An
1203 2223 1387 2287 electi
1410 2244 1537 2287 non
1561 2222 1892 2301 foederati,
1917 2243 2030 2286 seu
2054 2224 2233 2285 extra
2255 2220 2478 2286 foedus
2500 2222 2707 2287 nati&
2723 2221 3028 2301 vivente8‚

124 2306 165 2371 St
207 2314 660 2393 consequenter
703 2310 1056 2397 irregeniti‚
1104 2310 1341 2376 habere
1365 2315 1603 2394 queant
1625 2311 2045 2395 incompletae
2069 2308 2494 2374 conversionis
2517 2311 2564 2375 δι
2588 2310 3030 2393 ejaculatorios

126 2394 259 2461 fidei
282 2402 509 2480 motus,
536 2399 613 2464 de
637 2398 871 2483 quibus
895 2422 1089 2485 supra
1108 2404 1139 2465 P
1185 2401 1368 2486 Resp.
1396 2402 1543 2486 Neq.
1590 2397 1764 2464 Nam
1788 2405 1926 2466 tum
1957 2401 2391 2464 statuerentur
2413 2402 2623 2463 motus
2648 2420 2833 2464 verae
2856 2398 3026 2479 fidei,

124 2483 345 2569 absque
366 2487 619 2552 interno
641 2488 788 2552 fidei
812 2489 1052 2555 semine
1076 2512 1187 2554 seu
1212 2489 1543 2574 principio,
1572 2487 1753 2564 Quod
1776 2488 2157 2552 absurdum:
2191 2487 2342 2570 quia
2366 2489 2464 2552 est
2485 2488 2700 2553 totalis
2736 2487 3026 2563 ἀδυναμία

124 2571 183 2636 in
220 2571 469 2640 homine
500 2576 849 2662 irregenito
878 2578 1014 2643 loh.
1052 2579 1153 2643 14.
1191 2578 1294 2642 18.
1328 2578 1389 2642 2.
1424 2577 1565 2643 Cor.
1590 2578 1651 2642 3.
1678 2579 1741 2642 5.
1786 2575 2060 2641 XXVII.
2088 2576 2298 2642 Proba.
2342 2574 2451 2640 An
2481 2597 2681 2640 novae
2703 2580 3030 2641 creaturae

126 2661 431 2743 perfectio,
478 2687 675 2748 quam
720 2666 1128 2748 peculiariter
1158 2666 1455 2730 habitum
1486 2665 1769 2750 appellat
1792 2665 2120 2749 apostolus
2143 2664 2329 2730 Hebr.
2357 2667 2418 2728 5.
2443 2665 2646 2748 possit
2667 2665 2792 2729 dici
2814 2670 3028 2730 extra-

124 2749 421 2817 ordinario
456 2753 652 2818 simul
689 2754 737 2820 ἃ
760 2755 956 2819 semel
982 2757 1027 2822 δι
1058 2777 1175 2839 per
1198 2756 1434 2820 saltum
1466 2753 1585 2840 (ita
1610 2755 1785 2837 loqui
1808 2753 2022 2836 liceat)
2055 2753 2122 2816 in
2147 2752 2395 2836 aliquos
2427 2752 2820 2830 introducta3
2862 2774 3027 2837 quae

126 2836 389 2923 alioquin
433 2841 754 2907 ordinario
798 2865 913 2927 per
957 2843 1193 2928 gradus
1212 2885 1219 2888 -
1237 2843 1587 2908 successive
1631 2843 1679 2909 ἃ
1728 2843 2042 2926 paulatini
2072 2840 2494 2906 introducitur
2523 2841 2951 2906 mediantibus
2981 2843 3030 2908 St

125 2929 631 3008 praecedentibus
654 2932 875 2996 multis
896 2932 1165 2997 actibus.
1190 2933 1368 3016 Resp.
1396 2933 1529 3017 ΑΙῙ.
1561 2930 1609 2996 ἃ
1631 2930 1811 2996 docet
1835 2931 1956 2995 hoc
1986 2931 2349 3013 exemplum
2370 2930 2797 2995 conversionis
2817 2929 3026 3009 Pauli,

126 3015 227 3098 qui
266 3021 443 3083 tanto
488 3019 639 3083 fidei
683 3020 927 3098 robore,
973 3023 1157 3084 tanta
1201 3019 1463 3103 pietatis
1509 3021 1555 3086 a
1600 3019 1721 3084 zeli
1763 3018 2153 3102 perfectione
2189 3023 2322 3082 tam
2349 3017 2562 3083 subito
2586 3018 2712 3083 fuit
2737 3019 3030 3085 donatuS.

126 3099 251 3177 Quo
292 3106 513 3172 referri
560 3111 771 3191 potest
817 3109 1179 3192 exemplum
1202 3109 1469 3173 latronis
1494 3108 1561 3171 in
1584 3129 1783 3173 cruce.
1832 3107 2054 3172 Etiam
2077 3129 2154 3171 ex
2177 3104 2578 3172 charismatis
2603 3106 2734 3172 illis
2757 3105 2928 3190 Spir.
2959 3106 3026 3172 S.

124 3189 185 3254 in
210 3194 529 3278 primitiva
558 3196 821 3262 ecclesia
858 3219 975 3280 per
1004 3205 1311 3263 manuum
1334 3195 1806 3281 impositionem
1826 3195 2202 3281 obsignatis,
2235 3195 2564 3280 analogice
2585 3194 2878 3279 probatio
2909 3195 3030 3260 ali-

133 3301 247 3364 qua
289 3283 535 3349 desumi
559 3289 791 3368 posset.
838 3283 1143 3350 XXVIII.
1202 3286 1413 3352 Probe.
1462 3283 1567 3350 An
1605 3285 1823 3350 electis
1865 3288 2014 3349 ante
2045 3283 2521 3350 conversionem
2557 3285 2603 3350 8⁶
2626 3283 2836 3361 fidem,
2859 3283 3032 3349 mala

125 3365 297 3454 hujus
340 3373 513 3438 vitae
558 3377 710 3438 sunt
754 3395 996 3458 poenae
1038 3373 1395 3439 formaliter
1423 3374 1471 3440 ἃ
1502 3372 1721 3438 stricte
1742 3373 1837 3438 ita
1861 3372 2085 3452 dictae,
2119 3376 2158 3436 a
2191 3369 2328 3436 Deo
2353 3371 2490 3437 scil.
2521 3372 2686 3436 irato
2709 3373 2758 3438 St
2781 3371 3028 3436 vindice

126 3455 431 3526 immissae
448 3465 481 3525 Ρ
528 3463 711 3547 Resp.
736 3461 902 3528 Sunt
924 3463 1087 3529 tales
1116 3462 1186 3527 in
1209 3485 1398 3527 sensu
1422 3483 1673 3538 eorum;
1706 3483 1832 3526 non
1859 3466 2009 3526 sunt
2031 3459 2236 3526 active
2258 3461 2304 3526 δι
2330 3463 2370 3525 a
2390 3463 2572 3545 parte
2595 3465 2786 3546 atque
2809 3481 2887 3524 ex
2916 3459 3028 3524 in-

126 3547 389 3614 tentione
434 3548 595 3626 Dei3
642 3555 957 3634 quatenus
982 3551 1119 3617 scil.
1149 3550 1485 3616 intercedit
1506 3549 1883 3633 justificatio
1910 3552 1956 3617 ἃ
1979 3548 2407 3614 reconciliatio
2436 3547 2664 3626 activa,
2689 3551 2882 3632 atque
2905 3546 3028 3612 im-

129 3638 383 3716 petratio
404 3638 833 3705 immunitatis
856 3641 897 3704 a
920 3661 1143 3724 poena,
1168 3661 1363 3723 quam
1386 3637 1677 3705 Christus
1700 3638 1838 3703 loco
1863 3659 2082 3703 eorum
2097 3658 2332 3722 poenas
2347 3637 2606 3702 ferendo
2624 3638 2670 3703 ἃ
2685 3635 3032 3702 auferendo

130 3726 371 3810 peperit.
419 3727 579 3792 lesa.
614 3727 721 3793 53.
754 3728 815 3792 5.
864 3749 1008 3792 cum
1043 3729 1103 3794 1.
1128 3727 1300 3794 Petr.
1336 3730 1396 3793 2.
1424 3729 1528 3792 20.
1556 3728 1661 3792 21.
1710 3724 1945 3791 XXIX.
1972 3725 2188 3793 Probl.
2233 3723 2342 3788 An
2364 3725 2656 3790 Christus
2679 3725 2768 3790 sit
2789 3724 3026 3790 media·

129 3813 233 3894 tor,
274 3816 322 3882 a
366 3819 561 3900 caput
604 3816 953 3882 electorum
976 3820 1125 3880 ante
1155 3816 1629 3882 conversionem
1642 3819 1673 3880 Ρ
1720 3817 1906 3900 Resp.
1951 3815 2050 3880 De
2071 3813 2436 3898 irregenitis
2467 3815 2514 3880 ἃ
2537 3834 2664 3878 non
2686 3813 3029 3879 foederatis

128 3919 214 3982 pr.
258 3906 381 3990 Aff.
429 3905 542 3970 sed
567 3917 792 3988 poster.
845 3905 992 3990 Neq.
1022 3925 1149 3969 non
1174 3904 1344 3969 enim
1368 3907 1517 3969 sunt
1538 3903 1739 3987 ipsius
1763 3925 2012 3987 corpus,
2040 3903 2262 3988 Ephes.
2295 3903 2354 3968 1.
2386 3903 2490 3966 22.
2526 3901 2631 3968 23.
2656 3923 2800 3966 cum
2825 3901 2886 3966 4.
2924 3901 3027 3967 15.

138 3988 223 4054 16.
246 3989 341 4056 De
361 3993 671 4078 regenitis
694 4013 845 4058 vero
862 4012 967 4078 pr.
992 3992 1282 4058 absolute
1313 3994 1438 4079 ΑῙῙ.
1464 3992 1574 4057 sed
1592 4004 1821 4076 poster.
1844 3993 1898 4057 A
1905 3996 1977 4078 ff.
2000 4013 2144 4056 cum
2167 3991 2311 4056 disc.
2336 3989 2687 4056 Durandus
2709 3991 2781 4055 in
2797 3991 2858 4054 3.
2883 3989 3028 4055 dist.

140 4076 224 4141 13.
269 4099 373 4165 qu.
406 4082 470 4146 2.
502 4079 587 4146 Κ.
611 4080 953 4166 distinguit
974 4080 1261 4146 membra
1282 4081 1351 4146 in
1373 4104 1450 4146 ea
1472 4101 1635 4165 quae
1659 4084 1807 4145 actu
1836 4082 1886 4146 a
1909 4102 1987 4145 ea
2009 4101 2173 4164 quae
2196 4078 2266 4142 in
2287 4079 2574 4164 potentia
2597 4077 2940 4163 aliquando
2963 4078 3030 4142 in

136 4169 325 4232 aetum
369 4169 653 4236 ducenda
698 4167 953 4235 Christo
998 4169 1341 4245 uniuntur3
1376 4171 1422 4236 ἃ
1447 4173 1862 4252 utrorumque
1891 4173 2182 4252 respectu
2207 4164 2534 4233 Christum
2557 4189 2692 4232 esse
2717 4171 2910 4252 caput
2932 4166 3030 4232 di·

138 4257 395 4336 cendum,
443 4259 554 4324 sed
602 4280 727 4323 non
760 4257 1133 4343 aequaliter.
1184 4255 1384 4322 XXX.
1411 4256 1624 4324 Probe.
1672 4257 1779 4330 An
1800 4257 1988 4322 electi
2011 4259 2160 4321 ante
2183 4256 2654 4322 conversionem
2679 4255 2746 4320 in
2769 4256 3031 4340 quaevis

140 4350 369 4424 peccata
398 4347 645 4431 possint
692 4347 968 4413 incidere
993 4348 1283 4432 (excepto
1304 4350 1563 4430 peccato
1592 4345 1659 4409 in
1689 4343 2000 4430 Spiritum
2017 4342 2084 4411 S.
2110 4346 2158 4412 ἃ
2181 4344 2360 4410 finali
2382 4344 2891 4430 impoenitentia)
2914 4365 3032 4409 no-

140 4430 406 4501 minatim
436 4435 501 4502 in
533 4439 793 4521 peccata
814 4434 1354 4520 praesumptionis
1376 4434 1741 4509 clamantia,
1766 4433 2208 4514 indurationis,
2235 4433 2754 4500 consuetudinem
2776 4435 2822 4501 a
2849 4432 3032 4496 habi·

2893 4525 3034 4588 tum
