3694 4871
285 295 496 360 D1s1’.
521 292 701 360 VII.
748 295 1420 362 Paestanum-uu
1463 317 1562 362 nn
1603 293 1961 362 Μιιιιιτο
2007 295 2394 364 Caneri
2440 297 2675 364 Pius
2722 296 2823 366 II.
2900 301 3027 367 187

122 479 456 564 quemlibet
499 500 732 563 purum
775 477 1100 544 hominem
1144 501 1259 564 pro
1303 501 1420 546 suo
1463 483 1721 564 peccato
1767 479 1985 556 etiam
2007 481 2264 548 mortali
2288 483 2597 570 condigne
2627 482 3023 551 satisfacere.

121 566 274 633 Vide
318 567 483 651 apud
543 568 817 654 Vasquez
863 568 934 633 in
977 570 1038 632 3.
1099 567 1368 634 rhomae
1411 580 1648 656 quaest.
1677 569 1736 634 1.
1760 581 1875 636 aut
1905 571 1966 635 2.
1992 569 2225 654 disput.
2254 591 2391 654 cap.
2421 571 2479 636 1.
2494 571 2730 637 citatos
2758 571 3028 639 Alman-

121 657 324 736 dmm,
351 656 780 757 Pandanam,
807 655 1215 736 Richardum,
1250 658 1626 758 Tappemm,
1654 659 2039 741 cajetanum.
2087 657 2185 723 De
2208 659 2444 724 veniali
2466 664 2721 744 peccato
2744 681 2925 745 comp
2928 662 3028 727 lu-

121 766 214 808 res
257 745 303 810 a
347 766 490 808 cum
537 743 617 808 iis
679 744 944 830 Vasquez
987 745 1134 810 ibid.
1181 765 1316 830 cap.
1360 747 1421 810 3.
1444 745 1634 810 nimis
1658 745 1996 810 manifeste
2019 746 2085 810 id
2109 746 2411 812 affirmat.
2458 745 2570 813 XI.
2618 746 2833 814 Posito
2863 749 3030 832 quod

122 829 423 896 Mediator
468 831 515 896 ἃ
563 829 842 915 Sponsor
872 832 1162 898 debuerit
1187 853 1322 897 esse
1352 832 1527 898 Deus
1548 834 1937 912 incarnatae,
1969 856 2052 899 an
2076 834 2132 898 is
2154 836 2508 900 necessario
2532 835 2731 900 fuerit
2760 857 3030 920 persona

121 918 396 993 secundm
406 919 503 983 ita
520 923 594 984 ut
610 920 983 1004 simpliciter
997 920 1410 1004 impossibilis
1425 920 1654 986 fuisset
1667 921 2020 987 incarnatio
2034 943 2339 1006 personae
2355 922 2619 1006 primae,
2638 927 2751 988 aut
2764 924 3027 990 tertiae?

121 1007 288 1093 Κεφ.
331 1006 798 1092 Congruentiae
843 1009 1155 1091 quaedam
1195 1011 1232 1072 ὲ
1271 1006 1590 1088 Patribus,
1615 1009 1662 1074 s
1685 1007 2060 1074 Postillistis
2083 1010 2428 1090 nonnullis,
2458 1011 2507 1076 ἅ
2530 1011 2919 1078 Scholasticis
2948 1013 3035 1078 ad

119 1097 176 1159 3.
217 1107 452 1182 quaest.
499 1096 562 1159 3.
608 1097 783 1162 artic.
828 1098 890 1161 8.
921 1095 1160 1161 adferri
1189 1094 1426 1162 solent.
1454 1095 1564 1161 sed
1593 1119 1756 1182 quae
1786 1097 1989 1162 vicem
2015 1060 2573 1164 demonstrationis
2597 1098 3027 1185 Theologicae

117 1187 432 1268 praestare
457 1188 798 1267 nequeunt.
823 1184 1181 1250 scholastici
1201 1185 1288 1250 ad
1311 1185 1370 1248 3.
1395 1197 1630 1270 quaest.
1657 1185 1717 1250 3.
1742 1197 1868 1250 art.
1893 1187 1952 1250 5.
1980 1185 2042 1249 6.
2074 1186 2132 1250 7.
2159 1187 2578 1251 communiter
2601 1189 2791 1272 Neq.‚·
2814 1191 3035 1254 contra

117 1271 442 1336 asserendo
487 1272 842 1355 quamlibet
885 1293 1240 1356 personam,
1266 1273 1465 1338 &tres
1488 1273 1680 1337 simul
1710 1278 2009 1338 naturam
2032 1273 2378 1338 humanam
2403 1275 2449 1340 a
2472 1297 2666 1340 unam
2688 1297 3025 1360 personam

117 1359 180 1424 in
221 1360 376 1424 duas
422 1363 682 1424 naturas
729 1381 912 1444 posse
959 1381 1298 1426 assumere.
1347 1358 1768 1426 Tutissimum
1791 1366 1891 1426 est
1912 1361 1990 1426 de
2013 1361 2250 1426 talibus
2274 1361 2515 1427 curiose
2540 1384 2668 1427 non
2696 1363 3029 1448 disputari.

117 1446 182 1513 Si
222 1448 366 1532 quis
409 1447 480 1512 in
524 1451 772 1531 partem
814 1451 864 1514 A
869 1451 940 1536 ff
979 1470 1280 1532 praesens
1309 1448 1639 1532 problema
1662 1448 2084 1514 determinare
2109 1450 2323 1528 vellet,
2348 1450 2395 1514 a
2420 1449 2661 1533 absque
2686 1449 3033 1536 Scripturis

119 1539 416 1618 tanquam
440 1536 780 1601 articulum
805 1536 953 1601 fidei
975 1541 1089 1601 aut
1110 1537 1342 1621 dogma
1365 1534 1824 1622 Theologicum
1847 1557 2114 1621 urgere3
2143 1536 2359 1620 utique
2376 1537 2719 1621 petendum
2734 1539 3032 1617 arbitror,

115 1628 184 1688 ut
205 1624 446 1688 solidae
467 1623 746 1689 rationes
771 1623 1158 1690 adferantur.
1206 1621 1321 1690 Sin
1344 1627 1553 1689 totum
1577 1623 1738 1690 hoc
1719 1646 1787 1689 m
1817 1623 2026 1690 medio
2051 1625 2195 1709 quis
2218 1625 2598 1709 relinquere,
2623 1626 2715 1693 ἃ
2694 1649 2759 1690 ιιι
2786 1627 3033 1712 sapien·

115 1711 352 1777 tissimo
373 1710 500 1776 Dei
521 1712 772 1777 decreto
795 1712 1192 1796 acquiescere
1214 1712 1420 1790 malit,
1452 1712 1674 1796 utique
1701 1733 1958 1778 causam
1980 1711 2103 1778 Dei
2126 1713 2418 1778 hostibus
2442 1713 2588 1779 fidei
2612 1715 2883 1786 tradere.
2917 1717 3029 1780 aut

117 1798 176 1864 in
219 1799 498 1886 gratiam
536 1822 756 1865 eorum
780 1800 860 1865 ab
885 1800 1294 1865 ulterioribus
1319 1799 1958 1866 determinationibus
1982 1801 2302 1866 abstinere
2326 1800 2625 1867 dicendus
2644 1823 2772 1867 ιιοιι
2796 1805 2914 1881 est,
2946 1804 3027 1868 ab

116 1887 209 1966 iis,
253 1887 365 1970 qui
411 1887 750 1952 sublimius
792 1887 899 1953 hic
939 1891 1252 1970 quaerunt
1281 1888 1328 1952 a
1359 1888 1802 1953 determinant.
1852 1886 2033 1954 Sicut
2054 1888 2335 1954 vicissim
2360 1889 2440 1954 ab
2464 1889 2578 1953 illo
2601 1889 2671 1953 hi
2695 1891 3028 1955 accusandi

117 1997 230 2040 non
282 1979 455 2054 sunt,
500 1975 670 2060 quod
714 1977 1032 2041 communi
1079 1976 1432 2041 sententiae
1465 1975 1951 2041 Ecclesiasticae
1974 1974 2426 2041 catechesibus
2455 1976 2504 2041 ἃ
2528 1977 3029 2043 confessionibus

119 2064 391 2128 omnium
418 2025 875 2128 determinatae
897 2068 1258 2149 repugnent
1281 2063 1443 2128 aut
1423 2086 1492 2127 ιιι
1516 2086 1656 2129 eam
1680 2064 1951 2129 rebelles
1981 2063 2134 2143 sint,
2156 2086 2302 2128 cum
2326 2066 2521 2129 data
2497 2087 2537 2128 a
2560 2064 3027 2148 quaesitoribus

117 2155 222 2216 aut
265 2151 647 2216 adversariis
691 2151 1036 2231 occasione,
1084 2173 1276 2236 supra
1327 2150 1871 2235 sapientissimum
1914 2150 2037 2216 Dei
2082 2152 2406 2216 decretum
2452 2153 2817 2230 ascendunt,
2842 2155 2889 2219 s
2912 2175 3027 2238 pro

117 2239 361 2304 modulo
407 2239 604 2304 altius
643 2239 797 2324 quid
825 2239 1203 2324 respondere
1227 2261 1299 2304 ac
1323 2238 1744 2304 determinare
1768 2243 2077 2305 conantur
2099 2239 2176 2305 de
2200 2239 2575 2324 simpliciter
2603 2240 2891 2324 possibili
2915 2244 3029 2305 aut

119 2325 513 2412 impossibili.
560 2325 708 2393 ΧΙΙ.
748 2328 854 2393 An
901 2327 1192 2393 Christus
1237 2326 1552 2392 Mediator
1581 2326 1873 2394 debuerit
1909 2349 2229 2393 assumere
2252 2326 2600 2394 humanam
2629 2332 2925 2393 naturam
2948 2351 3028 2393 ex

119 2415 327 2481 eodem
375 2415 724 2501 sanguine3
775 2417 929 2482 adeo
976 2420 1048 2482 ut
1093 2415 1470 2501 simpliciter
1491 2415 1887 2500 impossibile
1910 2415 2139 2481 fuisset
2159 2438 2381 2482 verum
2404 2416 2659 2500 quidem
2682 2415 3026 2497 hominem,

117 2504 220 2569 sed
247 2504 516 2570 alterius
546 2503 833 2589 originis,
859 2528 898 2568 a
918 2504 1051 2570 filio
1073 2502 1453 2569 Redemtore
1477 2504 1734 2570 assumi.
1762 2503 2376 2584 Resp.Sch01ast.ad
2398 2506 2456 2575 3.
2476 2516 2707 2606 quaest.
2732 2507 2793 2570 4.
2818 2516 2938 2571 art.
2965 2504 3028 2571 6.

117 2591 328 2657 dicunt
372 2591 552 2677 prius
583 2614 720 2659 esse
751 2592 1146 2657 conveniens.
1192 2590 1290 2657 De
1316 2614 1442 2676 quo
1464 2592 1704 2658 minine
1727 2591 2165 2657 dubitandum.
2214 2592 2315 2657 Ex
2337 2593 2572 2657 nostris
2600 2591 3029 2678 Cloppenbur·

112 2679 245 2763 qius
291 2681 366 2746 in
413 2680 742 2767 Symaqm.
787 2682 978 2749 select.
1026 2680 1360 2748 Exercitat.
1401 2700 1552 2766 paq.
1601 2681 1750 2745 325.
1799 2680 1953 2745 dicit
1975 2680 2265 2746 debuisse
2289 2680 2383 2745 ita
2404 2680 2565 2746 fieri.
2612 2678 2738 2746 Sed
2760 2680 3031 2747 ulterius

114 2766 558 2853 inquirendum
604 2772 790 2847 esset,
837 2789 917 2833 an
963 2768 1402 2833 necessitatem
1454 2768 1811 2833 absolutam
1852 2790 1933 2832 ex
1978 2768 2042 2833 vi
2064 2767 2377 2833 naturalis
2413 2768 2705 2852 justitiae
2752 2769 3024 2849 divinae,

115 2876 192 2919 an
235 2878 388 2921 vero
434 2855 914 2941 hypotheticam
957 2859 1212 2921 tantum
1256 2878 1335 2921 ex
1379 2856 1446 2921 vi
1489 2856 1724 2921 decreti
1769 2855 2048 2941 intelligi
2094 2856 2283 2921 velit:
2325 2856 2493 2940 quod
2536 2856 2593 2922 si
2638 2856 2838 2936 illam,
2870 2856 3031 2921 rati-

116 2964 258 3009 ones
302 2943 656 3009 andiendae
711 2946 758 3011 δι
802 2966 924 3029 exp
926 2943 1244 3009 endendae
1297 2947 1529 3010 essent.
1573 2941 1673 3008 De
1717 2943 1844 3009 ista
1891 2947 2111 3009 contra
2160 2942 2619 3027 Anabaptistas
2664 2904 3031 3011 conclusum

116 3036 228 3098 est.
273 3030 463 3097 xm.
511 3033 612 3098 An
658 3031 948 3097 debuerit
1001 3052 1322 3097 assumere
1369 3034 1668 3097 naturam
1714 3030 2065 3097 humanam
2097 3031 2338 3115 absque
2368 3035 2648 3115 peccat0,
2696 3035 2743 3099 δι
2786 3033 3027 3117 impec-

114 3119 402 3185 cabilem.
455 3120 632 3205 Κεφ.
681 3122 734 3187 A
741 3123 813 3207 ff
865 3119 1197 3185 Catcchesis
1241 3130 1460 3185 nostra
1503 3131 1738 3205 quaest.
1790 3120 1893 3183 14.
1957 3118 2057 3184 16.
2085 3141 2432 3203 omnesque
2466 3119 2850 3201 Reformati,
2875 3142 3027 3186 con-

115 3210 212 3272 tra
254 3207 549 3273 horridas
594 3214 638 3271 8⁶
676 3206 977 3291 profanas
999 3207 1488 3291 disceptationes
1510 3208 1907 3290 quorundam
1930 3205 2487 3286 scholasticorum,
2513 3208 2695 3285 Scoti,
2729 3210 3032 3276 Durandi

121 3292 226 3361 &a
275 3295 496 3372 Quas'
468 3318 604 3380 Jam
627 3301 776 3361 ante
798 3296 955 3360 satis
977 3294 1394 3361 confuderant
1415 3294 1829 3374 Lombardus,
1934 3316 2019 3381 ag
2023 3293 2227 3380 .247]
2253 3316 2398 3359 cum
2432 3258 2669 3363 T’homa
2692 3298 2781 3363 ad
2802 3298 2865 3362 3.
2886 3298 3029 3363 disc.

118 3383 215 3449 12.
239 3384 416 3461 Quos
442 3386 792 3468 sequuntur
823 3384 1178 3469 Capreolus,
1212 3383 1462 3451 Paulus
1493 3382 1818 3462 Sonam,
1905 3393 2073 3449 etms
2095 3383 2172 3449 dc
2194 3382 2458 3451 Palude.
2506 3380 2613 3448 Sic
2636 3388 2700 3449 et
2722 3384 3031 3450 recentio-

113 3471 285 3537 ribus
331 3472 605 3537 eundem
650 3493 927 3537 errorem
946 3470 1172 3537 merito
1195 3470 1580 3557 impugnant
1611 3472 1943 3537 Ronanus
1916 3491 1991 3537 m
2023 3470 2225 3537 Ἠιεοὶ.
2256 3470 2551 3538 Schola-st.
2572 3483 2739 3556 part.
2768 3474 2827 3535 3.
2856 3482 3029 3537 tract.

119 3560 174 3625 1.
219 3582 270 3625 c.
318 3562 426 3624 12.
475 3571 708 3648 quaest.
763 3560 826 3625 3.
875 3560 1270 3646 Waddinqus
1293 3560 1369 3625 de
1397 3560 1840 3625 Incamatione
1860 3558 2099 3645 disput.
2124 3561 2189 3623 8.
2222 3558 2367 3625 dub.
2400 3560 2457 3623 1.
2482 3557 3031 3640 Remonstrantes,

117 3651 186 3712 ut
207 3648 412 3713 libere
437 3670 622 3713 suum
652 3647 926 3712 liberum
950 3647 1286 3713 arbitrium
1310 3646 1672 3727 defendant,
1695 3646 1764 3711 in
1789 3647 2059 3711 eundem
2082 3647 2410 3730 scopulum
2432 3646 2818 3733 impingunt.
2858 3646 3030 3723 Quos

116 3735 181 3800 in
226 3735 408 3821 Apol.
457 3756 590 3819 cap.
619 3736 720 3800 17.
753 3734 800 3799 8⁶
821 3735 890 3800 in
920 3735 1114 3819 Epist.
1178 3736 1308 3800 Wri
1329 3735 1486 3801 docti
1511 3734 1608 3821 (h.
1631 3758 1686 3799 e.
1711 3734 1992 3801 Simonis
2013 3734 2354 3819 Episcopii)
2376 3734 2463 3801 ad
2496 3736 2821 3801 Cameren.
2866 3734 3033 3799 Vide

117 3822 444 3889 detectos
420 3846 460 3887 a
485 3823 978 3909 Clcppenburqio
1007 3823 1110 3890 lib.
1136 3824 1233 3889 cit.
1254 3844 1406 3925 paq.
1431 3822 1580 3887 223.
1609 3823 1758 3887 224.
1783 3822 1873 3887 δι
1854 3844 1923 3887 ιιι
1945 3834 2162 3889 nostra
2184 3822 2657 3889 catechizatione
2674 3822 3035 3891 catechismi

121 3912 472 3978 Remonstr.
517 3923 753 4014 quaest.
802 3913 906 3977 30.
955 3910 1138 3976 Addo
1183 3910 1293 3993 qui
1337 3932 1506 3976 nunc
1535 3910 1790 3976 demum
1811 3910 1975 3975 mihi
2004 3912 2205 3977 lectus
2227 3910 2429 3977 Jacob.
2461 3912 2770 3977 Bovium
2746 3932 2817 3976 tn
2838 3930 3035 3977 curm

119 3990 342 4085 Dispp.
368 3999 482 4063 ubi
503 3999 687 4085 Βίφ.
718 4000 796 4065 de
822 3998 1178 4065 ohedientia
1211 3998 1441 4065 Christi
1471 4020 1548 4064 ex
1570 3997 1854 4082 professo
1877 4020 2095 4064 omnes
2118 3997 2707 4065 Remonstrantium
2730 3999 3033 4084 objectio·-

121 4108 227 4153 nes
271 4090 320 4155 δι
367 4088 768 4171 exceptiones
812 4087 1132 4173 profligat.
1179 4086 1360 4153 XIV.
1404 4088 1506 4152 An
1527 4086 1794 4151 minima
1816 4085 2055 4153 Christi
2081 4106 2305 4171 poena,
2328 4086 2523 4153 immo
2553 4088 2657 4153 vel
2678 4086 2864 4153 unica
2886 4109 3032 4153 san·

123 4174 332 4259 guinis
357 4176 617 4260 guttula
640 4174 919 4241 sufficiat
938 4198 1056 4259 pro
1081 4174 1374 4241 omnibus
1403 4174 1678 4259 peccatis
1697 4196 1864 4259 quae
1894 4178 2035 4258 quis
2058 4174 2407 4251 commisit·
2446 4178 2637 4258 atque
2668 4175 2822 4240 adeo
2852 4175 3039 4241 suffi-

123 4262 246 4327 ciat
287 4264 615 4349 guttulam
647 4267 920 4342 tantum,
959 4267 1072 4330 aut
1101 4262 1432 4329 minimam
1456 4262 1814 4347 passionem
1838 4264 1879 4327 a
1902 4259 2080 4327 Deo'
2062 4283 2129 4326 m
2156 4260 2367 4336 λύτρον
2386 4261 2571 4328 nobis
2594 4263 3037 4349 imputandam

121 4354 308 4435 atque
356 4351 800 4436 applicandam
841 4351 1156 4436 postulari
1173 4355 1206 4419 Ρ
1251 4352 1435 4438 Resp.
1471 4352 1665 4438 Nfflat
1715 4350 2054 4419 catechesis
2082 4361 2319 4437 quaest.
2345 4350 2451 4417 37.
2482 4350 2590 4416 40.
2618 4350 2725 4417 44.
2771 4350 3035 4504 Neguant

2838 4460 2873 4504 e
2968 4459 3035 4503 m
