3694 4871
636 331 762 393 210
833 329 1051 394 Β13Ρ.
1097 328 1244 394 VII.
1296 330 1965 396 PaosLnMA'ruu
2010 355 2108 396 00
2156 330 2512 396 Μ311110
2560 332 2943 398 00111311
2992 333 3227 400 Pius
3272 334 3383 401 IV.

632 513 946 579 Absolute
971 513 1295 580 Christum
1329 518 1455 599 qua
1477 513 1897 580 Mediatorem
1921 515 2044 580 dici
2068 537 2250 600 posse
2275 520 2468 598 caput
2491 516 2923 600 reproborum.
2972 517 3157 593 Quod
3188 519 3351 583 enim
3384 522 3537 585 31111-

633 603 738 667 liis
784 603 1160 686 quibusdam
1216 603 1664 669 communioris
1719 604 1967 689 gratiae
2010 626 2465 688 nonnunquam
2512 626 2617 668 eos
2665 605 2947 684 instruit,
2974 608 3255 671 externis
3282 610 3537 674 coetibus

631 691 914 755 fidelium
961 714 1076 774 per
1099 692 1247 756 fidei
1291 692 1571 774 ejusdem
1617 692 2073 776 professionem
2098 714 2203 756 eos
2228 693 2471 767 inserit,
2498 693 2779 776 ipsorum
2802 693 2986 758 donis
3010 695 3215 759 utitur
3237 697 3303 760 in
3326 697 3533 762 bonum

633 778 954 844 Ecclesiae
979 781 1079 845 810.
1105 778 1180 843 Id
1195 780 1350 844 facit
1372 802 1498 845 non
1515 785 1642 864 qua
1659 785 1850 865 caput
1867 803 2104 859 eorum,
2130 781 2239 844 sed
2263 785 2391 864 qua
2415 785 2607 865 caput
2629 781 2953 846 Ecclesiae
2970 805 3146 848 suae.
3172 783 3349 848 Haut
3370 787 3533 850 aliter

635 889 708 932 ac
759 889 866 932 eos
897 873 1160 945 0001001,
1194 869 1375 953 virga
1399 867 1606 934 ferrea
1629 869 1995 954 confringit,
2022 869 2089 932 in
2114 869 2320 933 medio
2346 891 2564 933 eorum
2589 869 2971 948 dominatur,
2998 893 3107 936 003
3138 874 3395 956 pedibus
3419 876 3529 938 suis

634 978 762 1020 una
807 977 948 1019 cum
973 957 1402 1035 daemonibuS,
1431 958 1651 1022 bestiis
1675 958 1902 1034 noxiiS‚
1928 957 2197 1040 aliisque
2222 957 2529 1022 creaturis
2554 958 2812 1040 subjicit
2838 959 3016 1026 Psal.
3046 962 3109 1024 2.
3143 959 3205 1025 8.·
3236 963 3374 1024 110.
3402 961 3457 1027 ἃ·
3482 966 3525 1026 l.

639 1045 778 1110 Gor.
841 1045 938 1108 15.
989 1045 1264 1128 Philipp.
1293 1047 1350 1108 2.
1383 1047 1560 1112 Rom.
1600 1046 1699 1109 16.
1723 1046 1919 1111 Marci
1953 1045 2055 1110 16.
2081 1046 2290 1109 collat.
2318 1068 2461 1110 cum
2487 1049 2689 1111 Actor.
2724 1048 2829 1110 28.
2834 1049 2925 1131 )q
2929 1049 3055 1113 uod
3080 1048 3237 1113 facit
3264 1073 3383 1114 non
3402 1055 3527 1115 tan-

633 1155 828 1216 quam
875 1137 1065 1216 caput
1112 1134 1509 1212 daemonum,
1537 1135 1977 1198 damnatorum
2006 1135 2354 1198 bestiarum
2380 1133 2482 1198 810.
2510 1133 2633 1198 Sed
2666 1139 2973 1218 tanquam
2998 1143 3195 1220 caput
3220 1139 3405 1202 solius
3424 1140 3525 1203 Ec-

631 1221 893 1286 clesiae:
945 1222 1236 1306 quamvis
1285 1245 1412 1305 qua
1463 1185 1780 1287 Mediator
1825 1223 2082 1286 illorum
2128 1222 2413 1286 omnium
2460 1223 2751 1287 dominus
2776 1224 2861 1288 sit
2891 1225 3150 1290 domino
3184 1227 3469 1309 peculiari
3490 1227 3527 1291 ἃ
3653 1219 3656 1256 ⁷

633 1310 1029 1376 oeconomico
1075 1311 1141 1374 in
1167 1310 1383 1375 ordine
1407 1314 1454 1376 81
1478 1315 1768 1394 respectu
1793 1311 2118 1375 Ecclesiae
2150 1333 2321 1390 suae,
2346 1333 2541 1394 quam
2567 1311 2815 1376 interne
2847 1313 2894 1376 81
2924 1317 3189 1377 externe
3194 1337 3333 1414 (1113
3354 1323 3523 1399 caput

631 1400 964 1485 gubernat.
1015 1399 1232 1464 Matth.
1286 1401 1390 1463 28.
1444 1400 1545 1464 18.
1579 1400 1931 1484 Philipp.2
1939 1400 2042 1462 ..9
2074 1401 2173 1462 10.
2224 1398 2323 1462 Ex
2348 1399 2468 1463 hac
2493 1400 3019 1466 determinatione
3046 1403 3281 1485 corrigi
3302 1404 3527 1480 debent,

630 1511 793 1573 quae
841 1489 1128 1554 Becanus
1171 1509 1306 1572 cap.
1355 1489 1461 1551 20.
1511 1487 1586 1552 (10
1633 1487 1888 1552 Christo
1934 1488 2140 1570 capite
2162 1487 2449 1551 omnium
2470 1488 2797 1552 hominum
2824 1491 3146 1573 proponit,
3172 1491 3274 1555 hic
3294 1498 3528 1575 propter

629 1577 887 1642 chartae
935 1577 1300 1660 angustiam
1355 1598 1480 1640 non
1527 1576 1904 1641 exhibenda.
1950 1575 2328 1640 Conferendi
2374 1598 2517 1640 cum
2545 1577 2789 1641 Becano
2834 1591 3341 1646 commentatores
3368 1581 3449 1644 ad
3474 1583 3527 1643 3.

631 1678 863 1752 quaest.
892 1665 951 1728 8.
977 1665 1151 1729 artic.
1179 1667 1238 1728 3.
1265 1663 1352 1728 Et
1376 1665 1756 1748 epitomator
1779 1663 2065 1728 Thomae
2094 1664 2405 1748 Alagona,
2432 1665 2542 1747 qui
2566 1665 2804 1729 ibidem
2828 1665 2905 1730 de
2928 1689 3043 1730 300
3070 1668 3399 1731 absurdum
3424 1670 3527 1734 hoe

635 1753 845 1818 addit.-
901 1754 1186 1841 [nfideles
1231 1765 1380 1819 sunt
1427 1753 1706 1818 membra
1767 1752 1997 1819 Christi
2022 1753 2402 1836 impotentia,
2431 1773 2589 1838 quae
2618 1753 2993 1836 [landatur
2966 1776 3039 1818 m
3064 1758 3281 1822 merito
3306 1758 3529 1824 Christi.

631 1843 693 1909 a
731 1844 800 1907 111
847 1842 1032 1908 libero
1055 1842 1335 1907 arbitrio,
1385 1841 1588 1945 XXV.
1641 1841 1854 1907 Proba.
1904 1840 2009 1904 An
2033 1840 2393 1906 obedientia
2417 1864 2533 1905 sua
2554 1842 2679 1905 sibi
2702 1842 3157 1925 acquisiverit
3133 1867 3239 1928 Jus
3260 1825 3529 1928 perdendi

630 1931 934 1996 infideles,
943 1932 1119 2014 Hesp.
1125 1929 1466 2014 Distingue
1490 1927 1560 1988 τὸ
1577 1930 1812 1993 directe
1818 1929 2077 2013 ,primo,
2097 1929 2480 2008 immediate,
2505 1953 2618 2013 per
2628 1953 2695 1993 se
2712 1931 3061 2014 acquirere,
3082 1935 3121 1996 a
3146 1941 3233 2011 τῷ
3264 1935 3531 2004 mediate

523 2097 527 2102 ¹
631 2023 1106 2103 consequenter,
1131 2021 1176 2084 81
1201 2041 1314 2102 per
1346 2018 1632 2082 accidens
1656 2018 2001 2100 acquirere,
2027 2022 2335 2100 tanquam
2358 2040 2518 2101 opus
2542 2041 2653 2082 seu
2686 2041 2919 2083 munus
2944 2022 3409 2097 succedaneum‚
3434 2028 3533 2086 aut

629 2129 964 2173 annexum.
1012 2107 1221 2171 Priori
1251 2107 1435 2171 modo
1461 2106 1610 2191 0709.
1657 2107 1756 2170 Ex
1789 2106 2067 2172 Johtmn.
2094 2107 2155 2170 3.
2180 2127 2337 2171 0013.
2368 2107 2471 2171 1'.l
2506 2107 2603 2170 18.
2654 2107 3005 2172 Posteriori
3036 2111 3224 2174 modo
3246 2112 3361 2197 Aff.
3384 2109 3535 2186 Quia

630 2196 970 2281 acquisivit
1013 2217 1284 2280 regnum
1336 2196 1804 2260 oeconomicum
1855 2195 2171 2280 (Philipp.
2220 2197 2279 2256 2.
2303 2195 2362 2258 9.
2396 2196 2495 2258 10.
2500 2203 2521 2274 )
2547 2217 2661 2278 per
2684 2196 2851 2278 quod
2876 2196 3029 2260 dum
3054 2203 3273 2262 tuetur
3294 2200 3339 2263 81
3366 2221 3528 2262 coro·

629 2290 743 2349 nat
763 2284 1002 2363 fideleS,
1035 2306 1162 2348 una
1187 2285 1500 2348 coercet&
1525 2283 1735 2367 perdit
1757 2283 2063 2361 infideleS,
2092 2283 2268 2348 Psal.
2297 2285 2356 2346 2.
2382 2304 2541 2348 vers.
2570 2287 2629 2347 8.
2658 2285 2718 2348 9.
2754 2285 2853 2348 12.
2886 2283 2949 2349 ἃ·
2981 2287 3128 2349 110.
3154 2308 3310 2351 vera.
3330 2289 3383 2350 1.
3406 2288 3467 2350 2.
3482 2289 3537 2350 3.

629 2371 868 2439 XXVI.
919 2372 1131 2439 Probe.
1179 2371 1343 2448 Quid
1374 2371 1668 2437 Christus
1691 2372 1995 2435 meruerit
2022 2333 2287 2457 Angelis
2320 2371 2503 2435 bonis
2522 2375 2551 2435 P
2602 2373 2776 2457 Hesp.
2825 2371 3032 2437 Nihil.
3077 2376 3136 2438 1.
3162 2375 3321 2451 Quia
3344 2374 3539 2459 Scrip-

629 2466 776 2527 tura
800 2461 904 2525 hic
927 2466 1116 2527 tacet.
1149 2462 1323 2546 Ergo
1349 2483 1476 2525 non
1501 2465 1602 2525 est
1625 2460 1997 2544 sapiendum
2028 2482 2220 2543 supra
2245 2460 2310 2524 id
2333 2461 2501 2543 quod
2524 2461 2833 2544 scriptum
2858 2466 2975 2525 est.
3004 2464 3066 2527 2.
3098 2465 3263 2545 Quia
3292 2464 3535 2527 fuerunt

629 2550 986 2615 confirmati
1030 2550 1098 2614 in
1146 2550 1376 2635 gratia,
1425 2549 1471 2612 ἃ
1518 2550 1584 2612 10
1615 2550 1911 2628 termino,
1939 2553 2282 2631 antequam
2308 2548 2599 2613 Christus
2626 2550 2810 2614 datus
2835 2554 2949 2614 aut
2983 2552 3363 2617 constitutus
3384 2557 3543 2617 esset

629 2638 963 2703 Mediator.
993 2640 1053 2703 3.
1086 2640 1250 2720 Quia
1275 2642 1423 2703 sunt
1446 2638 1941 2721 independentes
1974 2660 2011 2701 a
2032 2641 2288 2720 peccato
2331 2636 2575 2715 Adami,
2602 2640 2649 2703 81
2672 2637 3136 2722 consequenter
3158 2642 3237 2705 ab
3261 2642 3539 2705 incarna-

626 2727 821 2806 tione,
869 2749 1056 2791 carne
1081 2728 1389 2810 passibili,
1415 2731 1638 2804 morte,
1666 2728 1712 2791 81
1734 2730 1874 2789 tota
1896 2725 2257 2789 obedientia
2283 2730 2419 2788 tum
2446 2726 2671 2804 activa,
2696 2731 2835 2790 tum
2864 2727 3125 2810 passiva
3150 2728 3383 2793 Christi
3409 2729 3538 2792 Me-

627 2815 909 2880 diatoriS.
958 2814 1134 2891 Quae
1179 2816 1393 2879 omnia
1439 2837 1564 2878 non
1609 2814 1901 2892 fuissent,
1949 2813 2261 2898 siquidem
2292 2813 2577 2878 Adamus
2600 2836 2727 2879 non
2756 2820 3101 2898 peccasset.
3150 2816 3535 2881 Contrarium

628 2904 734 2968 hic
779 2908 1072 2968 statuunt
1117 2902 1430 2988 Theologi
1481 2902 1770 2966 nonnulli
1818 2907 1957 2966 tum
2004 2925 2081 2966 ex
2127 2900 2501 2981 Pontificiis,
2532 2907 2670 2966 tum
2696 2924 2773 2966 ex
2802 2904 3039 2967 nostris
3064 2928 3259 2989 supra
3284 2918 3449 2990 part.
3482 2907 3536 2967 2.

628 2993 820 3076 hujus
844 2993 1006 3077 disp.
1039 2992 1216 3057 The-si
1239 2992 1298 3055 2.
1307 2991 1522 3057 Probl.
1550 2993 1610 3054 5.
1637 2990 1918 3055 indicati.
1946 2992 2233 3055 Becanus
2248 2992 2396 3055 locis
2414 2952 2501 3055 ibi
2520 2992 2615 3054 cit
2637 2990 2962 3056 nobiscum
2980 2995 3214 3057 statuit
3231 2993 3537 3059 Christum

628 3103 742 3145 nec
795 3081 1066 3165 gloriam
1111 3102 1226 3143 nec
1270 3084 1548 3164 gratiam
1595 3079 1672 3142 iis
1710 3079 2037 3143 meruisse.
2091 3080 2265 3163 [pag.
2294 3079 2455 3165 277]
2505 3078 2803 3143 Concedit
2824 3084 3066 3158 tamen,
3092 3082 3169 3146 de
3195 3083 3539 3167 aliquarum

625 3191 839 3233 rerum
892 3168 938 3233 81
985 3168 1430 3252 mysteriorum
1481 3168 1898 3232 revelatione:
1948 3164 2073 3231 Sed
2118 3168 2357 3249 absque
2410 3167 2543 3232 ulla
2588 3167 2853 3245 ratione,
2900 3172 2973 3231 ut
3022 3130 3117 3232 ibi
3169 3172 3535 3235 notavimus.

627 3256 893 3321 Frustra
939 3278 1092 3342 ergo
1131 3256 1406 3321 Antores
1431 3254 1650 3319 citati
1633 3278 1701 3319 10
1722 3256 1949 3319 merito
1982 3255 2219 3320 Christi
2244 3256 2639 3340 Angelorum
2664 3218 3267 3336 reconciliationem,
3300 3264 3411 3323 aut
3438 3280 3539 3323 re·

627 3346 1030 3423 demtionem,
1081 3349 1193 3409 aut
1215 3345 1774 3421 conservationem,
1801 3346 1914 3407 aut
1947 3344 2465 3427 praemotionem,
2493 3347 2605 3407 aut
2629 3343 3055 3427 adoptionem,
3090 3350 3207 3411 aut
3230 3346 3539 3433 glorifica-

625 3434 864 3498 tionem
911 3437 1242 3518 quaerunt.
1290 3431 1561 3496 XXVII.
1598 3394 1812 3498 Prob'c.
1839 3432 2075 3496 Affinis
2108 3436 2205 3496 est
2229 3432 2517 3515 quaestio
2540 3454 2622 3496 an
2654 3432 2700 3495 81
2732 3434 3045 3515 quomodo
3072 3434 3159 3498 sit
3186 3437 3476 3501 dominus
3502 3436 3541 3498 81

626 3528 820 3606 caput
871 3522 1314 3606 Angelorum?
1361 3522 1544 3622 110311.
1591 3522 1912 3586 Dominus
1958 3543 2177 3585 eorum
2222 3526 2319 3585 est
2344 3521 2577 3604 duplici
2600 3520 2845 3585 ratione
2876 3520 3041 3580 κατὰ
3068 3526 3399 3599 &noiatim
3420 3523 3540 3587 scil.

627 3611 1058 3676 consideratus
1101 3614 1410 3719 tanquam
1456 3610 1721 3684 ὀμοοὺσιο
1693 3631 1754 3677 ς
1792 3631 1936 3673 cum
1962 3608 2153 3673 Patre
2188 3608 2757 3693 Ι)003,1(1(100]111·0
2780 3609 3125 3673 creationis
3146 3611 3196 3675 &
3220 3634 3541 3677 conserva·

625 3700 852 3764 tionis:
901 3683 1041 3760 κατ’
1073 3699 1393 3774 οἰκονομίαν
1437 3720 1564 3781 qua
1609 3697 1944 3776 Mediator,
1994 3701 2039 3763 81
2086 3697 2342 3781 quidem
2388 3698 2645 3783 speciali
2672 3698 2916 3762 ratione
2940 3703 3089 3781 post
3120 3702 3541 3765 ascensionem

626 3789 852 3873 Ephes.
906 3791 961 3852 1.
1013 3788 1117 3851 20.
1153 3788 1257 3850 21.
1309 3788 1508 3871 Caput
1556 3809 1772 3851 eorum
1798 3792 1915 3865 est,
1943 3786 2093 3869 quia
2117 3787 2435 3885 gubernat
2459 3808 2585 3861 003,
2610 3788 2656 3851 81
2682 3786 2885 3851 utitur
2916 3786 3177 3851 illorum
3202 3788 3542 3855 ministerio

625 3877 790 3941 circa
814 3878 1086 3941 salutem
1110 3875 1458 3955 hominum,
1481 3876 1577 3940 &⁶
1559 3898 1626 3939 10
1657 3875 1839 3960 regni
1865 3874 2245 3939 oeconomici
2272 3874 2835 3953 administratione,
2861 3874 3100 3941 Joann.
3132 3879 3189 3939 l.
3212 3880 3319 3941 52.
3345 3880 3538 3945 Actor.

631 3968 733 4029 12.
767 3966 866 4029 17.
897 3965 1112 4037 Mam».
1144 3964 1248 4026 24.
1283 3966 1388 4027 30.
1417 3966 1522 4027 31.
1555 3962 1617 4029 ἃ
1643 3966 1745 4027 25.
1775 3966 1881 4028 31.
1909 3965 1972 4028 2.
2029 3964 2299 4027 Thessal.
2355 3963 2411 4026 1.
2443 3964 2501 4026 7.
2550 3962 2635 4025 Et
2659 3962 2995 4026 associavit
3026 3986 3136 4027 003
3163 3964 3537 4037 hominibus,

628 4054 674 4119 81
726 4053 862 4116 vice
910 4074 1110 4131 versa,
1157 4053 1411 4136 Apocal.
1460 4053 1561 4116 19.
1587 4073 1746 4117 vers,
1777 4053 1879 4117 10.
1914 4051 2123 4119 coloss
2156 4052 2216 4114 2.
2250 4052 2350 4115 10.
2377 4050 2540 4116 Vide
2564 4051 2698 4114 illic
2720 4063 3129 4117 eovnmentar.
3152 4054 3240 4118 D.
3270 4052 3537 4121 601110νὶ-

632 4142 904 4208 Autores
949 4141 1131 4205 modo
1178 4139 1440 4205 indicati
1487 4141 1744 4219 addunt,
1777 4141 1931 4223 quia
1976 4140 2061 4204 sit
2084 4138 2400 4203 Mediator
2424 4161 2660 4216 eorum,
2690 4140 2737 4205 81
2778 4139 2932 4222 ipsis
2973 4141 3259 4224 gratiam
3284 4144 3536 4207 meritus

628 4230 735 4293 sit.
781 4226 905 4292 Sed
952 4230 1082 4293 tale
1126 4228 1279 4310 quid
1329 4228 1396 4291 in
1443 4226 1771 4312 Scriptura
1817 4250 1945 4292 non
1991 4232 2335 4311 comparet,
2382 4228 2649 4293 Thomas
2672 4248 2736 4311 p.
2762 4229 2822 4290 3.
2850 4249 2956 4313 qu.
2984 4231 3047 4293 8.
3081 4230 3247 4294 alias
3272 4232 3535 4294 rationes

629 4316 856 4395 adfert,
904 4340 1014 4380 cur
1037 4316 1326 4380 Christus
1352 4317 1596 4380 dicatur
1620 4320 1841 4399 caput:
1872 4318 1982 4380 sed
2006 4338 2167 4399 quae
2192 4338 2411 4379 omnes
2442 4320 2807 4381 accuratum
2828 4338 3096 4381 examen
3121 4340 3251 4381 non
3274 4317 3527 4383 sustine·

627 4407 788 4469 rent.
836 4402 960 4469 Sed
989 4404 1094 4467 hic
1125 4403 1582 4485 abrumpimus,
1613 4405 1860 4487 reliqua
1890 4405 2288 4487 problemata
2311 4404 2601 4488 sequenti
2626 4408 2807 4488 parte
2832 4403 3207 4473 exhibituri.
3400 4487 3531 4557 Ro.
