3694 4871
832 264 2450 334 D1sr.XI.DnSAnBA'r110erssms.
2979 269 3106 335 327

177 480 311 524 non
343 457 615 532 factam3
648 457 695 522 δι
732 458 1188 538 consequenter
1210 453 1340 518 illis
1380 454 1748 533 arationem,
1774 459 2145 532 sementem,
2169 476 2442 520 messem
2464 455 2892 536 interdictam,
2920 453 3107 522 chri-

174 545 410 612 stianis
432 544 727 624 minime:
755 543 838 621 id,
866 543 1148 627 inquam,
1174 542 1417 608 nemini
1440 542 1551 607 fiet
1564 543 1932 622 verisimile,
1950 543 2063 628 qui
2078 544 2264 608 modo
2278 548 2494 609 textus
2511 545 2737 610 citatos
2758 544 3110 629 inspexerit

177 659 255 700 ac
280 635 821 700 commentatores
845 632 1143 715 antiquos
1168 653 1241 696 ac
1265 631 1647 696 recentiores
1670 633 2076 698 consuluerit.
2113 631 2471 698 Consectar.
2507 635 2826 700 Pessimus
2850 635 2951 700 itte
2972 655 3110 700 mos

174 735 265 790 est
312 725 385 790 in
434 725 683 806 Papam
729 723 879 787 olim
926 722 1337 796 introductas,
1390 718 1452 786 a·
1499 719 1679 785 hodie
1723 721 1953 787 alicubi
1995 723 2066 786 in
2090 722 2300 807 Belqio
2322 722 2482 804 sorte
2503 724 2794 788 nondum
2815 723 3107 803 abolitm,

177 815 401 878 saltem
450 811 663 877 multis
707 811 899 876 annis
941 822 1081 894 post
1125 809 1456 876 stabilitam
1506 811 1924 877 Ecclesiarum
1970 812 2243 876 istarum
2287 812 2796 894 reformationem
2828 823 3110 878 servatus

176 923 381 988 usque
420 901 507 966 ad
548 919 799 965 annam
835 899 1027 962 1619.
1060 898 1121 965 ἃ·
1142 901 1335 976 ultra,
1366 919 1488 984 qao
1512 899 1657 964 ruri
1675 900 1744 963 in
1767 921 1962 966 messe
1985 901 2222 967 mensis
2254 901 2451 966 unius
2474 911 2586 966 aut
2611 901 2888 966 duorum
2912 902 3107 985 seriae

175 991 261 1056 ab
294 990 471 1056 omni
506 989 925 1054 obswvatiom
964 987 1265 1054 Sabbatha·
1300 986 1361 1053 st
1389 987 1638 1072 publico
1662 988 1979 1074 reliqiom‘s
2005 989 2187 1076 [pag.
2225 988 2428 1075 1264]
2453 990 2734 1054 exercitio
2764 988 3110 1056 concedim-

177 1092 311 1158 ίαν,
338 1086 475 1144 tum
506 1077 886 1155 Pastoribtw,
920 1088 1055 1143 tum
1078 1076 1507 1143 AuditoribttS.
1554 1075 1737 1142 VIII.
1765 1077 1871 1142 An
1894 1078 2084 1142 liceat
2107 1077 2358 1161 piscari,
2387 1077 2606 1141 venari
2631 1080 2734 1145 διο.
2782 1079 3108 1166 Resp.Aff.

180 1168 513 1234 Casaistae
536 1165 854 1254 Pontifici-i
877 1169 915 1229 a
930 1166 1113 1230 nobis
1136 1167 1233 1230 cit.
1266 1187 1383 1229 nec
1410 1165 1658 1230 videtur
1682 1166 1961 1230 abnuere
1990 1167 2313 1232 Danaeus.
2341 1167 2418 1230 ln
2444 1167 2530 1231 tit.
2561 1167 2636 1231 cle
2659 1167 2856 1232 Feriis
2881 1169 3112 1234 Extra-

174 1276 323 1340 vaq.
370 1277 506 1340 cap.
557 1256 614 1319 1.
663 1253 1025 1320 conceditur
1048 1259 1313 1338 captura
1342 1254 1657 1333 halecum,
1690 1255 1877 1318 modo
1909 1259 2156 1338 partem
2181 1255 2330 1318 dent
2353 1255 2766 1338 pauperibus,
2807 1253 3114 1320 Rationes

174 1344 579 1422 adferuntur,
605 1343 755 1427 quia
779 1346 951 1407 certo
974 1343 1125 1407 anni
1149 1347 1435 1426 tempore
1462 1345 1713 1406 tantum
1738 1343 2094 1428 capiuntur,
2122 1345 2166 1409 8⁶
2193 1343 2342 1426 quia
2366 1343 2446 1406 ad
2469 1343 2708 1408 victum
2733 1365 2810 1407 ea
2840 1365 2942 1408 res
2969 1365 3117 1427 per·

174 1434 370 1498 tinet.
418 1431 553 1497 Nos
592 1435 812 1497 contra
866 1431 1080 1496 thesin
1125 1453 1269 1496 cum
1315 1434 1584 1515 utraque
1622 1433 1982 1496 ratiuncula
2005 1432 2458 1515 improbamus.
2511 1433 2568 1497 1.
2618 1431 2781 1507 Quia
2809 1431 3119 1515 quidquid

178 1525 355 1586 esset
400 1521 475 1586 de
528 1523 793 1606 captura
837 1518 1131 1584 halecum
1180 1521 1283 1605 (de
1334 1524 1461 1602 qua
1498 1519 1664 1584 forte
1704 1520 1910 1604 alibi),
1957 1543 2084 1586 non
2124 1520 2296 1585 valet
2318 1525 2534 1584 tamen
2559 1518 3011 1603 consequentia
3035 1520 3114 1584 ad

183 1631 631 1694 quamcunque
686 1609 883 1672 aliam
934 1609 1371 1692 piscationem,
1418 1609 1652 1672 nedum
1682 1609 1765 1673 ad
1788 1631 2231 1693 quamcunque
2263 1609 2683 1673 venationem.
2719 1609 2778 1674 2.
2805 1607 3116 1692 Sequere-

179 1703 292 1764 tur
322 1697 785 1782 providentiam
834 1697 1115 1762 divinam
1160 1697 1327 1760 male
1374 1696 1769 1780 dispensasse
1815 1702 2125 1780 tempora,
2174 1699 2219 1764 8⁶
2243 1697 2411 1762 inter
2433 1697 2842 1762 necessitates
2867 1696 3117 1761 animae

178 1809 257 1852 ac
280 1786 561 1870 corporis
585 1785 1016 1850 distribuisse:
1043 1784 1359 1869 siquidem
1389 1785 1569 1850 nulla
1600 1790 1713 1850 aut
1737 1787 2010 1870 paucula
2041 1790 2234 1869 atque
2265 1785 2507 1850 incerta
2533 1785 2870 1850 admodum
2906 1789 3120 1850 essent

118 1873 135 1885 '
178 1874 515 1941 Sabbatha
569 1873 999 1939 piscatoribus
1046 1877 1091 1942 ἃ
1156 1873 1605 1939 VenatoribuS.
1656 1877 1715 1938 3.
1764 1874 2041 1940 Etiamsi
2087 1877 2258 1939 certo
2298 1875 2448 1939 anni
2474 1879 2759 1958 tempore
2783 1874 3119 1958 capiantur

178 1965 457 2042 haleces,
510 1985 635 2028 non
681 1967 895 2027 tamen
927 1965 1113 2028 cardo
1144 1963 1331 2027 istius
1362 1962 1608 2048 negotii
1631 1963 1904 2028 vertitur
1933 1963 2000 2027 in
2027 1962 2248 2028 diebus
2272 1961 2645 2028 Dominicis,
2695 1961 2975 2027 Tantum
2999 1962 3118 2026 ha-

179 2055 391 2118 lecum
434 2051 571 2116 Deo
618 2050 1027 2116 benedicente
1058 2055 1324 2136 possunt
1355 2073 1579 2136 capere
1604 2053 1930 2116 mensibus
1955 2055 2066 2116 aut
2088 2051 2592 2116 hebdomadibus
2619 2051 2886 2134 aliquot,
2911 2073 3116 2134 quan·

177 2145 322 2206 tum
370 2141 691 2206 suffecerit
738 2141 951 2204 animo
1000 2146 1115 2206 sua
1170 2145 1339 2205 sorte
1375 2145 1691 2217 contento,
1748 2149 1803 2205 1.
1861 2141 2122 2208 Timoth.
2157 2137 2354 2205 6.1X.
2383 2139 2488 2203 An
2520 2139 2859 2206 lautiora&
2888 2139 3120 2203 diversi

178 2229 435 2315 generis
483 2230 728 2294 sercula
751 2229 1039 2313 prandio,
1101 2229 1257 2294 item
1285 2229 1571 2294 convivia
1617 2233 1990 2313 sumptuosa
2036 2231 2080 2294 &
2120 2251 2405 2311 operosa,
2438 2227 2756 2312 imprimis
2779 2227 3117 2312 nuptialia,

179 2319 390 2383 eidem
441 2317 727 2402 prandio,
776 2321 888 2382 aut
941 2318 1137 2382 etiam
1184 2317 1429 2383 Coenae
1483 2316 1871 2383 Dominicali
1917 2318 2344 2382 conveniant?
2383 2319 2560 2401 Hesp.
2599 2319 2744 2402 Neq.
2775 2321 3118 2400 utrumque

179 2411 404 2473 contra
448 2404 815 2493 hypocrisin
859 2404 902 2472 J
906 2407 1215 2487 udaicam,
1250 2406 1453 2492 palati
1474 2406 1717 2473 deliciis
1748 2408 1795 2473 St
1820 2407 2101 2491 cupediis
2127 2406 2712 2483 sabbathizantem3
2743 2405 2937 2471 etiam
2969 2426 3117 2470 con-

178 2501 285 2560 tra
309 2496 705 2561 Christianos
730 2497 1056 2579 quosdam,
1096 2496 1305 2562 nescio
1338 2518 1463 2582 quo
1496 2497 1815 2573 cacoethe,
1864 2495 2507 2575 Semi-Judaizantes‚
2551 2495 2663 2579 qui
2681 2496 2970 2579 exemplo
2994 2492 3112 2559 Sa-

178 2585 336 2668 maji
388 2586 557 2650 senis
604 2585 885 2668 quotidie
910 2586 1307 2650 comedentes
1334 2584 1413 2649 ad
1434 2586 1741 2650 honorem
1766 2584 2038 2649 Sabathi
2077 2584 2490 2649 selectissima
2515 2583 2758 2648 fercula
2781 2582 3112 2649 Sabbatho

177 2678 529 2753 reservant,
578 2675 625 2740 ἃ
669 2672 1071 2739 Sabbathum
1108 2696 1252 2738 cum
1304 2674 1628 2738 hodiernis
1675 2673 1718 2740 J
1722 2674 1939 2738 udaeis
1975 2672 2218 2737 faciunt
2241 2674 2657 2757 voluptatem.
2685 2672 2783 2737 De
2818 2693 2944 2756 quo
2969 2671 3110 2736 vide

176 2762 527 2851 Btaaedovfii
563 2763 874 2850 Synayoq.
922 2784 1060 2847 cap.
1104 2762 1207 2826 11.
1241 2762 1329 2827 Et
1352 2764 1827 2847 Hospinian-u-nz
1853 2765 1927 2827 de
1957 2762 2150 2828 I-'estels
2180 2762 2568 2827 ludaeorum
2588 2782 2726 2844 cap.
2758 2761 2817 2824 3.
2838 2761 2884 2826 ἃ
2908 2756 2980 2818 τὸ
3007 2779 3110 2829 re-

177 2850 441 2917 cordare
483 2852 611 2917 dies
657 2852 954 2918 sabbathi
992 2874 1135 2916 cum
1166 2849 1245 2915 R.
1272 2851 1584 2916 Elhasare
1608 2874 1799 2936 quem
1824 2851 2044 2915 laudat
2071 2853 2353 2918 Mena-sse
2375 2852 2491 2915 ben
2524 2851 2720 2916 Israel
2743 2852 2816 2915 in
2845 2850 3110 2917 Concili-

178 2952 353 3006 atore
394 2942 467 3005 in
509 2942 803 3007 Exodum
849 2963 952 3027 qu.
1002 2940 1108 3004 36.
1150 2942 1224 3007 R.
1272 2941 1392 3007 Set.
1431 2941 1644 3005 Ja-rcht
1686 2942 1758 3005 in
1803 2940 2097 3006 Exodwn
2131 2941 2234 3003 20.
2266 2940 2322 3003 7.
2351 2940 2613 3023 exponi:
2645 2933 2853 3009 ΓὋΨΒ
2891 2955 3109 3009 'mmm

176 3048 321 3100 ΒΠΠ
358 3044 463 3099 279³
504 3042 629 3099 ‘325
668 3024 742 3121 ⁸1¹>
781 3047 904 3123 mr:
940 3040 1110 3100 :mv
1135 3029 1256 3094 hoc
1302 3033 1418 3108 est,
1452 3033 1524 3093 ut
1569 3029 1877 3094 Doctores
1903 3051 2048 3093 suos
2075 3028 2336 3111 exponit
2360 3026 2437 3092 R.
2465 3028 2779 3107 Menasse,
2817 3027 2886 3095 Si
2907 3027 3110 3093 medio

177 3119 585 3185 hebdomadis
637 3120 1101 3207 exquisitiorem
1148 3118 1355 3183 cibum
1394 3119 1734 3203 paraverit,
1788 3128 1862 3183 ut
1908 3139 2054 3183 eum
2077 3128 2270 3184 servet
2294 3118 2380 3181 ad
2404 3117 2855 3183 honorandum
2879 3116 3113 3183 Sabba-

178 3208 381 3274 thum.
408 3206 614 3293 Supra
641 3207 1059 3272 indicavimus
1085 3210 1155 3275 R.
1187 3206 1394 3273 David
1419 3208 1693 3285 Kimchi,
1716 3206 1920 3273 loc-um
1947 3206 2187 3273 Jesaiae
2214 3206 2316 3269 58.
2342 3227 2496 3271 vers.
2530 3208 2632 3271 13.
2658 3206 2782 3271 huc
2804 3210 3109 3289 torquen-

176 3302 332 3362 tem.
358 3296 496 3372 Quo
522 3296 929 3362 verecundior
952 3300 1049 3360 est
1071 3298 1218 3362 Don
1240 3294 1627 3362 Abarbaneel
1650 3296 1719 3360 in
1753 3294 2174 3362 Commentar.
2201 3295 2289 3360 ad
2314 3298 2421 3361 loe.
2463 3297 2559 3360 eit.
2597 3295 2806 3379 quide
2828 3294 3109 3359 oblecta-

174 3385 355 3450 tione
392 3386 459 3449 in
498 3385 682 3449 bonis
726 3384 1024 3468 operibus
1066 3384 1346 3469 exponit,
1378 3387 1425 3451 St
1453 3407 1581 3449 non
1606 3386 1679 3449 de
1706 3385 2138 3469 corporalibus
2165 3383 2428 3448 deliciis.
2476 3383 2691 3467 Atque
2714 3383 2836 3447 hac
2863 3382 3108 3446 ratione

178 3473 399 3538 miseri
420 3472 463 3538 J
467 3474 651 3539 udaei
676 3473 1036 3557 religiosius
1062 3474 1303 3538 scilicet
1333 3474 1673 3538 observant
1703 3472 2106 3538 Sabbathum
2132 3494 2324 3555 quam
2349 3471 2722 3549 Christiani,
2751 3474 2823 3535 ut
2848 3470 3104 3555 quidem

168 3560 496 3647 gloriatur
531 3562 610 3628 R.
660 3564 946 3629 Mena-sse
986 3582 1133 3647 pay.
1185 3562 1331 3625 155.
1382 3560 1574 3627 Ratio
1621 3561 1852 3645 prioris
1907 3561 2108 3644 partis
2137 3559 2502 3625 assertionis
2526 3563 2780 3624 nostrae
2813 3562 2927 3637 est,
2957 3558 3108 3642 quia

176 3650 471 3715 homines
518 3653 591 3714 ut
636 3650 980 3734 plurimum
1034 3650 1285 3733 ineptos
1330 3673 1397 3715 se
1451 3650 1723 3714 reddunt
1745 3651 1825 3715 ad
1858 3649 2180 3729 exercitia,
2213 3653 2352 3713 tum
2369 3648 2646 3732 publica,
2671 3652 2811 3711 tum
2834 3647 3107 3731 privata,

176 3738 479 3804 alacriter
508 3738 886 3825 peragenda.
936 3737 1128 3803 Ratio
1152 3738 1521 3823 posterioris
1548 3742 1663 3818 est,
1692 3739 1842 3822 quia
1867 3737 2404 3815 matresfamiliaS,
2451 3737 2659 3820 coqui,
2693 3736 2881 3815 servi,
2907 3735 3106 3800 ancil-

177 3828 302 3905 lae,
350 3827 586 3911 aliique
633 3830 671 3892 a
716 3827 987 3911 publicis
1014 3828 1209 3892 sacris
1235 3829 1280 3893 a
1305 3827 1714 3892 meditatione
1747 3850 1961 3891 rerum
1985 3826 2344 3890 divinarum
2369 3826 2789 3903 abducuntur,
2823 3825 2973 3889 dum
2997 3846 3106 3889 cu-

178 3916 430 3980 linariis
476 3922 569 3979 ita
614 3916 847 3980 intenti
870 3920 1051 3981 sunt:
1088 3919 1277 4001 (quae
1310 3915 1473 3979 ratio
1499 3916 1693 3980 etiam
1720 3916 2042 4000 allegatur
2068 3919 2104 3979 a
2140 3915 2420 3999 Zeppero
2451 3914 2635 3981 Polie.
2673 3914 2892 3979 Eccles.
2919 3913 3021 3978 tib.
3045 3913 3106 3979 1.

176 4024 315 4088 cap.
354 4006 457 4069 15.
502 4024 649 4089 paq.
702 4004 849 4068 184.
898 4005 943 4070 8⁶
1000 4006 1319 4070 Baldttino
1362 4025 1495 4087 cap.
1528 4004 1630 4068 13.
1658 4026 1778 4070 cas.
1809 4005 1899 4087 8.)
1925 4003 2026 4067 Ne
2053 4002 2203 4085 quid
2227 4002 2433 4067 dicam
2450 4003 2524 4067 de
2550 4002 2895 4080 nonnulliS,
2925 4002 3104 4087 [pag.

182 4091 389 4178 1265]
439 4092 495 4158 si
546 4114 671 4156 non
708 4092 1049 4177 plerisque,
1097 4092 1405 4172 invitatis,
1446 4093 1677 4175 quibus
1726 4091 1972 4157 devotio
2028 4092 2345 4155 excutitur
2385 4092 2534 4155 dum
2559 4090 2928 4167 moliuntur,
2957 4091 3106 4155 dum

177 4186 536 4261 comuntur,
562 4182 707 4246 dum
737 4182 955 4246 dentes
987 4184 1033 4248 s
1057 4186 1344 4247 ventrem
1367 4185 1617 4266 parant.
1650 4181 1819 4246 Hinc
1859 4184 2026 4245 recte
2061 4180 2317 4245 Daneus
2349 4179 2648 4264 prohibet
2680 4179 3106 4264 voluptatibus

172 4271 524 4356 indulqere,
545 4272 801 4355 popinis
824 4270 1054 4351 adesse,
1078 4271 1315 4337 theatra
1338 4273 1754 4358 frequentare,
1783 4270 2126 4355 spectacula
2150 4270 2342 4335 edere.
2367 4268 2455 4334 Et
2493 4268 2790 4356 Synodus
2815 4269 3104 4335 Dordra-

174 4360 329 4425 cie-na
352 4380 528 4427 anno
556 4358 748 4426 1574.
771 4372 895 4427 art.
919 4361 1023 4427 81.
1050 4360 1591 4428 confirmationem
1615 4358 2008 4425 matrimonii
2039 4380 2112 4423 eo
2136 4358 2236 4424 die
2269 4359 2492 4425 mallet
2514 4382 2640 4424 non
2663 4358 2836 4437 fieri;
2869 4360 2916 4425 δι
2941 4357 3105 4509 ogle-

3018 4468 3106 4509 ris
