3694 4871
618 318 749 383 208
817 316 1037 381 D1sr.
1084 314 1233 382 VH.
1280 298 1950 417 Psosnnusruu
1995 338 2094 383 nn
2139 314 2500 381 Manlro
2547 313 2932 381 Canusi-1
2977 315 3216 383 PAns
3257 314 3383 390 IV.

617 506 749 567 tem
774 501 1061 567 merendi
1082 499 1397 584 accipiant
1422 522 1499 565 ex
1522 500 1773 567 meritis
1797 499 2059 567 Christi.
2107 500 2275 567 Vide
2299 500 2568 566 eundem
2591 497 2748 565 ibid.
2773 504 3018 585 quaest.
3055 501 3162 567 13.
3187 501 3302 567 ubi
3323 502 3545 569 statuit

618 590 861 656 Christi
904 588 1409 654 satisfactionem
1460 612 1587 655 non
1620 612 1757 655 esse
1779 590 2000 668 talem,
2025 612 2190 675 quae
2211 612 2330 674 per
2350 612 2417 655 se
2449 590 2810 655 formaliter
2831 590 3206 675 exstinguat
3245 590 3544 671 debitum,

618 680 731 744 sed
777 679 973 743 talem
998 699 1161 762 quae
1184 682 1505 743 mereatur
1526 680 1574 745 a
1597 678 1900 763 impetret
1921 679 2185 762 aliquid,
2217 701 2332 763 per
2353 679 2524 762 quod
2555 677 2844 743 debitum
2885 679 3378 765 exstinguatur:
3403 700 3540 745 nam

626 768 929 846 Christus,
982 766 1214 849 inquit,
1259 787 1375 850 per
1424 788 1612 833 suam
1658 768 2146 853 satisfactionem
2189 769 2419 833 meruit
2470 767 2650 833 nobis
2670 768 2948 852 qratiam
2965 769 3418 855 justificantem
3438 789 3542 853 per

620 878 813 943 quam
838 856 1190 940 formaliter
1211 856 1635 941 exstinquitur
1652 868 1994 940 peccalum.
2037 854 2165 921 Sed
2199 878 2326 920 non
2357 855 2600 921 entium
2626 855 2924 942 (humani
2951 856 3086 921 scil.
3111 857 3353 938 meriti,
3375 858 3422 925 ἃ
3448 878 3538 923 sa-

622 944 1033 1025 tisfactionis)
1059 944 1274 1009 nullae
1298 948 1449 1007 sunt
1472 944 1862 1023 affectiones,
1886 945 2066 1009 nulla
2091 945 2424 1010 attributa.
2473 942 2743 1009 Frustra
2765 944 2984 1028 itaque
3021 946 3380 1028 quaeritur,
3401 968 3480 1011 an
3495 944 3534 1010 ἃ

623 1032 935 1117 quomodo
958 1032 1356 1115 dependeant
1386 1035 1427 1095 a
1448 1033 1679 1097 merito
1710 1032 1974 1097 Christi.
2007 1032 2367 1099 Videantur
2389 1034 2836 1118 antagonistae
2859 1033 3264 1113 Bellarmini,
3289 1034 3534 1113 Parem,

632 1119 1018 1199 chamierus,
1050 1122 1381 1197 Amesius,·
1404 1121 1483 1185 ad
1505 1119 1663 1185 haec
1686 1123 1734 1188 ἃ
1760 1122 2106 1201 Mei-tonas,
2138 1122 2599 1201 Damnum,
2627 1122 3037 1202 Chemnitius,
3072 1123 3310 1209 aliique
3329 1124 3530 1189 deme-

622 1210 762 1290 rito,
773 1210 1239 1297 justificatione,
1271 1210 1804 1295 satisfactionibus
1827 1210 2246 1295 disputantes,
2293 1209 2504 1275 XVII.
2538 1210 2754 1278 Probl.
2801 1209 2906 1275 An
2943 1211 3212 1276 meritus
3235 1212 3326 1277 sit
3349 1212 3528 1277 omni·

623 1298 743 1363 bus
768 1298 985 1363 electis
1008 1301 1223 1381 partes
1248 1300 1296 1365 Sc
1318 1298 1553 1382 gradus
1576 1298 2060 1383 glorificationis
2083 1303 2228 1383 post
2251 1299 2418 1364 hanc
2439 1298 2662 1375 vitam,
2685 1299 2894 1382 primo
2915 1298 2984 1363 in
3007 1298 3228 1364 anima
3243 1306 3532 1385 separata,

624 1387 849 1452 deinde
893 1386 961 1450 in
1007 1388 1468 1451 resurrectione
1512 1387 1816 1471 corporiS,
1856 1392 1996 1453 tum
2033 1388 2104 1451 in
2125 1391 2262 1453 toto
2285 1387 2654 1471 composito.
2700 1389 2884 1471 Resp.
2909 1385 3008 1452 De
3035 1408 3111 1451 eo
3133 1387 3532 1454 dubitandum

624 1496 753 1539 non
784 1479 902 1540 est.
948 1473 1115 1540 Vide
1159 1475 1339 1542 Rom.
1389 1475 1451 1539 8.
1479 1476 1585 1542 23.
1613 1477 1719 1540 32.
1759 1477 1817 1541 1.
1846 1476 2124 1542 Corinth.
2165 1476 2265 1540 15.
2295 1478 2354 1539 1.
2413 1476 2621 1542 Thess.
2647 1476 2710 1539 4.
2741 1473 2805 1541 ἃ
2833 1496 3039 1560 supra
3067 1474 3287 1543 Probe.
3313 1477 3374 1542 6.
3401 1475 3458 1543 st
3477 1477 3533 1541 7.

622 1561 869 1627 XVIII.
906 1562 1113 1629 Probe.
1147 1562 1253 1627 An
1277 1563 1515 1649 gradus
1546 1563 1964 1629 beatitudinis
1989 1567 2034 1631 a
2060 1564 2306 1650 gloriae
2329 1564 2462 1630 sive
2487 1564 2556 1629 in
2586 1564 2802 1629 anima
2829 1568 3150 1649 separata,
3175 1565 3314 1631 sive
3335 1566 3400 1631 in
3418 1570 3540 1631 toto

624 1652 973 1735 composito
988 1655 1018 1716 P
1057 1653 1239 1737 Hesp.
1266 1651 1847 1737 Praesupponimus
1879 1653 2018 1718 dari
2041 1653 2312 1739 gradus;
2337 1652 2632 1737 quamvis
2655 1653 2914 1737 quidam
2937 1651 3298 1719 Orthodoxi
3319 1654 3538 1719 dissen-

626 1740 811 1819 tiant,
853 1740 1060 1815 veriti,
1106 1762 1189 1805 ne
1233 1739 1390 1823 quid
1436 1742 1882 1807 concederetur
1902 1740 2256 1807 Pontificiis
2291 1762 2408 1825 pro
2445 1741 2676 1806 merito
2699 1741 2980 1807 humano
3011 1741 3543 1807 contendentibus.

625 1826 752 1894 Sed
799 1829 875 1893 de
920 1828 1127 1893 causis
1172 1828 1535 1913 quaeritur:
1589 1851 1748 1913 quas
1771 1830 1866 1893 ita
1917 1830 2330 1895 delineamus.
2355 1829 2738 1913 Principalis
2769 1833 2869 1895 est
2897 1828 3094 1911 Deus,
3117 1831 3234 1915 qui
3257 1835 3356 1896 est
3373 1852 3542 1895 omne

625 1917 864 1982 bonum
908 1922 1221 1995 nostrum,
1254 1922 1367 1983 aut
1397 1921 1437 1982 a
1458 1940 1585 2003 quo
1608 1922 1707 1983 est
1734 1939 1922 1983 omne
1947 1918 2188 1983 bonum
2225 1922 2538 1983 nostrum.
2586 1919 2770 2005 [pag.
2795 1918 2960 2004 274]
2985 1917 3424 2005 Proegumena
3447 1922 3546 1985 eet

628 2005 831 2072 libera
854 2006 1058 2090 ipsius
1082 2006 1315 2092 gratia.
1364 2005 1832 2072 Procatarctica
1864 2029 1977 2072 seu
1999 2006 2328 2072 meritoria
2357 2011 2458 2071 est
2479 2007 2782 2072 meritum
2805 2006 3068 2071 Christi.
3105 2007 3420 2074 Donatius
3437 2028 3546 2073 seu

628 2089 946 2174 collativa,
974 2096 1181 2178 prima
1205 2096 1253 2161 ἃ
1276 2116 1524 2159 summa
1547 2099 1646 2159 est
1668 2093 1878 2161 Deus:
1927 2095 2342 2160 subordinata
2365 2094 2657 2161 Christus
2703 2094 3042 2175 Mediator,
3065 2100 3196 2179 qua
3215 2097 3384 2162 talis.
3424 2098 3548 2181 Ap-

624 2184 923 2268 plicativa
969 2188 1087 2265 est,
1141 2185 1197 2248 1.
1256 2181 1528 2247 Divinae
1572 2184 1822 2268 gratiae
1855 2184 2191 2249 excitantis
2223 2186 2270 2249 a
2299 2183 2766 2249 corroborantis
2789 2206 3090 2249 mensura
3111 2184 3462 2269 peculiaris.
3485 2186 3548 2249 2.

628 2271 785 2337 Inde
810 2276 1262 2356 promanantes
1297 2270 1591 2337 fortiores
1636 2274 1683 2339 ἃ
1727 2270 2192 2356 frequentiores
2237 2277 2436 2337 actus.
2485 2274 2546 2337 3.
2595 2271 2765 2338 Hinc
2787 2272 3180 2338 resultantes
3201 2272 3486 2339 fortiores
3505 2274 3554 2339 ἃ

632 2359 1095 2445 frequentiores
1144 2365 1323 2426 actus
1369 2360 1528 2445 spei,
1575 2360 1947 2446 patientiae,
1981 2360 2301 2426 caritatis:
2328 2361 2440 2446 qui
2462 2362 2660 2448 vulgo
2683 2383 2828 2426 cum
2848 2360 3125 2427 termino
3148 2362 3554 2442 diminuente,

628 2472 855 2515 causae
904 2451 1216 2526 dicuntur,
1266 2449 1402 2516 scil.
1456 2449 1593 2514 sine
1624 2450 1858 2533 quibus
1903 2471 2052 2528 non,
2085 2455 2198 2516 aut
2221 2450 2635 2530 conditiones,
2660 2455 2774 2516 aut
2803 2451 3034 2528 media,
3059 2455 3176 2516 aut
3203 2451 3344 2528 νίας
3369 2452 3458 2516 ita
3489 2455 3556 2516 nt
3663 2471 3665 2496 ³

630 2539 838 2603 omnis
883 2536 1040 2616 ἀξία,
1070 2539 1373 2624 dignitaS,
1416 2538 1717 2602 meritum
1748 2539 1951 2604 absit:
1985 2561 2130 2604 cum
2168 2561 2296 2604 non
2327 2561 2444 2604 sua
2467 2540 2804 2624 dignitate,
2827 2539 2939 2604 sed
2967 2539 3094 2604 Dei
3123 2539 3487 2626 dignatione
3509 2542 3556 2607 ἃ
3663 2607 3665 2612 .

628 2627 841 2711 gratia
862 2630 1121 2710 propter
1145 2628 1334 2692 unius
1358 2625 1601 2692 Christi
1623 2628 1925 2693 meritum
1949 2628 2040 2713 (1.
2071 2628 2350 2694 Corinth.
2380 2629 2482 2693 15.
2507 2649 2666 2694 vers.
2703 2628 2836 2711 10.)
2859 2627 3100 2713 gradus
3119 2628 3270 2694 illos
3295 2651 3552 2714 operen-
3662 2621 3665 2710 1

624 2719 754 2779 tur.
802 2715 865 2779 4.
911 2714 1205 2799 Denique
1250 2714 1563 2799 judicium
1599 2713 1723 2780 Dei
1776 2715 1844 2780 in
1895 2720 2124 2796 morte,
2171 2718 2219 2783 δι’.
2240 2717 2308 2780 in
2332 2716 2574 2800 judicio
2597 2720 2902 2796 extrem0,
2935 2716 3288 2782 secundum
3311 2718 3550 2803 gratiae
3662 2719 3665 2804 1

630 2825 781 2868 suae
806 2825 1171 2868 mensuram
1194 2805 1242 2870 a
1260 2825 1455 2887 opera
1476 2807 1697 2868 nostra
1727 2825 1841 2887 per
1873 2806 2012 2888 ejus
2037 2805 2317 2890 gratiam
2341 2805 2670 2889 praestita,
2704 2805 2941 2890 gradus
2969 2804 3119 2869 illos
3166 2805 3356 2872 nobis
3379 2807 3544 2891 adju·
3662 2807 3665 2900 1

628 2892 917 2970 dicantis,
942 2891 989 2954 δι
1012 2894 1254 2975 majora
1277 2892 1441 2957 dona
1462 2914 1580 2956 sua
1594 2893 1948 2976 majoribus
1972 2893 2273 2977 praemiis
2305 2893 2373 2957 in
2397 2893 2616 2958 electis
2639 2895 2772 2958 suis
2791 2893 3178 2960 coronantis.
3211 2893 3546 2960 Considera
3662 2901 3665 2968 1

628 2983 878 3045 textum
926 2981 1097 3046 Mau.
1152 2981 1253 3045 19.
1301 3001 1455 3046 vers.
1485 2981 1592 3047 28.
1638 2981 1716 3044 de
1739 2981 2070 3046 duodecim
2102 2981 2352 3046 thronis
2375 2980 2852 3066 Apostolorum.
2898 2980 3077 3048 XIX.
3125 2982 3351 3052 Probi.
3397 2981 3550 3060 Quid
3662 2999 3665 3088 1

627 3068 1033 3133 statuendum
1060 3069 1138 3133 de
1161 3069 1519 3134 viventibus
1548 3067 1894 3135 novissimo
1918 3070 2019 3134 die
2043 3071 2132 3156 (1.
2163 3070 2443 3136 Corimh.
2471 3069 2574 3134 15.
2599 3089 2757 3137 ver-3.
2784 3069 2920 3154 51.)
2951 3070 3196 3136 adhaec
3211 3071 3552 3138 deEnocho
3662 3091 3665 3150 1

630 3156 844 3242 (Hebr.
905 3157 1007 3219 11.
1058 3156 1147 3241 5.)
1204 3160 1242 3222 ὃ,
1292 3161 1497 3222 morte
1550 3157 1884 3241 corporali,
1916 3179 2080 3241 quae
2117 3181 2234 3242 per
2253 3161 2587 3242 peccatum
2606 3158 2936 3244 ingressae
2968 3161 3152 3227 Rom.
3175 3159 3239 3225 5.
3265 3181 3427 3227 vers.
3457 3160 3548 3224 12.
3662 3151 3665 3172 ¹

630 3245 1055 3329 praeservatis
1100 3249 1215 3310 aut
1236 3246 1717 3329 praeservandis
1735 3249 1766 3310 Ρ
1815 3247 1996 3331 Hesp.
2044 3245 2568 3331 Quandoquidem
2593 3247 2933 3331 peculiaris
2961 3247 3069 3313 hic
3091 3249 3326 3315 modus
3349 3252 3396 3318 ἃ
3415 3269 3552 3335 grn-

630 3334 747 3399 dus
772 3337 871 3398 est
894 3333 1146 3400 divinae
1168 3333 1437 3419 gratiae,
1462 3355 1590 3398 non
1612 3331 1794 3399 video
1818 3356 1930 3399 cur
1952 3335 2181 3399 merito
2208 3333 2452 3400 Christi
2480 3336 2860 3402 tribuendus
2897 3358 3026 3401 non
3055 3337 3165 3416 sit,
3189 3359 3272 3402 ex
3297 3339 3477 3406 Rom.
3497 3337 3552 3400 8.

634 3424 863 3489 Οοίοεε.
914 3423 975 3485 3.
1022 3422 1293 3506 aliisque
1338 3422 1622 3488 textibus
1676 3444 1868 3506 supra
1891 3423 2000 3488 cit.
2047 3421 2188 3487 XX.
2214 3423 2430 3491 Probc.
2458 3423 2624 3501 Quid
2646 3423 3004 3490 infantibus
3027 3425 3098 3490 in
3119 3424 3401 3491 infantia
3427 3445 3550 3490 mo-

629 3511 943 3576 rientibus
972 3511 1241 3576 meritus
1286 3511 1389 3576 sit.
1438 3512 1621 3595 Hesp.
1667 3510 1992 3576 Pontificii
2031 3510 2438 3598 distinguunt
2465 3511 2634 3578 inter
2663 3513 3022 3597 baptizatos
3046 3514 3093 3580 &
3113 3513 3551 3600 non-baptiza-

630 3603 752 3665 tos.
799 3597 951 3664 Istis
982 3603 1225 3685 negant
1247 3599 1399 3683 quid
1422 3599 1721 3663 meritum
1745 3620 1903 3676 esse,
1930 3599 2165 3684 quippe
2191 3601 2305 3683 qui
2331 3601 2752 3690 reprobentur
2769 3601 2946 3686 justo
2969 3599 3094 3667 Dei
3109 3601 3356 3686 judicio
3385 3623 3548 3688 prop·

632 3691 731 3751 ter
754 3692 1085 3772 peccatum
1108 3687 1441 3774 originale.
1490 3685 1632 3751 Illis
1664 3687 1845 3770 ajunt
1867 3687 2168 3752 meritum
2200 3711 2338 3754 esse
2360 3689 2667 3774 baptismi
2691 3689 3181 3774 susceptionem,
3215 3692 3265 3758 St
3287 3713 3406 3776 per
3425 3707 3550 3756 eum

635 3775 1080 3842 liberationem
1127 3780 1166 3841 a
1217 3779 1422 3860 poena
1468 3780 1609 3840 tum
1640 3775 1856 3839 damni
1877 3779 2018 3840 tum
2044 3798 2302 3854 sensum
2347 3781 2464 3842 aut
2485 3783 2558 3843 ut
2582 3777 2715 3857 alii,
2741 3781 2780 3842 a
2802 3783 3008 3862 poena
3031 3778 3250 3844 damni
3279 3784 3546 3845 tantum:

634 3865 825 3946 atque
862 3865 1122 3949 insuper
1168 3866 1369 3929 vitam
1414 3867 1760 3928 aeternam.
1810 3861 1978 3927 Vide
2047 3864 2327 3952 Vasquez
2377 3867 2464 3931 ad
2505 3867 2566 3932 3.
2592 3867 2754 3952 disp.
2783 3866 2888 3932 77.
2913 3888 3048 3953 cap.
3085 3867 3147 3934 5.
3173 3869 3222 3934 ἃ
3245 3869 3548 3936 Beeanum
3599 3863 3604 3872 '

630 3963 802 4034 pare.
831 3954 893 4014 3.
922 3964 1096 4019 tract.
1124 3954 1183 4016 2.
1210 3974 1346 4036 cap.
1375 3952 1477 4016 11.
1504 3954 1551 4018 δι
1577 3952 2063 4032 Beaarminum,
2089 3953 2166 4019 de
2185 3967 2575 4021 sacramento
2600 3955 2938 4039 Baptismi,
2955 3977 3102 4021 cum
3117 3955 3547 4044 Amaqoniseis.

634 4037 773 4101 Nos
820 4040 1071 4122 rejectis
1117 4042 1401 4124 ipsorum
1447 4039 2006 4125 disputationibus,
2055 4041 2323 4107 dicimus
2372 4042 2701 4108 Christum
2725 4043 3086 4110 infantibus
3109 4046 3435 4112 salvandis
3453 4061 3546 4108 seu

637 4124 857 4189 electis
872 4128 1174 4192 meritum
1197 4150 1335 4192 esse
1357 4129 1794 4194 remissionem
1816 4130 2060 4212 peccati
2081 4131 2414 4216 originalis
2439 4134 2486 4199 a
2509 4131 2815 4215 imputati
2837 4132 2885 4197 ἃ
2907 4133 3332 4214 inhaerentis,
3355 4136 3402 4202 a
3420 4151 3543 4196 oon·

642 4217 980 4293 sequenter
1024 4216 1467 4281 liberationem
1492 4220 1532 4280 a
1560 4220 1765 4300 poena
1781 4217 1997 4282 damni
2027 4241 2101 4284 ac
2123 4241 2371 4298 sensus,
2401 4225 2592 4304 atqoe
2618 4220 2882 4305 insuper
2905 4223 3012 4306 jus
3035 4222 3208 4288 vitae
3231 4227 3540 4292 aeternae}

638 4298 919 4363 breviter
954 4302 1232 4384 gratiam
1253 4306 1391 4366 tum
1407 4304 1886 4386 justificantem,
1911 4309 2052 4370 tum
2082 4313 2589 4391 regenerantem.
2635 4307 2813 4376 XXI.
2864 4310 3082 4378 Probl.
3128 4309 3234 4376 An
3273 4308 3542 4378 omnibus

640 4383 995 4451 infantibus
1018 4387 1337 4454 salvandis
1364 4395 1514 4456 ante
1538 4413 1723 4456 usum
1745 4393 2014 4458 rationis
2037 4395 2481 4478 morientibus,
2513 4397 2783 4464 meritus
2823 4400 2910 4466 sit
2931 4399 3270 4484 aequalem
3293 4399 3542 4487 gratiam
