3694 4871
820 307 1059 376 DisP.
1106 308 1385 375 XLDB
1432 311 1898 376 SABBArno
1947 335 2042 376 nr
2088 311 2437 378 Fssr1s.
2991 319 3118 382 325

172 519 301 559 non
351 500 601 561 tantum
648 501 952 582 tanquam
998 497 1292 580 special-is
1338 497 1802 562 misericordiae
1850 521 2062 584 opera,
2113 505 2224 565 ant
2267 501 2330 564 in
2363 505 2682 586 praesenti
2710 506 3154 572 necessitatis.

169 607 363 662 casu3
410 587 519 649 sed
564 585 757 650 etiam
804 608 947 650 cum
969 586 1061 648 ita
1086 587 1489 650 consentiunt
1512 590 1726 669 partes
1756 587 2125 672 litigantes?
2179 591 2361 674 Resp.
2395 592 2517 678 Ass.
2545 613 2643 676 pr.
2700 594 2844 678 Ncq.
2879 607 3114 678 poster.

174 671 268 737 Ut
292 673 463 738 enim
486 674 646 738 illud
669 675 909 757 optime
932 675 1243 753 convenit,
1273 675 1363 738 sic
1386 675 1507 738 hoc
1538 679 1856 760 repugnat
1872 677 2002 759 juri
2029 677 2261 755 divin0,
2291 679 2485 744 Exod.
2509 681 2612 743 20.
2641 702 2797 745 vers.
2835 682 2937 746 10.
2969 705 3113 748 cnm

172 762 394 826 Matth.
447 763 547 828 12.
584 764 729 828 Luc.
762 765 861 826 13.
910 762 1231 826 Ecclesiae
1254 763 1579 842 ‹Iudaicae‚
1608 768 1753 827 ante
1781 763 2022 828 Christi
2054 766 2416 843 adventum,
2446 770 2736 851 quamvis
2761 771 3108 837 admodum

172 855 507 935 corruptae
556 852 779 935 praxin
826 851 947 916 hac
993 851 1055 914 in
1108 855 1287 935 parte
1334 853 1795 935 quodammodo
1836 853 2072 918 indicat
2105 855 2426 920 decretum
2451 857 2735 942 Augusti
2763 861 2933 943 apud
2958 859 3110 925 Fla-

168 939 351 1002 vium
392 938 749 1024 Josephum
774 941 1016 1024 antiqu.
1044 941 1156 1003 lib.
1192 941 1289 1004 16.
1324 963 1459 1024 cap.
1498 941 1599 1006 10.
1652 943 1740 1006 Nc
1770 941 1998 1006 ,Iudaei
2023 957 2385 1026 coycrentar
2409 946 2496 1010 ad
2513 949 2899 1028 praestanda
2923 950 3105 1014 vadi-

168 1029 388 1093 monia
433 1027 776 1094 sabbathis.
824 1027 1133 1093 Convenit
1180 1031 1375 1093 etiam
1423 1029 1854 1094 sanctionibus
1899 1031 2058 1114 juris
2107 1032 2327 1096 Civilis
2376 1033 2447 1098 L.
2481 1035 2541 1097 2.
2578 1037 2622 1100 a
2658 1037 2715 1098 3.
2743 1037 2790 1101 ἃ
2819 1037 2876 1100 7.
2907 1037 3012 1102 10.
3040 1037 3108 1103 O.

172 1116 253 1180 de
300 1115 526 1182 Feriis.
584 1119 657 1184 Ut
704 1119 773 1182 in
820 1119 919 1182 die
966 1118 1297 1183 Dominico
1334 1119 1734 1201 emancipare
1777 1139 1851 1182 ac
1896 1123 2336 1186 manmnitterc
2361 1122 2554 1200 liceat,
2587 1125 2862 1210 reliquae
2885 1146 3112 1192 causae

168 1207 265 1271 vel
310 1206 441 1270 lites
470 1207 807 1292 quiescant.
856 1206 944 1270 Et
968 1205 1036 1269 L.
1066 1208 1125 1268 3.
1181 1208 1411 1272 Omnes
1424 1207 1691 1290 judices,
1723 1208 2122 1293 urbanaeque
2141 1210 2342 1299 plebes
2385 1209 2446 1275 ἃ
2469 1224 2842 1278 omn-tarum
2870 1216 3112 1280 artium

168 1295 373 1381 officia
420 1294 755 1361 venerabili
775 1296 875 1359 die
898 1295 1059 1360 Solis
1091 1296 1424 1380 quiescant.
1474 1295 1563 1358 Et
1590 1295 1658 1360 L.
1689 1295 1745 1358 7.
1805 1299 1878 1361 Ut
1903 1316 2011 1362 nec
2034 1299 2210 1380 apud
2235 1299 2404 1382 ipsos
2427 1300 2698 1365 arbitros
2721 1303 2762 1364 ὰ
2780 1302 3110 1385 judicibus

168 1384 506 1468 slaqitatos,
532 1385 627 1448 vel
647 1396 863 1467 sponte
884 1386 1111 1462 clectos,
1136 1386 1267 1448 ulta
1292 1384 1370 1449 sit
1395 1385 1659 1468 coqnz'tio
1672 1385 2066 1468 ju-rqiorum.
2113 1385 2200 1449 Et
2223 1385 2290 1449 L.
2325 1389 2423 1450 12.
2482 1389 2554 1454 Ut
2579 1387 2951 1454 Dominicus
2977 1391 3110 1456 dies

166 1471 211 1534 ὰ
258 1472 493 1536 cunctis
536 1472 1026 1538 exsecutionibus
1070 1485 1412 1550 eoecusetur,
1462 1474 1647 1537 nulla
1690 1493 2055 1558 quenquam
2103 1490 2322 1559 uryeat
2370 1477 2736 1555 admonitiO,
2771 1481 2954 1544 nulla
2985 1481 3109 1566 side

153 1559 471 1642 jussionis
514 1561 830 1648 flayitetur
859 1563 1107 1638 eraclia,
1142 1572 1329 1625 taceat
1353 1562 1692 1646 apparitiO,
1731 1563 2050 1626 advocatio
2081 1564 2406 1642 delitescat,
2433 1566 2512 1629 sit
2539 1567 2641 1630 illc
2662 1567 2795 1630 dies
2825 1567 2866 1630 ὰ
2897 1569 3106 1651 coyni-

168 1647 447 1714 tionibus
491 1651 753 1727 alienus,
800 1651 1124 1734 praeconis
1171 1650 1433 1715 horrida
1480 1671 1596 1714 vox
1644 1650 1839 1726 sileat,
1887 1653 2196 1734 respirent
2243 1654 2282 1716 ὰ
2315 1655 2746 1718 controversiis
2772 1655 3104 1740 litiqantes.

164 1735 417 1801 Ibidem
462 1739 654 1822 paulo
698 1743 874 1823 post:
923 1739 1087 1804 nihii
1130 1739 1337 1804 codem
1386 1739 1484 1802 die
1514 1738 1636 1804 sibi
1656 1739 1922 1804 vindicet
1945 1760 2126 1804 scena
2160 1741 2496 1820 theatralis,
2528 1755 2639 1807 aut
2675 1743 2959 1808 Circense
2980 1767 3103 1810 cer-

164 1837 399 1904 tamen,
425 1839 537 1892 aut
559 1829 843 1911 ferarum
870 1828 1265 1912 lachrymosa
1288 1830 1650 1911 spectacula,
1683 1826 1795 1891 ἃς.
1844 1826 2009 1890 Vide
2041 1825 2278 1892 similia
2303 1830 2366 1892 in
2398 1832 2548 1896 lure
2579 1832 2891 1896 Canonico
2916 1833 3004 1896 tit.
3032 1833 3107 1898 de

165 1915 385 1979 Feriis.
436 1914 775 1980 Rationem
804 1917 968 1980 hanc
987 1939 1121 1979 non
1146 1917 1313 1980 male
1340 1917 1581 1999 allegat
1610 1918 1896 1999 Baptista
1941 1918 2237 1982 Vivianus
2262 1919 2330 1981 in
2361 1919 2670 1984 Rational.
2698 1919 2800 1985 lib.
2833 1921 2893 1983 2.
2923 1922 3014 1986 tit.
3041 1922 3103 1985 9.

162 2023 303 2086 cap.
351 2003 412 2068 5.
459 2003 623 2080 Quia
663 2003 859 2070 feriae
890 2025 1015 2068 non
1058 2009 1206 2068 sunt
1230 2005 1667 2088 principaliter
1697 2005 2094 2068 introductae
2121 2005 2186 2068 in
2212 2007 2496 2071 favorem
2529 2008 2810 2090 partium
2838 2008 3103 2094 litigan-

164 2092 354 2172 tium,
380 2093 579 2157 sedin
601 2092 907 2157 honorem
936 2092 1055 2158 Dei
1082 2095 1125 2158 ἃ
1155 2094 1220 2156 in
1249 2092 1568 2176 publicam
1594 2092 1896 2176 quietem,
1924 2114 1970 2156 c.
2001 2095 2130 2158 {icet
2155 2094 2230 2158 de
2255 2096 2467 2159 Feriis.
2519 2095 2718 2160 Casus
2743 2100 2957 2160 autem
2983 2097 3100 2161 mi-

164 2179 543 2246 sericordiae
569 2182 615 2247 8⁶
637 2182 1032 2246 necessitatis
1056 2181 1158 2245 his
1182 2181 1471 2246 versibus
1495 2182 1974 2264 comprehendit
2005 2183 2226 2248 Glossa
2249 2184 2321 2248 in
2341 2183 2523 2248 verbo
2552 2186 2774 2262 PictaS,
2801 2183 2848 2248 ἃ
2865 2185 3100 2249 citatur

166 2272 207 2332 ἐι
248 2269 503 2335 Viviano
530 2272 639 2336 loc.
664 2271 761 2336 cit.
798 2273 843 2336 a
868 2270 1097 2334 Azorio
1119 2273 1286 2353 part.
1316 2271 1375 2333 2.
1405 2270 1515 2332 lib.
1547 2270 1608 2334 2.
1634 2293 1775 2352 cap.
1802 2271 1908 2335 27.

701 2361 833 2424 Hoc
850 2360 1095 2447 faciunt
1118 2379 1341 2424 causas
1362 2359 1533 2445 sestis
1561 2360 1817 2424 tractari
1839 2359 2052 2425 diebus
2066 2383 2087 2424 .·

699 2449 862 2528 Pam,
892 2450 1087 2515 scelus
1110 2450 1487 2529 admissum,
1512 2449 1952 2523 manumissio,
1988 2471 2087 2513 res
2110 2451 2417 2534 perit-ura,

712 2539 1044 2603 Terminus
1066 2539 1417 2622 exspirans,
1446 2558 1627 2603 mora
1649 2538 1813 2602 testis
1836 2538 2042 2603 abesse
2061 2540 2339 2604 volentis.

701 2624 981 2713 Oti-mque
1000 2627 1319 2710 potestatis
1341 2627 1583 2710 pat-riae
1592 2627 1705 2709 jus
1730 2628 1903 2713 filius
1927 2628 2068 2692 exit.

162 2712 281 2778 VI.
330 2715 433 2779 An
460 2715 649 2779 liceat
673 2715 927 2799 exigere
951 2715 997 2779 &
1021 2720 1343 2798 praestare
1370 2717 1387 2798 j
1396 2701 1793 2779 uramentum
1818 2719 1847 2778 P
1894 2717 2066 2800 Resp.
2110 2714 2342 2779 Stricte
2366 2716 2431 2779 id
2455 2720 2694 2800 negant
2705 2716 3098 2781 ’Canonistac

158 2803 207 2868 a
262 2804 581 2870 Casuistae
621 2804 955 2891 Pontificii,
988 2804 1036 2869 &
1060 2826 1205 2869 cum
1229 2804 1309 2867 iis
1334 2808 1707 2867 recentiores
1746 2805 1989 2869 Toletus
2021 2807 2066 2869 δι
2092 2806 2360 2869 Azorius
2385 2807 2493 2871 loc.
2521 2806 2615 2869 cit.
2642 2804 2832 2888 idque
2856 2826 3081 2869 secun-

160 2892 313 2956 dum
337 2914 385 2959 c.
410 2914 627 2958 omnes
651 2892 725 2959 de
748 2894 981 2958 Feriis:
1007 2892 1119 2956 ubi
1144 2892 1369 2957 Glossa
1392 2896 1609 2957 tamen
1634 2893 1870 2976 excipit
1893 2892 2010 2956 lios
2035 2915 2248 2957 casus:
2279 2894 2460 2979 [pag.
2495 2892 2700 2979 1262]

700 2984 857 3060 Pam,
891 2980 953 3046 ἃ·
973 2984 1169 3066 fama,
1201 2982 1375 3069 sides,
1398 2982 1754 3058 reverentia,
1781 2982 1986 3045 caut-io
2011 2982 2256 3048 damni.

698 3071 985 3154 Defectus
1019 3072 1165 3149 veri,
1190 3070 1309 3134 sibi
1328 3082 1591 3154 poscunt
1626 3090 1860 3154 maqna
1891 3071 2108 3134 caveri.

156 3157 330 3235 Quin
356 3158 551 3223 immo
576 3156 950 3243 Speculator,
984 3160 1301 3224 lohannes
1328 3159 1629 3237 Andreas,
1668 3160 2170 3223 Panormitanus
2192 3160 2278 3223 ad
2307 3180 2439 3242 cap.
2467 3160 2566 3225 cit.
2595 3162 2780 3243 (qnos
2799 3157 3090 3241 sequitur

156 3248 457 3329 Azorius)
499 3248 933 3332 juramentum
982 3248 1081 3312 die
1128 3270 1255 3311 non
1303 3246 1531 3311 feriato
1566 3250 1603 3310 a
1632 3247 1905 3311 testibus
1945 3246 2137 3331 exigi,
2179 3248 2224 3312 81
2264 3269 2528 3311 examen
2556 3269 2628 3310 ac
2652 3246 3090 3311 testimonium

153 3335 299 3419 ipso
331 3336 561 3401 feriato
581 3337 681 3401 die
706 3337 923 3419 perfici
946 3335 1537 3421 posse200nceclunt:
1564 3336 1731 3418 quod
1752 3339 1970 3398 tamen
1992 3335 2161 3399 inter
2189 3335 2470 3418 ipsorum
2496 3334 2538 3399 J
2543 3334 2743 3400 CCtos
2770 3334 3094 3418 improbat

154 3425 485 3491 Diodorus
541 3426 859 3491 Tuldenus
898 3424 960 3489 J.
1011 3425 1078 3489 C.
1126 3424 1535 3488 Lovaniensis
1575 3425 1661 3487 ad
1701 3424 1788 3487 tit.
1835 3424 1898 3489 C.
1939 3424 2016 3488 de
2045 3422 2267 3506 Feri-is)
2294 3426 2338 3490 a
2363 3423 2452 3488 sic
2477 3424 2689 3487 valere
2714 3423 2880 3486 hanc
2905 3422 3090 3486 testi-

154 3513 359 3577 monii
390 3514 750 3592 dictionem,
776 3514 928 3597 quia
954 3514 1089 3577 scil.
1116 3512 1467 3577 retrahitur
1491 3513 1569 3575 ad
1594 3512 1760 3575 diem
1785 3534 1911 3575 non
1937 3512 2262 3585 feriatum,
2287 3512 2354 3576 in
2378 3534 2504 3595 quo
2529 3512 2808 3575 delatum
2835 3515 2933 3575 est
2949 3515 3089 3593 jus-

147 3602 516 3687 jurandum.
582 3601 727 3666 Non
776 3602 958 3666 video
1004 3606 1242 3679 tamen,
1289 3624 1401 3665 cur
1444 3602 1613 3665 nuda
1658 3601 2002 3684 juramenti
2057 3602 2402 3685 praestatio
2451 3601 2689 3685 absque
2736 3598 2910 3664 omni
2959 3599 3088 3663 alio

150 3691 581 3775 negotiorum,
623 3713 959 3755 causarum
990 3690 1431 3759 saecularium.
1465 3690 1867 3773 pragmatiae
1907 3690 1952 3753 8z
1985 3689 2108 3753 fori
2133 3689 2510 3754 contentiosi
2535 3689 2804 3772 strepitu
2830 3692 3084 3751 antece-

150 3780 344 3843 dente
370 3784 481 3843 ant
504 3784 925 3862 consequente
952 3800 1075 3843 non
1101 3780 1185 3843 sit
1210 3778 1405 3854 licita,
1434 3778 1624 3841 etiam
1652 3783 1833 3841 extra
1857 3778 2180 3859 praecisae
2202 3778 2598 3842 necessitatis
2620 3798 2858 3842 casum.
2905 3774 3084 3839 Idem

142 3867 460 3951 judicium
489 3868 605 3932 fiat
642 3868 720 3932 de
760 3866 1271 3932 reconciliatione
1316 3866 1601 3931 fraterna
1638 3866 2080 3929 dissidentium
2113 3865 2179 3929 in
2205 3888 2270 3927 se
2299 3869 2583 3949 spectata
2607 3866 2754 3950 (hoc
2781 3868 2899 3941 est,
2926 3885 3085 3947 qua-

150 3961 343 4020 tenus
376 3957 684 4039 pietatem
733 3956 797 4020 in
844 3956 1051 4020 Deum
1100 3956 1145 4021 ἃ
1194 3954 1545 4032 caritatem,
1594 3954 2125 4029 benevolentiam,
2175 3954 2579 4017 clementiani
2626 3954 2693 4017 in
2723 3953 3084 4036 proximum

152 4044 439 4128 respicit)
462 4068 476 4123 ;
525 4046 577 4109 si
624 4046 811 4109 modo
860 4049 1007 4109 ante
1054 4045 1349 4108 absoluta
1374 4042 1591 4118 fuerit,
1615 4041 1817 4106 autin
1842 4042 2041 4105 alium
2073 4041 2240 4104 diem
2267 4041 2592 4123 rejiciatur
2615 4063 2880 4123 operosa
2904 4062 3084 4104 occa-

150 4133 404 4198 sionum
450 4134 817 4197 offensionis
865 4132 1242 4216 disquisitio,
1291 4134 1337 4197 St,
1384 4154 1574 4215 super
1621 4128 2052 4194 saecularibus
2101 4130 2376 4213 negotiis
2426 4130 2792 4193 transactio.
2857 4128 3084 4192 Mirari

151 4221 327 4285 subit
358 4221 839 4286 Pontificiorum
865 4222 985 4285 hac
1008 4222 1074 4285 in
1098 4225 1279 4305 parte
1305 4218 1684 4304 vertiginem
1710 4222 1822 4281 aut
1849 4216 2546 4281 Pharisaeo-Judaicae
2579 4217 2852 4280 similem
2876 4216 3084 4300 hypo·

149 4310 365 4387 crisin,
406 4312 573 4395 quod
614 4332 757 4373 cum
781 4314 879 4375 tot
901 4315 1240 4392 tantosque
1266 4308 1539 4373 camelos
1572 4306 1952 4392 deglutiant,
1980 4305 2244 4369 culicem
2268 4305 2438 4369 hunc
2464 4306 2786 4370 excolent:
2814 4326 3080 4367 examen

148 4398 435 4478 testium,
460 4399 743 4464 laborem
774 4398 1262 4464 Advocatoruni.
1288 4398 1483 4461 immo
1507 4397 1553 4462 ἃ
1580 4394 1877 4471 saltandi,
1905 4394 2247 4479 gladiandi,
2276 4394 2377 4459 διο.
2405 4394 2846 4477 permittendO,
2867 4396 3080 4541 actum

2041 4498 2050 4506 '
2859 4501 2944 4543 au
2975 4502 3078 4541 em
