3694 4871
607 239 730 307 152
867 240 1107 306 Disr.
1161 236 1287 303 vl.
1335 237 1456 305 De
1501 238 2207 305 Pnoueimonn
2257 239 2651 305 PsccArl
2698 239 3274 306 Oauusuas,

599 426 714 493 bat
730 424 888 492 satis
909 423 1256 491 ostendunt
1269 422 1434 489 mihi
1457 445 1602 489 cum
1627 423 1828 509 ipsius
1853 426 2263 510 conceptibus
2294 425 2465 511 quod
2486 426 2567 491 ad
2590 446 2908 491 summam
2928 426 3024 491 rei
3046 426 3287 511 optime
3308 450 3547 493 conve-

601 516 758 582 nire.
807 512 935 581 Sed
968 513 1168 579 lector
1212 512 1422 597 ipsum
1455 517 1745 579 autorem
1768 514 2078 579 consulat.
2125 513 2435 580 Nicolaus
2464 513 2772 579 Vedelius
2802 513 2871 579 in
2892 513 3323 598 disputatione
3367 517 3435 580 2.
3470 516 3549 580 de

601 606 861 689 peccato
885 602 1188 687 originali
1214 601 1457 667 habita.
1483 600 1929 687 Franequerae
1952 624 2120 669 anno
2146 604 2339 669 1641.
2366 602 2560 687 Resp.
2593 601 2635 667 J
2638 602 2744 669 oh.
2766 601 3057 669 Roldano
3080 626 3188 687 qu.
3216 604 3276 668 5.
3300 602 3436 669 Ubi
3468 606 3547 670 ad

601 692 1024 777 objectionem
1075 690 1329 757 Corvim
1373 701 1590 757 contra
1639 692 1985 758 Molineum
2007 713 2145 777 cap.
2170 694 2233 757 8.
2252 714 2319 777 p.
2349 692 2497 755 120.
2528 690 2591 758 ἃ
2615 692 2993 759 Bellarmini
3012 692 3112 759 lib.
3142 692 3203 756 5.
3230 694 3307 758 de
3324 694 3547 759 antiss.

598 794 763 867 qrat.
786 802 836 847 e.
867 780 946 844 15
973 779 1064 845 sic
1085 775 1158 838 τὸ
1181 778 1526 863 positivum
1551 779 1866 846 defendit:
1900 781 2180 860 Ludunt,
2204 781 2435 866 inquit,
2473 780 2881 860 ambiquitate
2896 781 3201 867 phraseos
3224 784 3547 868 qualitatis

601 870 899 955 positivae
914 892 936 934 .·
957 889 1152 954 quam
1177 888 1293 933 nos
1317 888 1451 934 non
1471 870 1791 935 sumimus
1813 870 2016 936 stricte
2038 892 2148 937 sea
2166 870 2437 956 physice,
2462 872 2556 935 vel
2576 870 2765 937 etia-m
2784 871 3044 954 proprie
3063 871 3271 955 topice,
3292 871 3399 937 sed
3422 872 3546 935 im-

598 960 859 1044 proprie
908 956 973 1023 ἂ·
1013 958 1152 1038 late,
1199 958 1272 1022 in
1315 969 1630 1044 quantum
1676 958 1806 1024 scil.
1854 970 2107 1025 actuosa
2152 957 2215 1025 ἃ·
2237 980 2497 1043 operosa
2518 971 2649 1035 est;
2678 960 2990 1044 qamnodo
3013 958 3273 1026 mov-bas
3300 972 3548 1043 praeter

597 1047 1040 1134 privationem,
1089 1049 1218 1131 qua
1239 1045 1595 1130 aequalitas
1619 1048 2110 1131 temperamenti
2133 1048 2388 1113 sublata
2412 1052 2530 1125 est,
2554 1048 2751 1112 etiam
2774 1046 3035 1131 positivi
3057 1048 3305 1133 aliquid
3328 1048 3543 1125 habet,

602 1136 908 1201 nimirum
929 1136 1106 1220 ipsos
1131 1134 1432 1200 humores
1454 1134 1810 1201 inordinate
1836 1136 2197 1221 dispositos,
2230 1140 2302 1201 ut
2325 1134 2607 1201 Thomas
2631 1136 2935 1221 loquitur,
2960 1135 3024 1202 a*
3038 1156 3275 1223 corpus
3290 1138 3543 1203 turbant

609 1224 673 1293 ἃ·
717 1236 962 1291 veaeant.
1011 1226 1110 1291 15ae
1152 1223 1272 1291 hac
1318 1224 1712 1290 distinetione
1745 1224 2079 1311 ambiquae
2098 1224 2259 1291 vocis
2288 1236 2524 1291 caetera
2552 1226 2739 1291 etiam
2760 1236 3138 1311 arthnema
3170 1226 3545 1293 Bellannini

602 1313 786 1399 facile
827 1316 1181 1381 solvuntur.
1228 1312 1780 1399 Cloppenburgius
1820 1313 1887 1378 in
1935 1314 2095 1399 disp.
2145 1313 2223 1378 de
2268 1318 2442 1379 statu
2488 1313 2766 1379 hominis
2790 1314 2908 1379 sub
2934 1314 3121 1397 lapsu
3151 1314 3547 1379 Franckerae

603 1403 845 1469 habitis
863 1426 966 1468 an.
995 1402 1190 1469 1646.
1214 1401 1378 1487 disp.
1405 1402 1468 1467 5.
1495 1424 1658 1486 quae
1681 1406 1778 1467 est
1799 1403 1861 1466 2.
1888 1404 1965 1468 de
1982 1407 2240 1488 peccato
2258 1402 2525 1487 originis
2540 1402 2913 1487 planissime
2927 1402 3092 1467 hanc
3108 1403 3545 1487 quaestionem

604 1492 1008 1571 determinat,
1055 1492 1304 1556 exserte
1351 1490 1770 1575 impropriam
1824 1514 1899 1557 ac
1930 1492 2364 1557 duriusculam
2394 1491 2847 1557 nonnullorum
2869 1490 3137 1575 phrasin
3166 1492 3247 1557 de
3278 1491 3546 1575 positivo

605 1580 902 1667 corrigit:
929 1580 1017 1645 Et
1039 1580 1162 1645 hoc
1186 1582 1564 1665 argumento
1588 1583 1759 1645 recte
1785 1602 1891 1646 eos
1918 1584 2105 1667 urget
2127 1580 2226 1645 th.
2256 1583 2317 1645 8.
2343 1580 2535 1647 Enim
2559 1601 2703 1647 vero
2725 1582 2855 1667 qui,
2880 1581 3037 1645 eitra
3059 1580 3243 1647 illam
3264 1579 3546 1647 imeres-in

607 1668 1081 1737 Manichaeismi
1125 1669 1499 1753 imerpolati,
1532 1670 1620 1734 ita
1649 1670 2021 1755 loquuntur,
2054 1669 2255 1737 invita
2284 1666 2549 1743 ἂκριβεὶα
2578 1671 2627 1737 δι
2650 1666 3041 1745 ἁκρτβελσγίκ
3062 1671 3250 1755 quasi
3272 1680 3551 1735 censeam

605 1758 948 1823 Peccatum
977 1756 1308 1842 Originale
1341 1778 1478 1822 esse
1503 1756 1747 1841 aliquid
1769 1758 2134 1842 positivum,
2159 1759 2285 1824 sive
2306 1758 2597 1825 habit-um
2625 1757 2752 1823 sive
2772 1758 2969 1823 alia-m
2992 1759 3361 1843 qualitatem
3378 1783 3400 1823 .-
3424 1778 3547 1823 non

607 1848 786 1914 aliter
824 1848 986 1914 tioeri
1016 1858 1288 1932 possunt
1314 1847 1681 1913 sententiam
1704 1867 1914 1928 suam,
1946 1868 2143 1934 qimm
2174 1860 2243 1914 ut
2274 1848 2507 1913 horum
2528 1850 2907 1913 alterutrum
2930 1857 3245 1913 statuant:
3272 1850 3369 1914 vel
3390 1846 3545 1911 Aui-

609 1958 746 2001 mas
769 1958 906 2001 esse
932 1958 1008 2001 ex
1033 1934 1341 2015 Traduce,
1359 1935 1422 2003 ἃ·
1437 1936 1508 2001 in
1523 1956 1746 2003 earum
1759 1937 2172 2021 qeneratione‚
2190 1937 2387 2001 simul
2402 1935 2760 2020 inqenerari
2776 1934 3043 2019 positivo
3056 1949 3203 2002 actu
3214 1948 3549 2020 peccatam:

611 2028 702 2093 vel
731 2024 950 2091 Creari
975 2024 1232 2109 quidem
1261 2024 1410 2089 illas
1434 2028 1473 2089 a
1501 2024 1638 2089 Deo
1664 2047 1881 2109 puras,
1908 2025 2017 2091 sed
2041 2024 2219 2090 infici
2246 2028 2285 2089 a
2308 2022 2563 2090 Semine
2595 2024 2695 2089 vel
2720 2022 2924 2088 Carne
2948 2024 3224 2109 impura.
3274 2024 3366 2089 Et
3384 2022 3547 2089 thesi

611 2114 643 2177 1
655 2114 715 2178 4.
744 2114 1015 2199 Propter
1033 2113 1150 2180 has
1173 2112 1480 2179 &similes
1495 2114 1885 2199 quaestiones
1901 2115 2401 2191 interme-remes,
2418 2114 2679 2179 omnino
2694 2113 2892 2180 tutius
2907 2113 3203 2192 creditur,
3225 2114 3553 2181 Peccatum

607 2224 873 2359 ‘'c’‘ussl
883 2202 2728 2377 5133?&2553szttafflsstuwfflffla?“³²²²
2745 2220 2879 2355 3235}
2894 2202 3553 2357 fflffsssffiffi'

619 2380 682 2448 ἃ·
726 2380 1064 2448 habitualis
1109 2380 1350 2447 aversio
1399 2392 1668 2448 naturae
1706 2383 1748 2446 ὰ
1793 2381 1946 2449 Deo.
1962 2362 2331 2446 'Maccovius
2355 2379 2423 2445 in
2454 2379 2777 2465 opusculis
2798 2379 3159 2463 posthumis
3190 2379 3552 2464 nuperrime

613 2469 820 2549 editis,
868 2469 938 2534 in
969 2467 1391 2535 Anti-Socino
1423 2491 1572 2555 pag.
1606 2470 1712 2534 83.
1739 2471 1971 2556 Nempe
1992 2471 2063 2535 in
2080 2481 2321 2554 peceato
2346 2470 2703 2536 inhaerente
2726 2471 2906 2554 [pag.
2936 2469 3145 2555 1093]
3178 2470 3319 2536 nali
3341 2469 3555 2535 inhae-

615 2571 782 2625 rente
839 2556 1069 2624 dieitur
1112 2579 1273 2624 esse:
1337 2559 1716 2640 Qualitatem
1761 2559 2105 2643 positivam
2157 2558 2220 2625 a
2265 2559 2653 2643 negativam.
2704 2559 2890 2623 Hanc
2932 2569 3155 2624 vocant
3208 2559 3551 2624 carentiam

602 2647 886 2731 justitiae
913 2647 1265 2733 oriqinalis,
1291 2647 1418 2712 sive
1437 2667 1571 2712 non
1589 2669 1770 2732 posse
1798 2649 2077 2726 bonum;
2101 2648 2275 2714 illam
2300 2660 2519 2714 vocant
2540 2647 2916 2732 pravitatem
2937 2657 3212 2712 nat-urae
3234 2648 3368 2713 sive
3385 2666 3555 2732 posse

617 2736 1052 2803 tantummodo
1080 2739 1362 2802 ‘malums
1409 2737 1505 2802 De
1533 2737 1645 2802 hoe
1667 2757 1807 2803 vero
1833 2738 2059 2804 ultimo
2082 2735 2430 2822 quaeritur.
2478 2735 2619 2812 Qua
2639 2736 2888 2800 ratione
2912 2735 3161 2800 dicatur
3184 2736 3551 2820 positivum,

617 2848 762 2891 cum
806 2846 990 2889 omne
1014 2824 1360 2909 positivum
1384 2847 1496 2890 ens
1519 2828 1636 2905 est,
1661 2827 1708 2892 δε
1732 2848 1917 2891 omne
1942 2848 2053 2890 ens
2076 2830 2174 2890 est
2196 2826 2433 2891 bonum
2452 2830 2483 2890 ⁴?
2530 2823 2723 2908 Resp.
2752 2823 3105 2890 positivam
3128 2824 3553 2910 multipliciter

617 2913 1024 2998 Philosophis
1071 2913 1214 2980 diei.
1263 2915 1344 2978 In
1393 2914 1899 2998 praesentiarum
1946 2915 2091 2980 haec
2119 2914 2475 3002 siqnificata
2498 2926 2749 2980 tantum
2778 2913 3160 2997 adferemus,
3186 2913 3317 2979 clici
3340 2933 3553 2998 nertipe

617 3002 961 3087 positivum
987 3001 1269 3086 physice,
1295 3014 1366 3068 at
1391 3005 1664 3088 qualitas
1687 3005 1988 3087 eorporis,
2019 3001 2082 3068 a
2097 3004 2185 3069 ita
2197 3004 2451 3089 physice
2460 3002 2803 3088 positivum
2819 3001 3058 3067 bonu-m
3074 3014 3180 3067 est.
3202 3001 3558 3068 Positivam

621 3089 850 3167 ethice,
871 3101 940 3155 ut
956 3091 1235 3170 virtutes,
1253 3091 1340 3156 ita
1355 3091 1540 3156 etiam
1559 3092 1676 3157 hae
1691 3091 1887 3158 bonae
1902 3103 2073 3159 sunt.
2094 3093 2445 3158 Positivam
2460 3091 2687 3177 logice,
2710 3089 2773 3158 st*
2796 3091 2910 3155 hoe
2929 3102 3018 3156 est
3040 3092 3419 3178 affirmatio,
3442 3091 3560 3156 Hoc

617 3191 795 3264 paeto
806 3178 1038 3244 dieitur
1047 3179 1844 3265 haecqualitaspositivaad
1855 3182 2191 3247 discrimen
2196 3182 2435 3266 prioris
2446 3181 2645 3265 part-is
2656 3179 2909 3265 peccati,
2924 3200 3084 3265 quae
3094 3181 3558 3268 neyativeeffer-

623 3280 728 3335 tar
749 3289 894 3334 eum
917 3269 1001 3352 as
1037 3270 1297 3334 rmative
1317 3273 1638 3356 efferatur.
1658 3270 1800 3336 Vide
1822 3271 1939 3336 hac
1960 3268 2036 3335 de
2057 3291 2125 3335 re
2142 3267 2547 3354 Zwinglium.
2566 3270 3078 3354 Decimaquarta.
3104 3267 3275 3344 Quia
3285 3267 3561 3334 Mathias

623 3357 916 3422 Flaccius
947 3355 982 3420 I
1009 3356 1262 3441 lyricus,
1288 3380 1415 3423 non
1439 3358 1596 3424 satis
1626 3358 1887 3443 provide
1910 3358 2017 3423 hio
2044 3362 2327 3423 versatus
2351 3358 2478 3424 fuit
2502 3356 2975 3423 distinctionem
3000 3356 3306 3441 privativi
3330 3361 3379 3425 St
3402 3355 3561 3442 posi-

620 3444 1018 3524 tivi,factum
1045 3448 1142 3510 est
1166 3449 1239 3510 ut
1268 3466 1376 3512 an.
1407 3446 1597 3512 1561.
1624 3447 1692 3512 in
1716 3447 2053 3513 collatione
2076 3445 2443 3512 Vinariensi
2466 3469 2611 3512 cum
2632 3445 2967 3511 Victorino
2992 3444 3323 3530 Strigelio,
3346 3445 3563 3531 positi·

623 3557 771 3600 vam
816 3555 953 3598 rem
999 3556 1111 3599 seu
1160 3534 1504 3599 essentiam
1534 3535 1758 3601 fecerit
1787 3539 2121 3620 peccatum
2160 3535 2489 3617 originale,
2522 3534 2843 3600 humanae
2868 3537 3137 3598 naturae
3160 3534 3560 3600 essentialem

625 3644 738 3689 seu
763 3622 839 3686 de
865 3622 1000 3706 ejus
1025 3623 1321 3702 essentia,
1353 3622 1551 3689 immo
1576 3625 1623 3692 δι
1646 3623 2157 3702 substantialem,
2191 3645 2303 3689 seu
2336 3623 2764 3690 substantiam
2788 3623 2945 3706 ejus.
2994 3621 3199 3698 Quem
3222 3621 3561 3688 absurdum

625 3709 672 3776 δι
696 3733 980 3776 crassum
1005 3711 1138 3795 ejus
1171 3733 1448 3776 errorem
1479 3712 1830 3777 refutatum
1855 3713 1993 3779 vide
2019 3716 2058 3778 a
2090 3713 2421 3798 Wiqando,
2448 3711 2783 3791 Heslmsia
2809 3711 3103 3792 Mor-lim),
3132 3711 3481 3778 Chemnilio
3510 3709 3562 3776 st

626 3799 1158 3884 Schlusselburqio
1204 3801 1275 3864 in
1319 3801 1592 3886 cataloyo
1631 3801 2081 3868 haeretico-ram
2090 3825 2116 3878 ;
2142 3801 2383 3868 Pezelio
2414 3801 2501 3866 ad
2528 3803 2815 3868 Examen
2840 3800 3287 3880 Melanthonis,
3318 3799 3384 3866 a
3400 3811 3561 3884 part.

625 3889 686 3952 3.
713 3887 916 3971 object.
951 3886 1014 3954 a*
1037 3888 1524 3972 responsionem.
1573 3887 1698 3954 Sed
1722 3913 1800 3956 ex
1823 3890 2283 3956 recentioribus
2307 3889 2693 3956 Lutheranis
2718 3890 2922 3955 instar
2953 3888 3241 3954 omnium
3268 3889 3357 3954 sit
3384 3890 3560 3956 Meis·

629 3996 820 4041 nerus
864 3976 1314 4062 Anthropoloq.
1359 3978 1482 4044 dec.
1536 3978 1595 4042 1.
1643 3979 1805 4063 disp.
1858 3980 1919 4044 6.
1967 4001 2073 4066 qu.
2107 3981 2163 4044 1.
2191 3978 2303 4043 ubi
2333 3979 2631 4057 breviter,
2658 3979 2705 4043 a
2730 3983 2945 4044 tamen
2970 3977 3129 4044 satis
3153 3977 3345 4062 plene
3370 3982 3562 4044 totam

625 4063 792 4128 hanc
837 4064 1329 4130 controversiam
1375 4067 1654 4149 exponit.
1702 4066 1990 4154 Adjungi
2034 4070 2264 4152 potest,
2307 4091 2385 4132 ex
2430 4065 2785 4132 Pontificiis
2812 4065 3113 4152 egregius
3144 4065 3557 4132 scholasticus

633 4151 812 4235 Grey.
833 4151 908 4216 de
933 4149 1208 4218 Valentia
1231 4155 1319 4220 ad
1345 4154 1402 4218 1.
1431 4155 1493 4222 2.
1517 4155 1676 4243 disp.
1703 4157 1763 4220 6.
1790 4179 1898 4244 qu.
1927 4158 2029 4221 12.
2054 4167 2281 4240 puncto
2305 4155 2467 4222 LEt
2485 4154 2917 4222 Belmrminus
2934 4155 3039 4221 lib.
3060 4155 3123 4220 5.
3142 4155 3563 4222 deamissioue

627 4239 870 4322 ¹qratiae
917 4237 980 4305 ἃ
1023 4251 1193 4306 statu
1233 4244 1463 4326 peccati
1504 4265 1639 4329 cap.
1671 4246 1728 4308 l.
1759 4246 1818 4310 2.
1847 4247 1909 4310 3.
1935 4243 2291 4311 Historiam
2322 4247 2541 4310 autem
2560 4244 2755 4329 hujus
2779 4241 3147 4310 certaminis
3172 4243 3379 4310 habes
3402 4241 3561 4329 apud

633 4325 1243 4414 Schlasselburqium
1271 4331 1344 4398 in
1365 4335 1641 4418 cataloyo
1663 4333 2012 4403 haereseon.
3312 4417 3365 4490 ²
3432 4420 3531 4487 Ad
