<?xml version="1.0" encoding="UTF-8"?>
<!DOCTYPE html PUBLIC "-//W3C//DTD XHTML 1.0 Transitional//EN"
    "http://www.w3.org/TR/xhtml1/DTD/xhtml1-transitional.dtd">
<html xmlns="http://www.w3.org/1999/xhtml" xml:lang="en" lang="en">
 <head>
  <title>
</title>
<meta http-equiv="Content-Type" content="text/html;charset=utf-8" />
  <meta name='ocr-system' content='tesseract 3.04.00' />
  <meta name='ocr-capabilities' content='ocr_page ocr_carea ocr_par ocr_line ocrx_word'/>
</head>
<body>
  <div class='ocr_page' id='page_1' title='image "./selectarumdispu00kuypgoog_0195.png"; bbox 0 0 3694 4871; ppageno 0'>
   <div class='ocr_carea' id='block_1_1' title="bbox 656 326 3323 398">
    <p class='ocr_par' dir='ltr' id='par_1_1' title="bbox 656 326 3323 398">
     <span class='ocr_line' id='line_1_1' title="bbox 656 326 3323 398; baseline 0.001 -6"><span class='ocrx_word' id='word_1_1' title='bbox 656 330 782 393; x_wconf 83' lang='lat'><strong><em>164</em></strong></span> <span class='ocrx_word' id='word_1_2' title='bbox 894 330 1132 395; x_wconf 76' lang='lat' dir='ltr'><strong><em>D1sP.</em></strong></span> <span class='ocrx_word' id='word_1_3' title='bbox 1180 326 1320 395; x_wconf 91' lang='lat' dir='ltr'><strong><em>VI.</em></strong></span> <span class='ocrx_word' id='word_1_4' title='bbox 1369 328 1490 396; x_wconf 69' lang='lat' dir='ltr'><strong><em>Du</em></strong></span> <span class='ocrx_word' id='word_1_5' title='bbox 1534 331 2239 398; x_wconf 68' lang='lat' dir='ltr'><strong><em>PnorAeAwtonn</em></strong></span> <span class='ocrx_word' id='word_1_6' title='bbox 2288 328 2683 395; x_wconf 65' lang='lat' dir='ltr'><strong><em>Pncctml</em></strong></span> <span class='ocrx_word' id='word_1_7' title='bbox 2730 330 3323 397; x_wconf 61' lang='lat' dir='ltr'><strong><em>Onomante.</em></strong></span> 
     </span>
    </p>
   </div>
   <div class='ocr_carea' id='block_1_2' title="bbox 637 512 3589 869">
    <p class='ocr_par' dir='ltr' id='par_1_2' title="bbox 637 512 3589 869">
     <span class='ocr_line' id='line_1_2' title="bbox 637 512 3589 603; baseline 0 -21"><span class='ocrx_word' id='word_1_8' title='bbox 637 518 784 603; x_wconf 87' lang='lat' dir='ltr'><strong><em>jam</em></strong></span> <span class='ocrx_word' id='word_1_9' title='bbox 827 517 870 581; x_wconf 82' lang='grc' dir='ltr'><strong>ἅ</strong></span> <span class='ocrx_word' id='word_1_10' title='bbox 911 514 1091 581; x_wconf 86' lang='lat' dir='ltr'><strong><em>nobis</em></strong></span> <span class='ocrx_word' id='word_1_11' title='bbox 1137 514 1520 599; x_wconf 73' lang='lat' dir='ltr'><strong><em>explicatum</em></strong></span> <span class='ocrx_word' id='word_1_12' title='bbox 1563 525 1685 580; x_wconf 85' lang='lat' dir='ltr'><strong><em>est.-</em></strong></span> <span class='ocrx_word' id='word_1_13' title='bbox 1733 515 1961 581; x_wconf 86' lang='lat' dir='ltr'><strong><em>Modus</em></strong></span> <span class='ocrx_word' id='word_1_14' title='bbox 2006 514 2179 580; x_wconf 86' lang='lat' dir='ltr'><strong><em>enim</em></strong></span> <span class='ocrx_word' id='word_1_15' title='bbox 2222 514 2405 580; x_wconf 82' lang='lat' dir='ltr'><strong><em>istius</em></strong></span> <span class='ocrx_word' id='word_1_16' title='bbox 2446 514 2927 601; x_wconf 72' lang='lat' dir='ltr'><strong><em>propaqationis</em></strong></span> <span class='ocrx_word' id='word_1_17' title='bbox 2979 525 3067 579; x_wconf 82' lang='lat' dir='ltr'><strong><em>est</em></strong></span> <span class='ocrx_word' id='word_1_18' title='bbox 3092 512 3171 579; x_wconf 88' lang='lat' dir='ltr'><strong><em>ab</em></strong></span> <span class='ocrx_word' id='word_1_19' title='bbox 3194 514 3373 581; x_wconf 77' lang='lat' dir='ltr'><strong><em>illius</em></strong></span> <span class='ocrx_word' id='word_1_20' title='bbox 3404 536 3589 583; x_wconf 74' lang='lat' dir='ltr'><strong><em>causa</em></strong></span> 
     </span>
     <span class='ocr_line' id='line_1_3' title="bbox 645 604 3587 691; baseline 0.001 -20"><span class='ocrx_word' id='word_1_21' title='bbox 645 625 914 691; x_wconf 87' lang='lat' dir='ltr'><strong><em>prorsus</em></strong></span> <span class='ocrx_word' id='word_1_22' title='bbox 937 604 1355 689; x_wconf 78' lang='lat' dir='ltr'><strong><em>separandus.</em></strong></span> <span class='ocrx_word' id='word_1_23' title='bbox 1412 606 1522 669; x_wconf 87' lang='lat' dir='ltr'><strong><em>E&#39;st</em></strong></span> <span class='ocrx_word' id='word_1_24' title='bbox 1544 604 1715 669; x_wconf 88' lang='lat' dir='ltr'><strong><em>enim</em></strong></span> <span class='ocrx_word' id='word_1_25' title='bbox 1737 606 1866 671; x_wconf 85' lang='lat' dir='ltr'><strong><em>alia</em></strong></span> <span class='ocrx_word' id='word_1_26' title='bbox 1889 604 2187 690; x_wconf 84' lang='lat' dir='ltr'><strong><em>quaestio,</em></strong></span> <span class='ocrx_word' id='word_1_27' title='bbox 2211 624 2373 690; x_wconf 88' lang='lat' dir='ltr'><strong><em>quae</em></strong></span> <span class='ocrx_word' id='word_1_28' title='bbox 2394 604 2473 669; x_wconf 84' lang='lat' dir='ltr'><strong><em>sit</em></strong></span> <span class='ocrx_word' id='word_1_29' title='bbox 2495 625 2689 671; x_wconf 86' lang='lat' dir='ltr'><strong><em>causa</em></strong></span> <span class='ocrx_word' id='word_1_30' title='bbox 2714 604 2901 670; x_wconf 76' lang='lat' dir='ltr'><strong><em>istius</em></strong></span> <span class='ocrx_word' id='word_1_31' title='bbox 2921 604 3404 689; x_wconf 74' lang='lat' dir='ltr'><strong><em>propaqationis</em></strong></span> <span class='ocrx_word' id='word_1_32' title='bbox 3420 627 3445 673; x_wconf 91' lang='lat'><strong><em>.·</em></strong></span> <span class='ocrx_word' id='word_1_33' title='bbox 3468 607 3587 672; x_wconf 79' lang='lat' dir='ltr'><strong><em>alia</em></strong></span> 
     </span>
     <span class='ocr_line' id='line_1_4' title="bbox 647 692 3587 782; baseline 0 -22"><span class='ocrx_word' id='word_1_34' title='bbox 647 696 791 782; x_wconf 88' lang='lat' dir='ltr'><strong><em>quis</em></strong></span> <span class='ocrx_word' id='word_1_35' title='bbox 821 694 900 759; x_wconf 88' lang='lat' dir='ltr'><strong><em>sit</em></strong></span> <span class='ocrx_word' id='word_1_36' title='bbox 929 695 1062 778; x_wconf 84' lang='lat' dir='ltr'><strong><em>ejus</em></strong></span> <span class='ocrx_word' id='word_1_37' title='bbox 1087 694 1334 759; x_wconf 86' lang='lat' dir='ltr'><strong><em>modus.</em></strong></span> <span class='ocrx_word' id='word_1_38' title='bbox 1367 694 1574 759; x_wconf 88' lang='lat' dir='ltr'><strong><em>Causa</em></strong></span> <span class='ocrx_word' id='word_1_39' title='bbox 1597 693 1789 778; x_wconf 77' lang='lat' dir='ltr'><strong><em>febris</em></strong></span> <span class='ocrx_word' id='word_1_40' title='bbox 1813 704 1899 758; x_wconf 94' lang='grc' dir='ltr'><strong><em>εει</em></strong></span> <span class='ocrx_word' id='word_1_41' title='bbox 1922 693 2322 758; x_wconf 83' lang='lat' dir='ltr'><strong><em>abundantia</em></strong></span> <span class='ocrx_word' id='word_1_42' title='bbox 2344 692 2486 759; x_wconf 87' lang='lat' dir='ltr'><strong><em>bilis</em></strong></span> <span class='ocrx_word' id='word_1_43' title='bbox 2516 695 2736 779; x_wconf 79' lang='lat' dir='ltr'><strong><em>flavae,</em></strong></span> <span class='ocrx_word' id='word_1_44' title='bbox 2766 693 2994 759; x_wconf 87' lang='lat' dir='ltr'><strong><em>Modus</em></strong></span> <span class='ocrx_word' id='word_1_45' title='bbox 3016 694 3451 774; x_wconf 68' lang='lat' dir='ltr'><strong><em>conciliandae</em></strong></span> <span class='ocrx_word' id='word_1_46' title='bbox 3468 696 3587 779; x_wconf 70' lang='lat' dir='ltr'><strong><em>fuit</em></strong></span> 
     </span>
     <span class='ocr_line' id='line_1_5' title="bbox 647 782 3589 869; baseline -0 -21"><span class='ocrx_word' id='word_1_47' title='bbox 647 786 743 849; x_wconf 82' lang='lat' dir='ltr'><strong><em>vel</em></strong></span> <span class='ocrx_word' id='word_1_48' title='bbox 795 794 982 867; x_wconf 84' lang='lat' dir='ltr'><strong><em>potus</em></strong></span> <span class='ocrx_word' id='word_1_49' title='bbox 1027 782 1288 861; x_wconf 88' lang='lat' dir='ltr'><strong><em>nimius,</em></strong></span> <span class='ocrx_word' id='word_1_50' title='bbox 1335 782 1585 867; x_wconf 77' lang='lat' dir='ltr'><strong><em>viqiliae</em></strong></span> <span class='ocrx_word' id='word_1_51' title='bbox 1632 782 1889 847; x_wconf 79' lang='lat' dir='ltr'><strong><em>nimiae.</em></strong></span> <span class='ocrx_word' id='word_1_52' title='bbox 1938 782 2035 847; x_wconf 86' lang='lat' dir='ltr'><strong><em>De</em></strong></span> <span class='ocrx_word' id='word_1_53' title='bbox 2069 802 2282 863; x_wconf 81' lang='lat' dir='ltr'><strong><em>eausa,</em></strong></span> <span class='ocrx_word' id='word_1_54' title='bbox 2306 802 2443 847; x_wconf 86' lang='lat' dir='ltr'><strong><em>eam</em></strong></span> <span class='ocrx_word' id='word_1_55' title='bbox 2470 802 2598 847; x_wconf 86' lang='lat' dir='ltr'><strong><em>esse</em></strong></span> <span class='ocrx_word' id='word_1_56' title='bbox 2613 784 2863 868; x_wconf 88' lang='lat' dir='ltr'><strong><em>justam</em></strong></span> <span class='ocrx_word' id='word_1_57' title='bbox 2888 782 3010 847; x_wconf 86' lang='lat' dir='ltr'><strong><em>Dei</em></strong></span> <span class='ocrx_word' id='word_1_58' title='bbox 3030 782 3107 847; x_wconf 87' lang='lat' dir='ltr'><strong><em>de</em></strong></span> <span class='ocrx_word' id='word_1_59' title='bbox 3132 793 3375 866; x_wconf 84' lang='lat' dir='ltr'><strong><em>peccato</em></strong></span> <span class='ocrx_word' id='word_1_60' title='bbox 3394 786 3589 869; x_wconf 80' lang='lat' dir='ltr'><strong><em>primi</em></strong></span> 
     </span>
    </p>
   </div>
   <div class='ocr_carea' id='block_1_3' title="bbox 648 871 3676 1048">
    <p class='ocr_par' dir='ltr' id='par_1_3' title="bbox 648 871 3676 1048">
     <span class='ocr_line' id='line_1_6' title="bbox 650 871 3676 969; baseline 0.001 -32"><span class='ocrx_word' id='word_1_61' title='bbox 650 872 926 937; x_wconf 81' lang='lat' dir='ltr'><strong><em>hominis</em></strong></span> <span class='ocrx_word' id='word_1_62' title='bbox 971 871 1428 937; x_wconf 85' lang='lat' dir='ltr'><strong><em>ordinationem</em></strong></span> <span class='ocrx_word' id='word_1_63' title='bbox 1475 890 1548 935; x_wconf 90' lang='lat' dir='ltr'><strong><em>ac</em></strong></span> <span class='ocrx_word' id='word_1_64' title='bbox 1593 872 1804 956; x_wconf 73' lang='lat' dir='ltr'><strong><em>leyem.</em></strong></span> <span class='ocrx_word' id='word_1_65' title='bbox 1861 871 2085 936; x_wconf 89' lang='lat' dir='ltr'><strong><em>Modus</em></strong></span> <span class='ocrx_word' id='word_1_66' title='bbox 2108 871 2303 955; x_wconf 81' lang='lat' dir='ltr'><strong><em>iqitur</em></strong></span> <span class='ocrx_word' id='word_1_67' title='bbox 2324 882 2517 935; x_wconf 83' lang='lat' dir='ltr'><strong><em>restat</em></strong></span> <span class='ocrx_word' id='word_1_68' title='bbox 2545 871 2971 956; x_wconf 74' lang='lat' dir='ltr'><strong><em>exponendus,</em></strong></span> <span class='ocrx_word' id='word_1_69' title='bbox 2996 872 3111 935; x_wconf 87' lang='lat' dir='ltr'><strong><em>etsi</em></strong></span> <span class='ocrx_word' id='word_1_70' title='bbox 3118 873 3263 955; x_wconf 82' lang='lat' dir='ltr'><strong><em>jam</em></strong></span> <span class='ocrx_word' id='word_1_71' title='bbox 3286 892 3368 937; x_wconf 74' lang='lat' dir='ltr'><strong><em>ex</em></strong></span> <span class='ocrx_word' id='word_1_72' title='bbox 3394 884 3584 957; x_wconf 77' lang='lat' dir='ltr'><strong><em>parte,</em></strong></span> <span class='ocrx_word' id='word_1_73' title='bbox 3674 906 3676 969; x_wconf 60' lang='lat'><em>2</em></span> 
     </span>
     <span class='ocr_line' id='line_1_7' title="bbox 648 959 3676 1048; baseline 0 -22"><span class='ocrx_word' id='word_1_74' title='bbox 648 962 858 1048; x_wconf 87' lang='lat' dir='ltr'><strong><em>ecquis</em></strong></span> <span class='ocrx_word' id='word_1_75' title='bbox 903 961 1004 1039; x_wconf 87' lang='lat' dir='ltr'><strong><em>sit,</em></strong></span> <span class='ocrx_word' id='word_1_76' title='bbox 1053 960 1374 1045; x_wconf 83' lang='lat' dir='ltr'><strong><em>superiore</em></strong></span> <span class='ocrx_word' id='word_1_77' title='bbox 1419 960 1614 1043; x_wconf 86' lang='lat' dir='ltr'><strong><em>capite</em></strong></span> <span class='ocrx_word' id='word_1_78' title='bbox 1637 960 1942 1024; x_wconf 77' lang='lat' dir='ltr'><strong><em>dioeimus.</em></strong></span> <span class='ocrx_word' id='word_1_79' title='bbox 1994 960 2102 1025; x_wconf 85' lang='lat' dir='ltr'><strong><em>Est</em></strong></span> <span class='ocrx_word' id='word_1_80' title='bbox 2130 970 2337 1025; x_wconf 89' lang='lat' dir='ltr'><strong><em>autem</em></strong></span> <span class='ocrx_word' id='word_1_81' title='bbox 2360 961 2734 1045; x_wconf 75' lang='lat' dir='ltr'><strong><em>propaqatio</em></strong></span> <span class='ocrx_word' id='word_1_82' title='bbox 2761 959 3037 1024; x_wconf 84' lang='lat' dir='ltr'><strong><em>hominis</em></strong></span> <span class='ocrx_word' id='word_1_83' title='bbox 3060 981 3137 1025; x_wconf 77' lang='lat' dir='ltr'><strong><em>ea:</em></strong></span> <span class='ocrx_word' id='word_1_84' title='bbox 3157 960 3417 1026; x_wconf 78' lang='lat' dir='ltr'><strong><em>homine</em></strong></span> <span class='ocrx_word' id='word_1_85' title='bbox 3434 982 3587 1048; x_wconf 68' lang='lat' dir='ltr'><strong><em>qttae</em></strong></span> <span class='ocrx_word' id='word_1_86' title='bbox 3674 984 3676 987; x_wconf 52' lang='lat'><em>⁴</em></span> 
     </span>
    </p>
   </div>
   <div class='ocr_carea' id='block_1_4' title="bbox 647 1048 3585 1151">
    <p class='ocr_par' dir='ltr' id='par_1_4' title="bbox 647 1048 3585 1151">
     <span class='ocr_line' id='line_1_8' title="bbox 647 1048 3585 1151; baseline 0 -37"><span class='ocrx_word' id='word_1_87' title='bbox 647 1052 720 1137; x_wconf 81' lang='lat' dir='ltr'><strong><em>sit</em></strong></span> <span class='ocrx_word' id='word_1_88' title='bbox 742 1071 820 1116; x_wconf 77' lang='lat' dir='ltr'><strong><em>eoe</em></strong></span> <span class='ocrx_word' id='word_1_89' title='bbox 841 1070 916 1114; x_wconf 90' lang='lat' dir='ltr'><strong><em>ea</em></strong></span> <span class='ocrx_word' id='word_1_90' title='bbox 937 1052 1062 1151; x_wconf 72' lang='lat' dir='ltr'><strong><em>teqe</em></strong></span> <span class='ocrx_word' id='word_1_91' title='bbox 1085 1060 1371 1124; x_wconf 86' lang='lat' dir='ltr'><strong><em>naturae,</em></strong></span> <span class='ocrx_word' id='word_1_92' title='bbox 1400 1070 1529 1135; x_wconf 86' lang='lat' dir='ltr'><strong><em>qua</em></strong></span> <span class='ocrx_word' id='word_1_93' title='bbox 1545 1050 2044 1135; x_wconf 85' lang='lat' dir='ltr'><strong><em>unumquodque</em></strong></span> <span class='ocrx_word' id='word_1_94' title='bbox 2053 1059 2304 1150; x_wconf 72' lang='lat' dir='ltr'><strong><em>pocreat</em></strong></span> <span class='ocrx_word' id='word_1_95' title='bbox 2328 1048 2449 1113; x_wconf 87' lang='lat' dir='ltr'><strong><em>sibi</em></strong></span> <span class='ocrx_word' id='word_1_96' title='bbox 2462 1050 2681 1115; x_wconf 82' lang='lat' dir='ltr'><strong><em>simile.</em></strong></span> <span class='ocrx_word' id='word_1_97' title='bbox 2708 1048 2802 1114; x_wconf 90' lang='lat' dir='ltr'><strong><em>Sit</em></strong></span> <span class='ocrx_word' id='word_1_98' title='bbox 2824 1070 2901 1112; x_wconf 75' lang='lat' dir='ltr'><strong><em>ex</em></strong></span> <span class='ocrx_word' id='word_1_99' title='bbox 2915 1068 3070 1133; x_wconf 86' lang='lat' dir='ltr'><strong><em>equo</em></strong></span> <span class='ocrx_word' id='word_1_100' title='bbox 3094 1068 3299 1135; x_wconf 83' lang='lat' dir='ltr'><strong><em>equus</em></strong></span> <span class='ocrx_word' id='word_1_101' title='bbox 3314 1074 3337 1114; x_wconf 93' lang='lat'><strong><em>.·</em></strong></span> <span class='ocrx_word' id='word_1_102' title='bbox 3358 1072 3437 1115; x_wconf 68' lang='lat' dir='ltr'><strong><em>ex</em></strong></span> <span class='ocrx_word' id='word_1_103' title='bbox 3452 1050 3585 1115; x_wconf 79' lang='lat' dir='ltr'><strong><em>bove</em></strong></span> 
     </span>
    </p>
   </div>
   <div class='ocr_carea' id='block_1_5' title="bbox 647 1137 3676 1491">
    <p class='ocr_par' dir='ltr' id='par_1_5' title="bbox 647 1137 3676 1491">
     <span class='ocr_line' id='line_1_9' title="bbox 650 1137 3676 1225; baseline 0 -22"><span class='ocrx_word' id='word_1_104' title='bbox 650 1137 756 1205; x_wconf 86' lang='lat' dir='ltr'><strong><em>bos</em></strong></span> <span class='ocrx_word' id='word_1_105' title='bbox 772 1149 1277 1225; x_wconf 67' lang='lat' dir='ltr'><strong><em>proseminatur:</em></strong></span> <span class='ocrx_word' id='word_1_106' title='bbox 1307 1158 1384 1201; x_wconf 76' lang='lat' dir='ltr'><strong><em>ea·</em></strong></span> <span class='ocrx_word' id='word_1_107' title='bbox 1405 1148 1684 1221; x_wconf 76' lang='lat' dir='ltr'><strong><em>serpente</em></strong></span> <span class='ocrx_word' id='word_1_108' title='bbox 1705 1158 1995 1223; x_wconf 85' lang='lat' dir='ltr'><strong><em>serpens.-</em></strong></span> <span class='ocrx_word' id='word_1_109' title='bbox 2020 1158 2095 1201; x_wconf 80' lang='lat' dir='ltr'><strong><em>ex</em></strong></span> <span class='ocrx_word' id='word_1_110' title='bbox 2116 1157 2331 1221; x_wconf 68' lang='lat' dir='ltr'><strong><em>vipera</em></strong></span> <span class='ocrx_word' id='word_1_111' title='bbox 2354 1138 2567 1221; x_wconf 88' lang='lat' dir='ltr'><strong><em>vipera</em></strong></span> <span class='ocrx_word' id='word_1_112' title='bbox 2590 1138 2894 1216; x_wconf 81' lang='lat' dir='ltr'><strong><em>nascitur,</em></strong></span> <span class='ocrx_word' id='word_1_113' title='bbox 2919 1138 3105 1223; x_wconf 88' lang='lat' dir='ltr'><strong><em>idque</em></strong></span> <span class='ocrx_word' id='word_1_114' title='bbox 3126 1141 3421 1204; x_wconf 82' lang='lat' dir='ltr'><strong><em>naturali</em></strong></span> <span class='ocrx_word' id='word_1_115' title='bbox 3450 1140 3582 1223; x_wconf 76' lang='lat' dir='ltr'><strong><em>leye,</em></strong></span> <span class='ocrx_word' id='word_1_116' title='bbox 3673 1154 3676 1215; x_wconf 60' lang='grc' dir='ltr'>ξ</span> 
     </span>
     <span class='ocr_line' id='line_1_10' title="bbox 648 1224 3676 1329; baseline -0.001 -35"><span class='ocrx_word' id='word_1_117' title='bbox 648 1249 724 1294; x_wconf 73' lang='lat' dir='ltr'><strong><em>ex</em></strong></span> <span class='ocrx_word' id='word_1_118' title='bbox 735 1226 933 1294; x_wconf 82' lang='lat' dir='ltr'><strong><em>nobiti</em></strong></span> <span class='ocrx_word' id='word_1_119' title='bbox 945 1225 1199 1305; x_wconf 85' lang='lat' dir='ltr'><strong><em>nobilia,</em></strong></span> <span class='ocrx_word' id='word_1_120' title='bbox 1213 1246 1289 1291; x_wconf 75' lang='lat' dir='ltr'><strong><em>em</em></strong></span> <span class='ocrx_word' id='word_1_121' title='bbox 1300 1225 1558 1311; x_wconf 76' lang='lat' dir='ltr'><strong><em>iqnobili</em></strong></span> <span class='ocrx_word' id='word_1_122' title='bbox 1569 1226 1885 1311; x_wconf 77' lang='lat' dir='ltr'><strong><em>iqnobilia,</em></strong></span> <span class='ocrx_word' id='word_1_123' title='bbox 1904 1226 2069 1311; x_wconf 83' lang='lat' dir='ltr'><strong><em>Erqo</em></strong></span> <span class='ocrx_word' id='word_1_124' title='bbox 2084 1247 2159 1290; x_wconf 80' lang='lat' dir='ltr'><strong><em>ea·</em></strong></span> <span class='ocrx_word' id='word_1_125' title='bbox 2174 1226 2427 1293; x_wconf 65' lang='lat' dir='ltr'><strong><em>nornine</em></strong></span> <span class='ocrx_word' id='word_1_126' title='bbox 2447 1224 2510 1290; x_wconf 70' lang='grc' dir='ltr'><strong><em>ἃ·</em></strong></span> <span class='ocrx_word' id='word_1_127' title='bbox 2524 1248 2592 1291; x_wconf 90' lang='lat' dir='ltr'><strong><em>eo</em></strong></span> <span class='ocrx_word' id='word_1_128' title='bbox 2608 1227 2859 1313; x_wconf 85' lang='lat' dir='ltr'><strong><em>quidem</em></strong></span> <span class='ocrx_word' id='word_1_129' title='bbox 2874 1238 3169 1311; x_wconf 70' lang='lat' dir='ltr'><strong><em>corrupto</em></strong></span> <span class='ocrx_word' id='word_1_130' title='bbox 3184 1226 3371 1292; x_wconf 74' lang='lat' dir='ltr'><strong><em>homo</em></strong></span> <span class='ocrx_word' id='word_1_131' title='bbox 3392 1224 3585 1311; x_wconf 66' lang='lat' dir='ltr'><strong><em>&amp;ipse</em></strong></span> <span class='ocrx_word' id='word_1_132' title='bbox 3673 1224 3676 1329; x_wconf 63' lang='lat' dir='ltr'>j</span> 
     </span>
     <span class='ocr_line' id='line_1_11' title="bbox 647 1315 3676 1409; baseline -0 -26"><span class='ocrx_word' id='word_1_133' title='bbox 647 1328 982 1401; x_wconf 74' lang='lat' dir='ltr'><strong><em>corruptus</em></strong></span> <span class='ocrx_word' id='word_1_134' title='bbox 1005 1336 1249 1402; x_wconf 90' lang='lat' dir='ltr'><strong><em>quoque</em></strong></span> <span class='ocrx_word' id='word_1_135' title='bbox 1259 1327 1619 1399; x_wconf 68' lang='lat' dir='ltr'><strong><em>procreetur</em></strong></span> <span class='ocrx_word' id='word_1_136' title='bbox 1643 1334 1879 1380; x_wconf 81' lang='lat' dir='ltr'><strong><em>neeesse</em></strong></span> <span class='ocrx_word' id='word_1_137' title='bbox 1900 1326 2008 1393; x_wconf 89' lang='grc' dir='ltr'><strong><em>εει,</em></strong></span> <span class='ocrx_word' id='word_1_138' title='bbox 2034 1315 2131 1380; x_wconf 88' lang='lat' dir='ltr'><strong><em>uti</em></strong></span> <span class='ocrx_word' id='word_1_139' title='bbox 2151 1336 2226 1379; x_wconf 75' lang='lat' dir='ltr'><strong><em>ex</em></strong></span> <span class='ocrx_word' id='word_1_140' title='bbox 2247 1326 2546 1380; x_wconf 85' lang='lat' dir='ltr'><strong><em>venenato</em></strong></span> <span class='ocrx_word' id='word_1_141' title='bbox 2568 1326 2842 1399; x_wconf 87' lang='lat' dir='ltr'><strong><em>serpente</em></strong></span> <span class='ocrx_word' id='word_1_142' title='bbox 2864 1335 3119 1399; x_wconf 71' lang='lat' dir='ltr'><strong><em>serpens</em></strong></span> <span class='ocrx_word' id='word_1_143' title='bbox 3138 1328 3503 1394; x_wconf 71' lang='lat' dir='ltr'><strong><em>venertatus,</em></strong></span> <span class='ocrx_word' id='word_1_144' title='bbox 3516 1338 3585 1381; x_wconf 72' lang='lat' dir='ltr'><strong><em>at</em></strong></span> <span class='ocrx_word' id='word_1_145' title='bbox 3673 1336 3676 1409; x_wconf 67' lang='grc' dir='ltr'>ξ</span> 
     </span>
     <span class='ocr_line' id='line_1_12' title="bbox 649 1402 3676 1491; baseline -0.001 -20"><span class='ocrx_word' id='word_1_146' title='bbox 649 1405 1114 1491; x_wconf 79' lang='lat' dir='ltr'><strong><em>Elephantiaco,</em></strong></span> <span class='ocrx_word' id='word_1_147' title='bbox 1169 1424 1281 1469; x_wconf 85' lang='lat' dir='ltr'><strong><em>seu</em></strong></span> <span class='ocrx_word' id='word_1_148' title='bbox 1337 1402 1571 1468; x_wconf 89' lang='lat' dir='ltr'><strong><em>lebroso</em></strong></span> <span class='ocrx_word' id='word_1_149' title='bbox 1599 1414 1780 1488; x_wconf 85' lang='lat' dir='ltr'><strong><em>patre</em></strong></span> <span class='ocrx_word' id='word_1_150' title='bbox 1852 1404 1978 1468; x_wconf 85' lang='lat' dir='ltr'><strong><em>lius</em></strong></span> <span class='ocrx_word' id='word_1_151' title='bbox 2002 1403 2297 1468; x_wconf 84' lang='lat' dir='ltr'><strong><em>lebrosus.</em></strong></span> <span class='ocrx_word' id='word_1_152' title='bbox 2348 1404 2524 1485; x_wconf 83' lang='lat' dir='ltr'><strong><em>Quae</em></strong></span> <span class='ocrx_word' id='word_1_153' title='bbox 2546 1405 2712 1469; x_wconf 88' lang='lat' dir='ltr'><strong><em>ratio</em></strong></span> <span class='ocrx_word' id='word_1_154' title='bbox 2733 1404 3207 1488; x_wconf 70' lang='lat' dir='ltr'><strong><em>propaqationis</em></strong></span> <span class='ocrx_word' id='word_1_155' title='bbox 3228 1405 3397 1470; x_wconf 77' lang='lat' dir='ltr'><strong><em>nihil</em></strong></span> <span class='ocrx_word' id='word_1_156' title='bbox 3420 1405 3581 1471; x_wconf 76' lang='lat' dir='ltr'><strong><em>habet</em></strong></span> <span class='ocrx_word' id='word_1_157' title='bbox 3673 1410 3676 1469; x_wconf 75' lang='grc' dir='ltr'><strong>ἑ</strong></span> 
     </span>
    </p>
   </div>
   <div class='ocr_carea' id='block_1_6' title="bbox 649 1470 3676 1580">
    <p class='ocr_par' dir='ltr' id='par_1_6' title="bbox 649 1470 3676 1580">
     <span class='ocr_line' id='line_1_13' title="bbox 649 1470 3676 1580; baseline 0.001 -21"><span class='ocrx_word' id='word_1_158' title='bbox 649 1495 1008 1569; x_wconf 81' lang='lat' dir='ltr'><strong><em>obscurum,</em></strong></span> <span class='ocrx_word' id='word_1_159' title='bbox 1057 1504 1169 1559; x_wconf 89' lang='lat' dir='ltr'><strong><em>aut</em></strong></span> <span class='ocrx_word' id='word_1_160' title='bbox 1217 1492 1490 1580; x_wconf 76' lang='lat' dir='ltr'><strong><em>difficile.</em></strong></span> <span class='ocrx_word' id='word_1_161' title='bbox 1543 1494 1790 1575; x_wconf 85' lang='lat' dir='ltr'><strong><em>Quamo</em></strong></span> <span class='ocrx_word' id='word_1_162' title='bbox 1830 1513 1965 1557; x_wconf 89' lang='lat' dir='ltr'><strong><em>rem</em></strong></span> <span class='ocrx_word' id='word_1_163' title='bbox 1988 1493 2115 1577; x_wconf 78' lang='lat' dir='ltr'><strong><em>leqe</em></strong></span> <span class='ocrx_word' id='word_1_164' title='bbox 2135 1492 2437 1557; x_wconf 85' lang='lat' dir='ltr'><strong><em>nascendi</em></strong></span> <span class='ocrx_word' id='word_1_165' title='bbox 2458 1513 2535 1557; x_wconf 74' lang='lat' dir='ltr'><strong><em>ex</em></strong></span> <span class='ocrx_word' id='word_1_166' title='bbox 2552 1491 2925 1577; x_wconf 84' lang='lat' dir='ltr'><strong><em>parentibus</em></strong></span> <span class='ocrx_word' id='word_1_167' title='bbox 2942 1492 3387 1576; x_wconf 80' lang='lat' dir='ltr'><strong><em>peecatoribus,</em></strong></span> <span class='ocrx_word' id='word_1_168' title='bbox 3418 1494 3585 1559; x_wconf 82' lang='lat' dir='ltr'><strong><em>liberi</em></strong></span> <span class='ocrx_word' id='word_1_169' title='bbox 3673 1470 3676 1563; x_wconf 72' lang='grc' dir='ltr'>Ι</span> 
     </span>
    </p>
   </div>
   <div class='ocr_carea' id='block_1_7' title="bbox 643 1580 3581 1683">
    <p class='ocr_par' dir='ltr' id='par_1_7' title="bbox 643 1580 3581 1683">
     <span class='ocr_line' id='line_1_14' title="bbox 643 1580 3581 1683; baseline -0 -35"><span class='ocrx_word' id='word_1_170' title='bbox 643 1595 986 1667; x_wconf 73' lang='lat' dir='ltr'><strong><em>peccatores</em></strong></span> <span class='ocrx_word' id='word_1_171' title='bbox 1008 1584 1193 1683; x_wconf 81' lang='lat' dir='ltr'><strong><em>fiunt.</em></strong></span> <span class='ocrx_word' id='word_1_172' title='bbox 1241 1582 1446 1667; x_wconf 86' lang='lat' dir='ltr'><strong><em>Atque</em></strong></span> <span class='ocrx_word' id='word_1_173' title='bbox 1468 1580 1568 1645; x_wconf 83' lang='lat' dir='ltr'><strong><em>hic</em></strong></span> <span class='ocrx_word' id='word_1_174' title='bbox 1589 1592 1676 1645; x_wconf 87' lang='lat' dir='ltr'><strong><em>est</em></strong></span> <span class='ocrx_word' id='word_1_175' title='bbox 1701 1582 1933 1646; x_wconf 85' lang='lat' dir='ltr'><strong><em>modus</em></strong></span> <span class='ocrx_word' id='word_1_176' title='bbox 1958 1581 2364 1666; x_wconf 76' lang='lat' dir='ltr'><strong><em>propaqamli</em></strong></span> <span class='ocrx_word' id='word_1_177' title='bbox 2388 1581 2737 1666; x_wconf 79' lang='lat' dir='ltr'><strong><em>Oriqinalis</em></strong></span> <span class='ocrx_word' id='word_1_178' title='bbox 2753 1581 3003 1665; x_wconf 80' lang='lat' dir='ltr'><strong><em>peccati,</em></strong></span> <span class='ocrx_word' id='word_1_179' title='bbox 3028 1582 3136 1645; x_wconf 85' lang='lat' dir='ltr'><strong><em>sed</em></strong></span> <span class='ocrx_word' id='word_1_180' title='bbox 3158 1582 3257 1647; x_wconf 80' lang='lat' dir='ltr'><strong><em>uti</em></strong></span> <span class='ocrx_word' id='word_1_181' title='bbox 3276 1582 3437 1661; x_wconf 73' lang='lat' dir='ltr'><strong><em>dixi,</em></strong></span> <span class='ocrx_word' id='word_1_182' title='bbox 3460 1603 3581 1647; x_wconf 78' lang='lat' dir='ltr'><strong><em>non</em></strong></span> 
     </span>
    </p>
   </div>
   <div class='ocr_carea' id='block_1_8' title="bbox 647 1668 3676 1758">
    <p class='ocr_par' dir='ltr' id='par_1_8' title="bbox 647 1668 3676 1758">
     <span class='ocr_line' id='line_1_15' title="bbox 647 1668 3676 1758; baseline -0 -21"><span class='ocrx_word' id='word_1_183' title='bbox 647 1692 859 1751; x_wconf 84' lang='lat' dir='ltr'><strong><em>causa,</em></strong></span> <span class='ocrx_word' id='word_1_184' title='bbox 884 1689 1188 1758; x_wconf 71' lang='lat' dir='ltr'><strong><em>quoniam</em></strong></span> <span class='ocrx_word' id='word_1_185' title='bbox 1213 1668 1396 1733; x_wconf 82' lang='lat' dir='ltr'><strong><em>homo</em></strong></span> <span class='ocrx_word' id='word_1_186' title='bbox 1420 1668 1516 1745; x_wconf 86' lang='lat' dir='ltr'><strong><em>sit,</em></strong></span> <span class='ocrx_word' id='word_1_187' title='bbox 1541 1689 1777 1734; x_wconf 83' lang='lat' dir='ltr'><strong><em>necesse</em></strong></span> <span class='ocrx_word' id='word_1_188' title='bbox 1799 1681 1905 1749; x_wconf 86' lang='lat' dir='ltr'><strong><em>est,</em></strong></span> <span class='ocrx_word' id='word_1_189' title='bbox 1932 1670 2043 1755; x_wconf 85' lang='lat' dir='ltr'><strong><em>qui</em></strong></span> <span class='ocrx_word' id='word_1_190' title='bbox 2067 1670 2178 1735; x_wconf 82' lang='lat' dir='ltr'><strong><em>hoc</em></strong></span> <span class='ocrx_word' id='word_1_191' title='bbox 2196 1680 2436 1753; x_wconf 86' lang='lat' dir='ltr'><strong><em>peccato</em></strong></span> <span class='ocrx_word' id='word_1_192' title='bbox 2460 1671 2918 1758; x_wconf 73' lang='lat' dir='ltr'><strong><em>inficiturserqo</em></strong></span> <span class='ocrx_word' id='word_1_193' title='bbox 2934 1690 3011 1734; x_wconf 74' lang='lat' dir='ltr'><strong><em>ex</em></strong></span> <span class='ocrx_word' id='word_1_194' title='bbox 3024 1670 3279 1735; x_wconf 79' lang='lat' dir='ltr'><strong><em>homine</em></strong></span> <span class='ocrx_word' id='word_1_195' title='bbox 3292 1682 3583 1737; x_wconf 75' lang='lat' dir='ltr'><strong><em>nascatur</em></strong></span> <span class='ocrx_word' id='word_1_196' title='bbox 3673 1698 3676 1747; x_wconf 71' lang='grc' dir='ltr'><strong>ς</strong></span> 
     </span>
    </p>
   </div>
   <div class='ocr_carea' id='block_1_9' title="bbox 649 1757 3676 2024">
    <p class='ocr_par' dir='ltr' id='par_1_9' title="bbox 649 1752 3676 2024">
     <span class='ocr_line' id='line_1_16' title="bbox 649 1757 3582 1845; baseline -0.001 -20"><span class='ocrx_word' id='word_1_197' title='bbox 649 1769 901 1845; x_wconf 86' lang='lat' dir='ltr'><strong><em>oportet.</em></strong></span> <span class='ocrx_word' id='word_1_198' title='bbox 957 1758 1167 1839; x_wconf 84' lang='lat' dir='ltr'><strong><em>Quare</em></strong></span> <span class='ocrx_word' id='word_1_199' title='bbox 1210 1757 1441 1822; x_wconf 88' lang='lat' dir='ltr'><strong><em>modus</em></strong></span> <span class='ocrx_word' id='word_1_200' title='bbox 1489 1759 1898 1843; x_wconf 81' lang='lat' dir='ltr'><strong><em>propaqandi</em></strong></span> <span class='ocrx_word' id='word_1_201' title='bbox 1942 1759 2125 1823; x_wconf 86' lang='lat' dir='ltr'><strong><em>istius</em></strong></span> <span class='ocrx_word' id='word_1_202' title='bbox 2168 1758 2395 1841; x_wconf 87' lang='lat' dir='ltr'><strong><em>peccati</em></strong></span> <span class='ocrx_word' id='word_1_203' title='bbox 2439 1779 2516 1823; x_wconf 76' lang='lat' dir='ltr'><strong><em>ea·</em></strong></span> <span class='ocrx_word' id='word_1_204' title='bbox 2538 1759 2882 1842; x_wconf 80' lang='lat' dir='ltr'><strong><em>procreatio</em></strong></span> <span class='ocrx_word' id='word_1_205' title='bbox 2906 1759 3183 1823; x_wconf 78' lang='lat' dir='ltr'><strong><em>hominis</em></strong></span> <span class='ocrx_word' id='word_1_206' title='bbox 3204 1780 3283 1824; x_wconf 77' lang='lat' dir='ltr'><strong><em>eae</em></strong></span> <span class='ocrx_word' id='word_1_207' title='bbox 3305 1758 3582 1825; x_wconf 78' lang='lat' dir='ltr'><strong><em>homine.-</em></strong></span> 
     </span>
     <span class='ocr_line' id='line_1_17' title="bbox 660 1845 3676 1933; baseline -0.001 -18"><span class='ocrx_word' id='word_1_208' title='bbox 660 1849 869 1916; x_wconf 88' lang='lat' dir='ltr'><strong><em>Causa</em></strong></span> <span class='ocrx_word' id='word_1_209' title='bbox 915 1867 1087 1927; x_wconf 76' lang='lat' dir='ltr'><strong><em>vero,</em></strong></span> <span class='ocrx_word' id='word_1_210' title='bbox 1106 1847 1258 1933; x_wconf 89' lang='lat' dir='ltr'><strong><em>quia</em></strong></span> <span class='ocrx_word' id='word_1_211' title='bbox 1282 1845 1401 1911; x_wconf 87' lang='lat' dir='ltr'><strong><em>sub</em></strong></span> <span class='ocrx_word' id='word_1_212' title='bbox 1433 1847 1576 1930; x_wconf 81' lang='lat' dir='ltr'><strong><em>leqe,</em></strong></span> <span class='ocrx_word' id='word_1_213' title='bbox 1609 1867 1682 1913; x_wconf 86' lang='lat' dir='ltr'><strong><em>ac</em></strong></span> <span class='ocrx_word' id='word_1_214' title='bbox 1699 1866 1905 1931; x_wconf 86' lang='lat' dir='ltr'><strong><em>poena</em></strong></span> <span class='ocrx_word' id='word_1_215' title='bbox 1930 1846 1971 1913; x_wconf 85' lang='grc' dir='ltr'><em>ἁ</em></span> <span class='ocrx_word' id='word_1_216' title='bbox 1998 1847 2130 1911; x_wconf 91' lang='lat' dir='ltr'><strong><em>Deo</em></strong></span> <span class='ocrx_word' id='word_1_217' title='bbox 2155 1846 2449 1931; x_wconf 84' lang='lat' dir='ltr'><strong><em>imposita</em></strong></span> <span class='ocrx_word' id='word_1_218' title='bbox 2474 1847 2708 1912; x_wconf 88' lang='lat' dir='ltr'><strong><em>Adami</em></strong></span> <span class='ocrx_word' id='word_1_219' title='bbox 2726 1860 2969 1931; x_wconf 85' lang='lat' dir='ltr'><strong><em>peceato</em></strong></span> <span class='ocrx_word' id='word_1_220' title='bbox 2992 1847 3301 1913; x_wconf 81' lang='lat' dir='ltr'><strong><em>nascitur.</em></strong></span> <span class='ocrx_word' id='word_1_221' title='bbox 3365 1848 3580 1915; x_wconf 72' lang='lat' dir='ltr'><strong><em>Verum</em></strong></span> <span class='ocrx_word' id='word_1_222' title='bbox 3674 1880 3676 1921; x_wconf 72' lang='grc' dir='ltr'>ι</span> 
     </span>
     <span class='ocr_line' id='line_1_18' title="bbox 655 1932 3676 2024; baseline -0.002 -21"><span class='ocrx_word' id='word_1_223' title='bbox 655 1937 1009 2024; x_wconf 89' lang='lat' dir='ltr'><strong><em>quaeritur,</em></strong></span> <span class='ocrx_word' id='word_1_224' title='bbox 1056 1955 1258 2022; x_wconf 78' lang='lat' dir='ltr'><strong><em>quum</em></strong></span> <span class='ocrx_word' id='word_1_225' title='bbox 1301 1936 1523 1999; x_wconf 88' lang='lat' dir='ltr'><strong><em>anima</em></strong></span> <span class='ocrx_word' id='word_1_226' title='bbox 1569 1934 1859 2001; x_wconf 82' lang='lat' dir='ltr'><strong><em>humana</em></strong></span> <span class='ocrx_word' id='word_1_227' title='bbox 1896 1936 1938 1999; x_wconf 83' lang='grc' dir='ltr'><em>ὰ</em></span> <span class='ocrx_word' id='word_1_228' title='bbox 1988 1932 2112 2001; x_wconf 83' lang='grc' dir='ltr'><strong><em>Πεο</em></strong></span> <span class='ocrx_word' id='word_1_229' title='bbox 2173 1946 2429 2013; x_wconf 86' lang='lat' dir='ltr'><strong><em>creetur,</em></strong></span> <span class='ocrx_word' id='word_1_230' title='bbox 2456 1936 2637 2021; x_wconf 81' lang='lat' dir='ltr'><strong><em>[pag.</em></strong></span> <span class='ocrx_word' id='word_1_231' title='bbox 2678 1935 2882 2021; x_wconf 85' lang='lat'>1108]</span> <span class='ocrx_word' id='word_1_232' title='bbox 2906 1958 2980 2001; x_wconf 87' lang='lat' dir='ltr'><strong><em>ac</em></strong></span> <span class='ocrx_word' id='word_1_233' title='bbox 3000 1936 3269 2020; x_wconf 86' lang='lat' dir='ltr'><strong><em>proinde</em></strong></span> <span class='ocrx_word' id='word_1_234' title='bbox 3285 1956 3483 2024; x_wconf 84' lang='lat' dir='ltr'><strong><em>pura,</em></strong></span> <span class='ocrx_word' id='word_1_235' title='bbox 3512 1958 3582 2003; x_wconf 68' lang='lat' dir='ltr'><strong><em>ea·</em></strong></span> <span class='ocrx_word' id='word_1_236' title='bbox 3673 1934 3676 1997; x_wconf 78' lang='grc' dir='ltr'>ἒ</span> 
     </span>
    </p>
   </div>
   <div class='ocr_carea' id='block_1_10' title="bbox 647 2022 3583 2111">
    <p class='ocr_par' dir='ltr' id='par_1_10' title="bbox 647 2022 3583 2111">
     <span class='ocr_line' id='line_1_19' title="bbox 647 2022 3583 2111; baseline 0 -20"><span class='ocrx_word' id='word_1_237' title='bbox 647 2027 882 2091; x_wconf 80' lang='lat' dir='ltr'><strong><em>Anima</em></strong></span> <span class='ocrx_word' id='word_1_238' title='bbox 919 2044 1064 2089; x_wconf 85' lang='lat' dir='ltr'><strong><em>vero</em></strong></span> <span class='ocrx_word' id='word_1_239' title='bbox 1085 2025 1291 2109; x_wconf 88' lang='lat' dir='ltr'><strong><em>patris</em></strong></span> <span class='ocrx_word' id='word_1_240' title='bbox 1313 2024 1534 2088; x_wconf 86' lang='lat' dir='ltr'><strong><em>anima</em></strong></span> <span class='ocrx_word' id='word_1_241' title='bbox 1559 2025 1681 2111; x_wconf 78' lang='lat' dir='ltr'><strong><em>filii</em></strong></span> <span class='ocrx_word' id='word_1_242' title='bbox 1709 2044 1842 2088; x_wconf 86' lang='lat' dir='ltr'><strong><em>non</em></strong></span> <span class='ocrx_word' id='word_1_243' title='bbox 1867 2024 2259 2103; x_wconf 76' lang='lat' dir='ltr'><strong><em>traducatur,</em></strong></span> <span class='ocrx_word' id='word_1_244' title='bbox 2284 2024 2595 2109; x_wconf 83' lang='lat' dir='ltr'><strong><em>quomodo</em></strong></span> <span class='ocrx_word' id='word_1_245' title='bbox 2614 2035 2935 2109; x_wconf 84' lang='lat' dir='ltr'><strong><em>peccatum</em></strong></span> <span class='ocrx_word' id='word_1_246' title='bbox 2958 2026 3025 2089; x_wconf 85' lang='lat' dir='ltr'><strong><em>in</em></strong></span> <span class='ocrx_word' id='word_1_247' title='bbox 3058 2046 3131 2090; x_wconf 90' lang='lat' dir='ltr'><strong><em>ea</em></strong></span> <span class='ocrx_word' id='word_1_248' title='bbox 3154 2025 3499 2103; x_wconf 77' lang='lat' dir='ltr'><strong><em>inhaerere,</em></strong></span> <span class='ocrx_word' id='word_1_249' title='bbox 3526 2022 3583 2091; x_wconf 70' lang='grc' dir='ltr'>ἃ</span> 
     </span>
    </p>
   </div>
   <div class='ocr_carea' id='block_1_11' title="bbox 647 2113 3676 2289">
    <p class='ocr_par' dir='ltr' id='par_1_11' title="bbox 647 2104 3676 2305">
     <span class='ocr_line' id='line_1_20' title="bbox 647 2113 3585 2199; baseline 0 -19"><span class='ocrx_word' id='word_1_250' title='bbox 647 2115 848 2180; x_wconf 84' lang='lat' dir='ltr'><strong><em>inesse</em></strong></span> <span class='ocrx_word' id='word_1_251' title='bbox 882 2114 1098 2199; x_wconf 84' lang='lat' dir='ltr'><strong><em>possit,</em></strong></span> <span class='ocrx_word' id='word_1_252' title='bbox 1145 2133 1306 2199; x_wconf 87' lang='lat' dir='ltr'><strong><em>quae</em></strong></span> <span class='ocrx_word' id='word_1_253' title='bbox 1350 2132 1518 2196; x_wconf 89' lang='lat' dir='ltr'><strong><em>pura</em></strong></span> <span class='ocrx_word' id='word_1_254' title='bbox 1551 2125 1638 2177; x_wconf 86' lang='lat' dir='ltr'><strong><em>est</em></strong></span> <span class='ocrx_word' id='word_1_255' title='bbox 1676 2133 1874 2198; x_wconf 82' lang='lat' dir='ltr'><strong><em>neque</em></strong></span> <span class='ocrx_word' id='word_1_256' title='bbox 1916 2134 1995 2177; x_wconf 77' lang='lat' dir='ltr'><strong><em>ccc</em></strong></span> <span class='ocrx_word' id='word_1_257' title='bbox 2024 2113 2279 2177; x_wconf 81' lang='lat' dir='ltr'><strong><em>traduce</em></strong></span> <span class='ocrx_word' id='word_1_258' title='bbox 2306 2114 2559 2177; x_wconf 83' lang='lat' dir='ltr'><strong><em>animae</em></strong></span> <span class='ocrx_word' id='word_1_259' title='bbox 2567 2114 2714 2196; x_wconf 81' lang='lat' dir='ltr'><strong><em>jam</em></strong></span> <span class='ocrx_word' id='word_1_260' title='bbox 2730 2114 3010 2196; x_wconf 85' lang='lat' dir='ltr'><strong><em>pollutae</em></strong></span> <span class='ocrx_word' id='word_1_261' title='bbox 3033 2126 3425 2198; x_wconf 84' lang='lat' dir='ltr'><strong><em>procreatur.</em></strong></span> <span class='ocrx_word' id='word_1_262' title='bbox 3474 2115 3585 2180; x_wconf 81' lang='lat' dir='ltr'><strong><em>Re-</em></strong></span> 
     </span>
     <span class='ocr_line' id='line_1_21' title="bbox 647 2201 3676 2289; baseline -0.001 -19"><span class='ocrx_word' id='word_1_263' title='bbox 647 2202 920 2289; x_wconf 85' lang='lat' dir='ltr'><strong><em>spondeo</em></strong></span> <span class='ocrx_word' id='word_1_264' title='bbox 963 2222 1108 2267; x_wconf 86' lang='lat' dir='ltr'><strong><em>vero</em></strong></span> <span class='ocrx_word' id='word_1_265' title='bbox 1133 2202 1200 2266; x_wconf 87' lang='lat' dir='ltr'><strong><em>id</em></strong></span> <span class='ocrx_word' id='word_1_266' title='bbox 1229 2201 1366 2288; x_wconf 85' lang='lat' dir='ltr'><strong><em>fieri</em></strong></span> <span class='ocrx_word' id='word_1_267' title='bbox 1389 2202 1654 2285; x_wconf 76' lang='lat' dir='ltr'><strong><em>exJ&#39;usta</em></strong></span> <span class='ocrx_word' id='word_1_268' title='bbox 1687 2202 1804 2267; x_wconf 83' lang='lat' dir='ltr'><strong><em>Dei</em></strong></span> <span class='ocrx_word' id='word_1_269' title='bbox 1833 2202 2231 2267; x_wconf 86' lang='lat' dir='ltr'><strong><em>ordinatione</em></strong></span> <span class='ocrx_word' id='word_1_270' title='bbox 2252 2202 2577 2285; x_wconf 84' lang='lat' dir='ltr'><strong><em>punientis</em></strong></span> <span class='ocrx_word' id='word_1_271' title='bbox 2599 2212 2915 2286; x_wconf 82' lang='lat' dir='ltr'><strong><em>peceatum</em></strong></span> <span class='ocrx_word' id='word_1_272' title='bbox 2944 2203 3176 2267; x_wconf 81' lang='lat' dir='ltr'><strong><em>Adami</em></strong></span> <span class='ocrx_word' id='word_1_273' title='bbox 3204 2222 3337 2267; x_wconf 85' lang='lat' dir='ltr'><strong><em>non</em></strong></span> <span class='ocrx_word' id='word_1_274' title='bbox 3358 2202 3431 2267; x_wconf 81' lang='lat' dir='ltr'><strong><em>in</em></strong></span> <span class='ocrx_word' id='word_1_275' title='bbox 3456 2204 3585 2287; x_wconf 80' lang='lat' dir='ltr'><strong><em>ipso</em></strong></span> <span class='ocrx_word' id='word_1_276' title='bbox 3673 2282 3676 2289; x_wconf 22' lang='lat'><strong>⁴</strong></span> 
     </span>
    </p>
   </div>
   <div class='ocr_carea' id='block_1_12' title="bbox 651 2288 3585 2377">
    <p class='ocr_par' dir='ltr' id='par_1_12' title="bbox 651 2288 3585 2377">
     <span class='ocr_line' id='line_1_22' title="bbox 651 2288 3585 2377; baseline -0.001 -18"><span class='ocrx_word' id='word_1_277' title='bbox 651 2295 856 2359; x_wconf 86' lang='lat' dir='ltr'><strong><em>solum</em></strong></span> <span class='ocrx_word' id='word_1_278' title='bbox 910 2291 1194 2359; x_wconf 86' lang='lat' dir='ltr'><strong><em>Adamo:</em></strong></span> <span class='ocrx_word' id='word_1_279' title='bbox 1255 2290 1361 2354; x_wconf 88' lang='lat' dir='ltr'><strong><em>sed</em></strong></span> <span class='ocrx_word' id='word_1_280' title='bbox 1383 2290 1570 2355; x_wconf 84' lang='lat' dir='ltr'><strong><em>etiam</em></strong></span> <span class='ocrx_word' id='word_1_281' title='bbox 1593 2290 1663 2354; x_wconf 88' lang='lat' dir='ltr'><strong><em>in</em></strong></span> <span class='ocrx_word' id='word_1_282' title='bbox 1693 2290 2011 2369; x_wconf 86' lang='lat' dir='ltr'><strong><em>omnibus,</em></strong></span> <span class='ocrx_word' id='word_1_283' title='bbox 2043 2288 2106 2356; x_wconf 70' lang='lat' dir='ltr'><strong><em>a·</em></strong></span> <span class='ocrx_word' id='word_1_284' title='bbox 2136 2290 2405 2374; x_wconf 77' lang='lat' dir='ltr'><strong><em>sinqulis</em></strong></span> <span class='ocrx_word' id='word_1_285' title='bbox 2430 2291 2565 2374; x_wconf 74' lang='lat' dir='ltr'><strong><em>ejus</em></strong></span> <span class='ocrx_word' id='word_1_286' title='bbox 2587 2291 2868 2375; x_wconf 87' lang='lat' dir='ltr'><strong><em>posteris.</em></strong></span> <span class='ocrx_word' id='word_1_287' title='bbox 2915 2291 3018 2357; x_wconf 88' lang='lat' dir='ltr'><strong><em>Sic</em></strong></span> <span class='ocrx_word' id='word_1_288' title='bbox 3038 2312 3243 2377; x_wconf 84' lang='lat' dir='ltr'><strong><em>quum</em></strong></span> <span class='ocrx_word' id='word_1_289' title='bbox 3265 2292 3585 2377; x_wconf 71' lang='lat' dir='ltr'><strong><em>quisptam</em></strong></span> 
     </span>
    </p>
   </div>
   <div class='ocr_carea' id='block_1_13' title="bbox 643 2379 3676 2734">
    <p class='ocr_par' dir='ltr' id='par_1_13' title="bbox 643 2379 3676 2734">
     <span class='ocr_line' id='line_1_23' title="bbox 645 2379 3676 2468; baseline -0 -21"><span class='ocrx_word' id='word_1_290' title='bbox 645 2392 904 2468; x_wconf 83' lang='lat' dir='ltr'><strong><em>propter</em></strong></span> <span class='ocrx_word' id='word_1_291' title='bbox 947 2380 1184 2446; x_wconf 80' lang='lat' dir='ltr'><strong><em>crimen</em></strong></span> <span class='ocrx_word' id='word_1_292' title='bbox 1230 2380 1428 2445; x_wconf 87' lang='lat' dir='ltr'><strong><em>laesae</em></strong></span> <span class='ocrx_word' id='word_1_293' title='bbox 1453 2379 1786 2464; x_wconf 81' lang='lat' dir='ltr'><strong><em>Majestatis</em></strong></span> <span class='ocrx_word' id='word_1_294' title='bbox 1808 2380 1850 2444; x_wconf 83' lang='grc' dir='ltr'><em>ὰ</em></span> <span class='ocrx_word' id='word_1_295' title='bbox 1874 2399 1938 2444; x_wconf 87' lang='lat' dir='ltr'><strong><em>se</em></strong></span> <span class='ocrx_word' id='word_1_296' title='bbox 1958 2380 2385 2458; x_wconf 83' lang='lat' dir='ltr'><strong><em>commissum,</em></strong></span> <span class='ocrx_word' id='word_1_297' title='bbox 2410 2400 2487 2445; x_wconf 79' lang='lat' dir='ltr'><strong><em>ex</em></strong></span> <span class='ocrx_word' id='word_1_298' title='bbox 2512 2380 2705 2446; x_wconf 87' lang='lat' dir='ltr'><strong><em>nobili</em></strong></span> <span class='ocrx_word' id='word_1_299' title='bbox 2755 2379 2836 2445; x_wconf 86' lang='lat' dir='ltr'><strong><em>sit</em></strong></span> <span class='ocrx_word' id='word_1_300' title='bbox 2866 2380 3176 2466; x_wconf 65' lang='lat' dir='ltr'><strong><em>ignobilis,</em></strong></span> <span class='ocrx_word' id='word_1_301' title='bbox 3206 2400 3425 2447; x_wconf 82' lang='lat' dir='ltr'><strong><em>omnes</em></strong></span> <span class='ocrx_word' id='word_1_302' title='bbox 3454 2382 3582 2466; x_wconf 67' lang='lat' dir='ltr'><strong><em>eim</em></strong></span> <span class='ocrx_word' id='word_1_303' title='bbox 3674 2398 3676 2406; x_wconf 63' lang='lat'>²</span> 
     </span>
     <span class='ocr_line' id='line_1_24' title="bbox 643 2467 3674 2558; baseline -0 -22"><span class='ocrx_word' id='word_1_304' title='bbox 643 2471 875 2555; x_wconf 85' lang='lat' dir='ltr'><strong><em>posteri</em></strong></span> <span class='ocrx_word' id='word_1_305' title='bbox 919 2469 1178 2536; x_wconf 86' lang='lat' dir='ltr'><strong><em>eandem</em></strong></span> <span class='ocrx_word' id='word_1_306' title='bbox 1227 2467 1432 2553; x_wconf 79' lang='lat' dir='ltr'><strong><em>iqnobi</em></strong></span> <span class='ocrx_word' id='word_1_307' title='bbox 1435 2469 1665 2535; x_wconf 83' lang='lat' dir='ltr'><strong><em>litatem</em></strong></span> <span class='ocrx_word' id='word_1_308' title='bbox 1711 2470 1875 2534; x_wconf 87' lang='lat' dir='ltr'><strong><em>velut</em></strong></span> <span class='ocrx_word' id='word_1_309' title='bbox 1920 2469 2169 2552; x_wconf 88' lang='lat' dir='ltr'><strong><em>paterni</em></strong></span> <span class='ocrx_word' id='word_1_310' title='bbox 2190 2469 2476 2533; x_wconf 86' lang='lat' dir='ltr'><strong><em>criminis</em></strong></span> <span class='ocrx_word' id='word_1_311' title='bbox 2487 2490 2755 2553; x_wconf 83' lang='lat' dir='ltr'><strong><em>poenam</em></strong></span> <span class='ocrx_word' id='word_1_312' title='bbox 2786 2469 3023 2554; x_wconf 78' lang='lat' dir='ltr'><strong><em>ferunt,</em></strong></span> <span class='ocrx_word' id='word_1_313' title='bbox 3048 2472 3336 2558; x_wconf 75' lang='lat' dir='ltr'><strong><em>fiuntque</em></strong></span> <span class='ocrx_word' id='word_1_314' title='bbox 3362 2491 3439 2536; x_wconf 84' lang='lat' dir='ltr'><strong><em>ac</em></strong></span> <span class='ocrx_word' id='word_1_315' title='bbox 3468 2489 3581 2535; x_wconf 75' lang='lat' dir='ltr'><strong><em>na-</em></strong></span> <span class='ocrx_word' id='word_1_316' title='bbox 3672 2517 3674 2550; x_wconf 24' lang='grc' dir='ltr'><strong>ὲ</strong></span> 
     </span>
     <span class='ocr_line' id='line_1_25' title="bbox 648 2555 3674 2645; baseline -0.001 -19"><span class='ocrx_word' id='word_1_317' title='bbox 648 2571 910 2626; x_wconf 84' lang='lat' dir='ltr'><strong><em>scuntur</em></strong></span> <span class='ocrx_word' id='word_1_318' title='bbox 937 2555 1000 2623; x_wconf 67' lang='lat' dir='ltr'><strong><em>st*</em></strong></span> <span class='ocrx_word' id='word_1_319' title='bbox 1021 2558 1143 2642; x_wconf 88' lang='lat' dir='ltr'><strong><em>ipsi</em></strong></span> <span class='ocrx_word' id='word_1_320' title='bbox 1166 2556 1477 2642; x_wconf 78' lang='lat' dir='ltr'><strong><em>iqnobiles.</em></strong></span> <span class='ocrx_word' id='word_1_321' title='bbox 1503 2556 1669 2642; x_wconf 78' lang='lat' dir='ltr'><strong><em>Erqo</em></strong></span> <span class='ocrx_word' id='word_1_322' title='bbox 1688 2558 2043 2641; x_wconf 82' lang='lat' dir='ltr'><strong><em>polluta&#39;est</em></strong></span> <span class='ocrx_word' id='word_1_323' title='bbox 2063 2557 2345 2645; x_wconf 81' lang='lat' dir='ltr'><strong><em>filiorum</em></strong></span> <span class='ocrx_word' id='word_1_324' title='bbox 2367 2559 2609 2636; x_wconf 86' lang='lat' dir='ltr'><strong><em>anima,</em></strong></span> <span class='ocrx_word' id='word_1_325' title='bbox 2628 2557 2690 2624; x_wconf 70' lang='grc' dir='ltr'><strong><em>ἃ·</em></strong></span> <span class='ocrx_word' id='word_1_326' title='bbox 2705 2558 2775 2622; x_wconf 88' lang='lat' dir='ltr'><strong><em>in</em></strong></span> <span class='ocrx_word' id='word_1_327' title='bbox 2789 2579 2863 2622; x_wconf 91' lang='lat' dir='ltr'><strong><em>ea</em></strong></span> <span class='ocrx_word' id='word_1_328' title='bbox 2868 2571 3187 2642; x_wconf 84' lang='lat' dir='ltr'><strong><em>peccatum</em></strong></span> <span class='ocrx_word' id='word_1_329' title='bbox 3204 2559 3365 2624; x_wconf 75' lang='lat' dir='ltr'><strong><em>inest</em></strong></span> <span class='ocrx_word' id='word_1_330' title='bbox 3372 2559 3579 2625; x_wconf 77' lang='lat' dir='ltr'><strong><em>eodem</em></strong></span> <span class='ocrx_word' id='word_1_331' title='bbox 3672 2569 3674 2574; x_wconf 82' lang='grc'><em>“</em></span> 
     </span>
     <span class='ocr_line' id='line_1_26' title="bbox 652 2647 3674 2734; baseline -0 -21"><span class='ocrx_word' id='word_1_332' title='bbox 652 2649 946 2733; x_wconf 87' lang='lat' dir='ltr'><strong><em>temporis</em></strong></span> <span class='ocrx_word' id='word_1_333' title='bbox 969 2658 1303 2725; x_wconf 80' lang='lat' dir='ltr'><strong><em>momentO,</em></strong></span> <span class='ocrx_word' id='word_1_334' title='bbox 1329 2667 1452 2732; x_wconf 86' lang='lat' dir='ltr'><strong><em>quo</em></strong></span> <span class='ocrx_word' id='word_1_335' title='bbox 1475 2657 1723 2710; x_wconf 83' lang='lat' dir='ltr'><strong><em>creatur</em></strong></span> <span class='ocrx_word' id='word_1_336' title='bbox 1737 2647 1778 2709; x_wconf 82' lang='grc' dir='ltr'><strong>ἀ</strong></span> <span class='ocrx_word' id='word_1_337' title='bbox 1800 2647 1955 2725; x_wconf 78' lang='lat' dir='ltr'><strong><em>Dee,</em></strong></span> <span class='ocrx_word' id='word_1_338' title='bbox 1980 2666 2113 2710; x_wconf 88' lang='lat' dir='ltr'><strong><em>non</em></strong></span> <span class='ocrx_word' id='word_1_339' title='bbox 2132 2658 2380 2732; x_wconf 88' lang='lat' dir='ltr'><strong><em>postea:</em></strong></span> <span class='ocrx_word' id='word_1_340' title='bbox 2408 2647 2616 2731; x_wconf 80' lang='lat' dir='ltr'><strong><em>Neque</em></strong></span> <span class='ocrx_word' id='word_1_341' title='bbox 2640 2658 2847 2712; x_wconf 86' lang='lat' dir='ltr'><strong><em>tamen</em></strong></span> <span class='ocrx_word' id='word_1_342' title='bbox 2872 2648 3004 2728; x_wconf 82' lang='lat' dir='ltr'><strong><em>itta,</em></strong></span> <span class='ocrx_word' id='word_1_343' title='bbox 3030 2659 3339 2734; x_wconf 75' lang='lat' dir='ltr'><strong><em>quatenus</em></strong></span> <span class='ocrx_word' id='word_1_344' title='bbox 3360 2659 3453 2712; x_wconf 88' lang='lat' dir='ltr'><strong><em>est</em></strong></span> <span class='ocrx_word' id='word_1_345' title='bbox 3469 2667 3581 2725; x_wconf 83' lang='lat' dir='ltr'><strong><em>res,</em></strong></span> <span class='ocrx_word' id='word_1_346' title='bbox 3672 2651 3674 2712; x_wconf 82' lang='grc' dir='ltr'>ἶ</span> 
     </span>
    </p>
   </div>
   <div class='ocr_carea' id='block_1_14' title="bbox 633 2735 3583 3886">
    <p class='ocr_par' dir='ltr' id='par_1_14' title="bbox 646 2735 3583 3354">
     <span class='ocr_line' id='line_1_27' title="bbox 655 2735 3582 2822; baseline -0.001 -20"><span class='ocrx_word' id='word_1_347' title='bbox 655 2735 720 2802; x_wconf 73' lang='grc' dir='ltr'><strong><em>ἃ·</em></strong></span> <span class='ocrx_word' id='word_1_348' title='bbox 763 2737 1027 2802; x_wconf 84' lang='lat' dir='ltr'><strong><em>essentia</em></strong></span> <span class='ocrx_word' id='word_1_349' title='bbox 1071 2757 1112 2800; x_wconf 92' lang='lat' dir='ltr'><strong><em>a</em></strong></span> <span class='ocrx_word' id='word_1_350' title='bbox 1158 2735 1290 2800; x_wconf 88' lang='lat' dir='ltr'><strong><em>Deo</em></strong></span> <span class='ocrx_word' id='word_1_351' title='bbox 1336 2735 1411 2800; x_wconf 86' lang='lat' dir='ltr'><strong><em>de</em></strong></span> <span class='ocrx_word' id='word_1_352' title='bbox 1461 2755 1622 2798; x_wconf 86' lang='lat' dir='ltr'><strong><em>novo</em></strong></span> <span class='ocrx_word' id='word_1_353' title='bbox 1669 2745 1895 2813; x_wconf 88' lang='lat' dir='ltr'><strong><em>creata,</em></strong></span> <span class='ocrx_word' id='word_1_354' title='bbox 1940 2736 2187 2820; x_wconf 88' lang='lat' dir='ltr'><strong><em>polluta</em></strong></span> <span class='ocrx_word' id='word_1_355' title='bbox 2238 2746 2323 2799; x_wconf 85' lang='lat' dir='ltr'><strong><em>est</em></strong></span> <span class='ocrx_word' id='word_1_356' title='bbox 2340 2759 2361 2800; x_wconf 81' lang='grc'><strong><em>.-</em></strong></span> <span class='ocrx_word' id='word_1_357' title='bbox 2392 2735 2516 2801; x_wconf 87' lang='lat' dir='ltr'><strong><em>Sed</em></strong></span> <span class='ocrx_word' id='word_1_358' title='bbox 2536 2741 2849 2821; x_wconf 81' lang='lat' dir='ltr'><strong><em>quatenus</em></strong></span> <span class='ocrx_word' id='word_1_359' title='bbox 2870 2747 2959 2800; x_wconf 86' lang='lat' dir='ltr'><strong><em>est</em></strong></span> <span class='ocrx_word' id='word_1_360' title='bbox 2984 2737 3055 2802; x_wconf 86' lang='lat' dir='ltr'><strong><em>in</em></strong></span> <span class='ocrx_word' id='word_1_361' title='bbox 3076 2737 3365 2802; x_wconf 76' lang='lat' dir='ltr'><strong><em>humana</em></strong></span> <span class='ocrx_word' id='word_1_362' title='bbox 3386 2735 3582 2822; x_wconf 80' lang='lat' dir='ltr'><strong><em>specie</em></strong></span> 
     </span>
     <span class='ocr_line' id='line_1_28' title="bbox 652 2821 3575 2909; baseline -0.001 -19"><span class='ocrx_word' id='word_1_363' title='bbox 652 2825 1085 2903; x_wconf 72' lang='lat' dir='ltr'><strong><em>Indiuiduum,</em></strong></span> <span class='ocrx_word' id='word_1_364' title='bbox 1098 2825 1280 2908; x_wconf 84' lang='lat' dir='ltr'><strong><em>justa</em></strong></span> <span class='ocrx_word' id='word_1_365' title='bbox 1303 2826 1426 2908; x_wconf 79' lang='lat' dir='ltr'><strong><em>leqe</em></strong></span> <span class='ocrx_word' id='word_1_366' title='bbox 1451 2823 1568 2888; x_wconf 85' lang='lat' dir='ltr'><strong><em>Dei</em></strong></span> <span class='ocrx_word' id='word_1_367' title='bbox 1597 2821 1660 2890; x_wconf 74' lang='grc' dir='ltr'><strong><em>ἃ·</em></strong></span> <span class='ocrx_word' id='word_1_368' title='bbox 1683 2823 2081 2890; x_wconf 89' lang='lat' dir='ltr'><strong><em>ordinatione</em></strong></span> <span class='ocrx_word' id='word_1_369' title='bbox 2103 2825 2249 2889; x_wconf 83' lang='lat' dir='ltr'><strong><em>huic</em></strong></span> <span class='ocrx_word' id='word_1_370' title='bbox 2265 2843 2503 2909; x_wconf 86' lang='lat' dir='ltr'><strong><em>poenae</em></strong></span> <span class='ocrx_word' id='word_1_371' title='bbox 2523 2823 2867 2889; x_wconf 79' lang='lat' dir='ltr'><strong><em>obnooeium</em></strong></span> <span class='ocrx_word' id='word_1_372' title='bbox 2888 2845 3171 2890; x_wconf 79' lang='lat' dir='ltr'><strong><em>nascens.</em></strong></span> <span class='ocrx_word' id='word_1_373' title='bbox 3198 2823 3287 2888; x_wconf 73' lang='lat' dir='ltr'><strong><em>Et</em></strong></span> <span class='ocrx_word' id='word_1_374' title='bbox 3310 2847 3451 2908; x_wconf 81' lang='lat' dir='ltr'><strong><em>cap.</em></strong></span> <span class='ocrx_word' id='word_1_375' title='bbox 3480 2825 3575 2889; x_wconf 85' lang='lat'><strong><em>18.</em></strong></span> 
     </span>
     <span class='ocr_line' id='line_1_29' title="bbox 647 2911 3583 3000; baseline -0 -23"><span class='ocrx_word' id='word_1_376' title='bbox 647 2935 796 2999; x_wconf 82' lang='lat' dir='ltr'><strong><em>pag.</em></strong></span> <span class='ocrx_word' id='word_1_377' title='bbox 849 2912 998 2978; x_wconf 85' lang='lat'><strong><em>150.</em></strong></span> <span class='ocrx_word' id='word_1_378' title='bbox 1059 2911 1385 2980; x_wconf 82' lang='lat' dir='ltr'><strong><em>Caeterum</em></strong></span> <span class='ocrx_word' id='word_1_379' title='bbox 1429 2911 1623 2996; x_wconf 77' lang='lat' dir='ltr'><strong><em>huJ‘us</em></strong></span> <span class='ocrx_word' id='word_1_380' title='bbox 1663 2913 1912 2996; x_wconf 87' lang='lat' dir='ltr'><strong><em>peccati,</em></strong></span> <span class='ocrx_word' id='word_1_381' title='bbox 1952 2913 2046 2978; x_wconf 86' lang='lat' dir='ltr'><strong><em>uti</em></strong></span> <span class='ocrx_word' id='word_1_382' title='bbox 2067 2924 2452 2978; x_wconf 87' lang='lat' dir='ltr'><strong><em>caeterarum</em></strong></span> <span class='ocrx_word' id='word_1_383' title='bbox 2475 2933 2713 2991; x_wconf 87' lang='lat' dir='ltr'><strong><em>rerum,</em></strong></span> <span class='ocrx_word' id='word_1_384' title='bbox 2740 2924 2890 2978; x_wconf 85' lang='lat' dir='ltr'><strong><em>sunt</em></strong></span> <span class='ocrx_word' id='word_1_385' title='bbox 2910 2926 3187 3000; x_wconf 84' lang='lat' dir='ltr'><strong><em>quatuor</em></strong></span> <span class='ocrx_word' id='word_1_386' title='bbox 3202 2913 3583 2998; x_wconf 73' lang='lat' dir='ltr'><strong><em>principales</em></strong></span> 
     </span>
     <span class='ocr_line' id='line_1_30' title="bbox 647 3001 3581 3091; baseline 0.001 -25"><span class='ocrx_word' id='word_1_387' title='bbox 647 3022 890 3081; x_wconf 86' lang='lat' dir='ltr'><strong><em>causae,</em></strong></span> <span class='ocrx_word' id='word_1_388' title='bbox 914 3001 1228 3066; x_wconf 86' lang='lat' dir='ltr'><strong><em>nimirum</em></strong></span> <span class='ocrx_word' id='word_1_389' title='bbox 1251 3001 1386 3080; x_wconf 83' lang='lat' dir='ltr'><strong><em>hae,</em></strong></span> <span class='ocrx_word' id='word_1_390' title='bbox 1412 3001 1700 3088; x_wconf 82' lang='lat' dir='ltr'><strong><em>efficiens.</em></strong></span> <span class='ocrx_word' id='word_1_391' title='bbox 1730 3003 1836 3066; x_wconf 85' lang='lat' dir='ltr'><strong><em>Est</em></strong></span> <span class='ocrx_word' id='word_1_392' title='bbox 1859 3013 2069 3066; x_wconf 86' lang='lat' dir='ltr'><strong><em>autem</em></strong></span> <span class='ocrx_word' id='word_1_393' title='bbox 2093 3022 2169 3066; x_wconf 76' lang='lat' dir='ltr'><strong><em>ece</em></strong></span> <span class='ocrx_word' id='word_1_394' title='bbox 2188 3013 2367 3085; x_wconf 88' lang='lat' dir='ltr'><strong><em>parte</em></strong></span> <span class='ocrx_word' id='word_1_395' title='bbox 2392 3002 2680 3083; x_wconf 73' lang='lat' dir='ltr'><strong><em>hominis,</em></strong></span> <span class='ocrx_word' id='word_1_396' title='bbox 2706 3001 2817 3067; x_wconf 76' lang='lat' dir='ltr'><strong><em>itta</em></strong></span> <span class='ocrx_word' id='word_1_397' title='bbox 2834 3003 3038 3085; x_wconf 86' lang='lat' dir='ltr'><strong><em>primi</em></strong></span> <span class='ocrx_word' id='word_1_398' title='bbox 3060 3003 3338 3068; x_wconf 80' lang='lat' dir='ltr'><strong><em>hominis</em></strong></span> <span class='ocrx_word' id='word_1_399' title='bbox 3362 3002 3581 3091; x_wconf 73' lang='lat' dir='ltr'><strong><em>infide·</em></strong></span> 
     </span>
     <span class='ocr_line' id='line_1_31' title="bbox 651 3087 3581 3174; baseline 0.001 -20"><span class='ocrx_word' id='word_1_400' title='bbox 651 3091 813 3170; x_wconf 87' lang='lat' dir='ltr'><strong><em>litas,</em></strong></span> <span class='ocrx_word' id='word_1_401' title='bbox 868 3087 932 3155; x_wconf 72' lang='grc' dir='ltr'><strong><em>ἃ·</em></strong></span> <span class='ocrx_word' id='word_1_402' title='bbox 976 3089 1219 3154; x_wconf 83' lang='lat' dir='ltr'><strong><em>rebellio</em></strong></span> <span class='ocrx_word' id='word_1_403' title='bbox 1251 3089 1460 3155; x_wconf 86' lang='lat' dir='ltr'><strong><em>libera.</em></strong></span> <span class='ocrx_word' id='word_1_404' title='bbox 1513 3088 1673 3155; x_wconf 83' lang='lat' dir='ltr'><strong><em>Item</em></strong></span> <span class='ocrx_word' id='word_1_405' title='bbox 1703 3090 1971 3154; x_wconf 89' lang='lat' dir='ltr'><strong><em>materia</em></strong></span> <span class='ocrx_word' id='word_1_406' title='bbox 2008 3110 2112 3154; x_wconf 79' lang='lat' dir='ltr'><strong><em>seu</em></strong></span> <span class='ocrx_word' id='word_1_407' title='bbox 2136 3090 2495 3174; x_wconf 83' lang='lat' dir='ltr'><strong><em>subjectum.</em></strong></span> <span class='ocrx_word' id='word_1_408' title='bbox 2550 3093 2654 3156; x_wconf 82' lang='lat' dir='ltr'><strong><em>Est</em></strong></span> <span class='ocrx_word' id='word_1_409' title='bbox 2676 3102 2887 3156; x_wconf 85' lang='lat' dir='ltr'><strong><em>autem</em></strong></span> <span class='ocrx_word' id='word_1_410' title='bbox 2908 3089 3185 3157; x_wconf 72' lang='lat' dir='ltr'><strong><em>hominis</em></strong></span> <span class='ocrx_word' id='word_1_411' title='bbox 3208 3092 3455 3171; x_wconf 69' lang='lat' dir='ltr'><strong><em>anivna,</em></strong></span> <span class='ocrx_word' id='word_1_412' title='bbox 3476 3111 3581 3156; x_wconf 73' lang='lat' dir='ltr'><strong><em>seu</em></strong></span> 
     </span>
     <span class='ocr_line' id='line_1_32' title="bbox 647 3178 3579 3264; baseline -0 -20"><span class='ocrx_word' id='word_1_413' title='bbox 647 3182 990 3264; x_wconf 70' lang='lat' dir='ltr'><strong><em>facultates.</em></strong></span> <span class='ocrx_word' id='word_1_414' title='bbox 1036 3178 1268 3244; x_wconf 87' lang='lat' dir='ltr'><strong><em>Anima</em></strong></span> <span class='ocrx_word' id='word_1_415' title='bbox 1298 3179 1466 3244; x_wconf 88' lang='lat' dir='ltr'><strong><em>enim</em></strong></span> <span class='ocrx_word' id='word_1_416' title='bbox 1487 3179 1748 3263; x_wconf 82' lang='lat' dir='ltr'><strong><em>proprie</em></strong></span> <span class='ocrx_word' id='word_1_417' title='bbox 1768 3190 1856 3243; x_wconf 85' lang='lat' dir='ltr'><strong><em>est</em></strong></span> <span class='ocrx_word' id='word_1_418' title='bbox 1874 3179 2105 3263; x_wconf 87' lang='lat' dir='ltr'><strong><em>peccati</em></strong></span> <span class='ocrx_word' id='word_1_419' title='bbox 2133 3179 2478 3264; x_wconf 80' lang='lat' dir='ltr'><strong><em>Oriqinalis</em></strong></span> <span class='ocrx_word' id='word_1_420' title='bbox 2503 3180 2692 3245; x_wconf 85' lang='lat' dir='ltr'><strong><em>sedes.</em></strong></span> <span class='ocrx_word' id='word_1_421' title='bbox 2741 3179 2981 3244; x_wconf 83' lang='lat' dir='ltr'><strong><em>Forma</em></strong></span> <span class='ocrx_word' id='word_1_422' title='bbox 2998 3181 3233 3264; x_wconf 88' lang='lat' dir='ltr'><strong><em>peccati</em></strong></span> <span class='ocrx_word' id='word_1_423' title='bbox 3253 3179 3579 3264; x_wconf 72' lang='lat' dir='ltr'><strong><em>on&#39;qinalis</em></strong></span> 
     </span>
     <span class='ocr_line' id='line_1_33' title="bbox 646 3266 3432 3354; baseline -0 -21"><span class='ocrx_word' id='word_1_424' title='bbox 646 3280 734 3334; x_wconf 86' lang='lat' dir='ltr'><strong><em>est</em></strong></span> <span class='ocrx_word' id='word_1_425' title='bbox 752 3267 1109 3354; x_wconf 80' lang='lat' dir='ltr'><strong><em>depravatio</em></strong></span> <span class='ocrx_word' id='word_1_426' title='bbox 1135 3268 1321 3333; x_wconf 87' lang='lat' dir='ltr'><strong><em>totius</em></strong></span> <span class='ocrx_word' id='word_1_427' title='bbox 1345 3268 1667 3333; x_wconf 83' lang='lat' dir='ltr'><strong><em>humanae</em></strong></span> <span class='ocrx_word' id='word_1_428' title='bbox 1688 3279 1987 3332; x_wconf 83' lang='lat' dir='ltr'><strong><em>naturae.-</em></strong></span> <span class='ocrx_word' id='word_1_429' title='bbox 2012 3287 2233 3352; x_wconf 80' lang='lat' dir='ltr'><strong><em>nempe</em></strong></span> <span class='ocrx_word' id='word_1_430' title='bbox 2252 3268 2530 3332; x_wconf 85' lang='lat' dir='ltr'><strong><em>tenebrae</em></strong></span> <span class='ocrx_word' id='word_1_431' title='bbox 2552 3269 2624 3332; x_wconf 89' lang='lat' dir='ltr'><strong><em>in</em></strong></span> <span class='ocrx_word' id='word_1_432' title='bbox 2647 3279 2883 3333; x_wconf 85' lang='lat' dir='ltr'><strong><em>mente:</em></strong></span> <span class='ocrx_word' id='word_1_433' title='bbox 2910 3266 2973 3332; x_wconf 71' lang='grc' dir='ltr'><strong><em>ἃ·</em></strong></span> <span class='ocrx_word' id='word_1_434' title='bbox 2990 3267 3259 3347; x_wconf 73' lang='grc' dir='ltr'><strong><em>ἀταξίαν</em></strong></span> <span class='ocrx_word' id='word_1_435' title='bbox 3418 3269 3432 3280; x_wconf 88' lang='grc'><em>“</em></span> 
     </span>
    </p>

    <p class='ocr_par' dir='ltr' id='par_1_15' title="bbox 633 3355 3581 3886">
     <span class='ocr_line' id='line_1_34' title="bbox 647 3355 3581 3443; baseline -0.001 -21"><span class='ocrx_word' id='word_1_436' title='bbox 647 3359 716 3424; x_wconf 88' lang='lat' dir='ltr'><strong><em>in</em></strong></span> <span class='ocrx_word' id='word_1_437' title='bbox 767 3359 1081 3424; x_wconf 87' lang='lat' dir='ltr'><strong><em>voluntate</em></strong></span> <span class='ocrx_word' id='word_1_438' title='bbox 1133 3356 1430 3420; x_wconf 83' lang='lat' dir='ltr'><strong><em>hominis.</em></strong></span> <span class='ocrx_word' id='word_1_439' title='bbox 1489 3355 1665 3422; x_wconf 79' lang='lat' dir='ltr'><strong><em>Unde</em></strong></span> <span class='ocrx_word' id='word_1_440' title='bbox 1711 3367 1926 3422; x_wconf 87' lang='lat' dir='ltr'><strong><em>reatus</em></strong></span> <span class='ocrx_word' id='word_1_441' title='bbox 1972 3356 2254 3443; x_wconf 84' lang='lat' dir='ltr'><strong><em>sequitur</em></strong></span> <span class='ocrx_word' id='word_1_442' title='bbox 2297 3357 2367 3421; x_wconf 87' lang='lat' dir='ltr'><strong><em>in</em></strong></span> <span class='ocrx_word' id='word_1_443' title='bbox 2420 3357 2600 3422; x_wconf 82' lang='lat' dir='ltr'><strong><em>nobis</em></strong></span> <span class='ocrx_word' id='word_1_444' title='bbox 2639 3357 2795 3441; x_wconf 86' lang='lat' dir='ltr'><strong><em>ipsis</em></strong></span> <span class='ocrx_word' id='word_1_445' title='bbox 2841 3377 3055 3422; x_wconf 86' lang='lat' dir='ltr'><strong><em>coram</em></strong></span> <span class='ocrx_word' id='word_1_446' title='bbox 3099 3355 3269 3422; x_wconf 84' lang='lat' dir='ltr'><strong><em>Deo.-</em></strong></span> <span class='ocrx_word' id='word_1_447' title='bbox 3306 3355 3372 3422; x_wconf 71' lang='grc' dir='ltr'><strong><em>ἃ·</em></strong></span> <span class='ocrx_word' id='word_1_448' title='bbox 3388 3359 3581 3443; x_wconf 77' lang='lat' dir='ltr'><strong><em>fomes</em></strong></span> 
     </span>
     <span class='ocr_line' id='line_1_35' title="bbox 641 3443 3574 3531; baseline -0.001 -20"><span class='ocrx_word' id='word_1_449' title='bbox 641 3447 960 3530; x_wconf 84' lang='lat' dir='ltr'><strong><em>perennis,</em></strong></span> <span class='ocrx_word' id='word_1_450' title='bbox 1008 3445 1134 3510; x_wconf 87' lang='lat' dir='ltr'><strong><em>sive</em></strong></span> <span class='ocrx_word' id='word_1_451' title='bbox 1180 3446 1327 3528; x_wconf 80' lang='lat' dir='ltr'><strong><em>sons</em></strong></span> <span class='ocrx_word' id='word_1_452' title='bbox 1368 3444 1666 3528; x_wconf 85' lang='lat' dir='ltr'><strong><em>peccandi</em></strong></span> <span class='ocrx_word' id='word_1_453' title='bbox 1681 3468 1702 3508; x_wconf 84' lang='grc'><strong><em>.-</em></strong></span> <span class='ocrx_word' id='word_1_454' title='bbox 1753 3443 1816 3510; x_wconf 64' lang='lat' dir='ltr'><strong><em>st·</em></strong></span> <span class='ocrx_word' id='word_1_455' title='bbox 1856 3458 2105 3530; x_wconf 87' lang='lat' dir='ltr'><strong><em>peccata</em></strong></span> <span class='ocrx_word' id='word_1_456' title='bbox 2149 3446 2292 3530; x_wconf 84' lang='lat' dir='ltr'><strong><em>ipsa</em></strong></span> <span class='ocrx_word' id='word_1_457' title='bbox 2314 3447 2608 3524; x_wconf 83' lang='lat' dir='ltr'><strong><em>actualia,</em></strong></span> <span class='ocrx_word' id='word_1_458' title='bbox 2635 3467 2795 3531; x_wconf 88' lang='lat' dir='ltr'><strong><em>quae</em></strong></span> <span class='ocrx_word' id='word_1_459' title='bbox 2817 3446 2943 3510; x_wconf 85' lang='lat' dir='ltr'><strong><em>tria</em></strong></span> <span class='ocrx_word' id='word_1_460' title='bbox 2966 3457 3114 3511; x_wconf 84' lang='lat' dir='ltr'><strong><em>sunt</em></strong></span> <span class='ocrx_word' id='word_1_461' title='bbox 3146 3446 3331 3511; x_wconf 82' lang='lat' dir='ltr'><strong><em>istius</em></strong></span> <span class='ocrx_word' id='word_1_462' title='bbox 3353 3445 3574 3530; x_wconf 81' lang='lat' dir='ltr'><strong><em>peccati</em></strong></span> 
     </span>
     <span class='ocr_line' id='line_1_36' title="bbox 633 3531 3581 3622; baseline -0.001 -22"><span class='ocrx_word' id='word_1_463' title='bbox 633 3535 992 3619; x_wconf 65' lang='lat' dir='ltr'><strong><em>justissima</em></strong></span> <span class='ocrx_word' id='word_1_464' title='bbox 1015 3537 1247 3620; x_wconf 81' lang='lat' dir='ltr'><strong><em>effecta,</em></strong></span> <span class='ocrx_word' id='word_1_465' title='bbox 1272 3531 1436 3598; x_wconf 88' lang='lat' dir='ltr'><strong><em>Ibid.</em></strong></span> <span class='ocrx_word' id='word_1_466' title='bbox 1473 3533 1664 3616; x_wconf 86' lang='lat' dir='ltr'><strong><em>paulo</em></strong></span> <span class='ocrx_word' id='word_1_467' title='bbox 1687 3537 1867 3617; x_wconf 76' lang='lat' dir='ltr'><strong><em>post:</em></strong></span> <span class='ocrx_word' id='word_1_468' title='bbox 1897 3534 2181 3619; x_wconf 86' lang='lat' dir='ltr'><strong><em>Denique</em></strong></span> <span class='ocrx_word' id='word_1_469' title='bbox 2198 3535 2429 3618; x_wconf 86' lang='lat' dir='ltr'><strong><em>peceati</em></strong></span> <span class='ocrx_word' id='word_1_470' title='bbox 2451 3535 2782 3620; x_wconf 73' lang='lat' dir='ltr'><strong><em>oriqinalis</em></strong></span> <span class='ocrx_word' id='word_1_471' title='bbox 2804 3535 3076 3622; x_wconf 80' lang='lat' dir='ltr'><strong><em>efficiens</em></strong></span> <span class='ocrx_word' id='word_1_472' title='bbox 3098 3555 3291 3600; x_wconf 85' lang='lat' dir='ltr'><strong><em>causa</em></strong></span> <span class='ocrx_word' id='word_1_473' title='bbox 3314 3556 3388 3598; x_wconf 64' lang='lat' dir='ltr'><strong><em>ea</em></strong></span> <span class='ocrx_word' id='word_1_474' title='bbox 3408 3543 3581 3618; x_wconf 81' lang='lat' dir='ltr'><strong><em>parte</em></strong></span> 
     </span>
     <span class='ocr_line' id='line_1_37' title="bbox 646 3621 3578 3710; baseline 0 -23"><span class='ocrx_word' id='word_1_475' title='bbox 646 3621 767 3687; x_wconf 88' lang='lat' dir='ltr'><strong><em>Dei</em></strong></span> <span class='ocrx_word' id='word_1_476' title='bbox 795 3634 881 3687; x_wconf 90' lang='lat' dir='ltr'><strong><em>est</em></strong></span> <span class='ocrx_word' id='word_1_477' title='bbox 891 3623 1072 3706; x_wconf 82' lang='lat' dir='ltr'><strong><em>justa</em></strong></span> <span class='ocrx_word' id='word_1_478' title='bbox 1095 3622 1298 3706; x_wconf 83' lang='lat' dir='ltr'><strong><em>ipsius</em></strong></span> <span class='ocrx_word' id='word_1_479' title='bbox 1321 3621 1657 3700; x_wconf 61' lang='lat' dir='ltr'><strong><em>ordinatim</em></strong></span> <span class='ocrx_word' id='word_1_480' title='bbox 1683 3643 1815 3687; x_wconf 89' lang='lat' dir='ltr'><strong><em>non</em></strong></span> <span class='ocrx_word' id='word_1_481' title='bbox 1839 3623 1980 3707; x_wconf 88' lang='lat' dir='ltr'><strong><em>ipsa</em></strong></span> <span class='ocrx_word' id='word_1_482' title='bbox 2002 3624 2319 3688; x_wconf 88' lang='lat' dir='ltr'><strong><em>naturalis</em></strong></span> <span class='ocrx_word' id='word_1_483' title='bbox 2344 3624 2439 3688; x_wconf 81' lang='lat' dir='ltr'><strong><em>vis</em></strong></span> <span class='ocrx_word' id='word_1_484' title='bbox 2459 3624 2779 3709; x_wconf 79' lang='lat' dir='ltr'><strong><em>qiqnendi,</em></strong></span> <span class='ocrx_word' id='word_1_485' title='bbox 2804 3643 2966 3710; x_wconf 84' lang='lat' dir='ltr'><strong><em>quae</em></strong></span> <span class='ocrx_word' id='word_1_486' title='bbox 2986 3633 3071 3688; x_wconf 85' lang='grc' dir='ltr'><strong><em>εει</em></strong></span> <span class='ocrx_word' id='word_1_487' title='bbox 3094 3623 3165 3687; x_wconf 88' lang='lat' dir='ltr'><strong><em>in</em></strong></span> <span class='ocrx_word' id='word_1_488' title='bbox 3188 3622 3370 3688; x_wconf 81' lang='lat' dir='ltr'><strong><em>nobis</em></strong></span> <span class='ocrx_word' id='word_1_489' title='bbox 3390 3625 3428 3685; x_wconf 80' lang='lat' dir='ltr'><strong><em>a</em></strong></span> <span class='ocrx_word' id='word_1_490' title='bbox 3458 3622 3578 3687; x_wconf 83' lang='lat' dir='ltr'><strong><em>Deo</em></strong></span> 
     </span>
     <span class='ocr_line' id='line_1_38' title="bbox 652 3708 3580 3798; baseline -0.001 -23"><span class='ocrx_word' id='word_1_491' title='bbox 652 3708 717 3775; x_wconf 73' lang='grc' dir='ltr'><strong><em>ἃ·</em></strong></span> <span class='ocrx_word' id='word_1_492' title='bbox 739 3711 912 3776; x_wconf 82' lang='lat' dir='ltr'><strong><em>illius</em></strong></span> <span class='ocrx_word' id='word_1_493' title='bbox 932 3710 1053 3776; x_wconf 91' lang='lat' dir='ltr'><strong><em>Dei</em></strong></span> <span class='ocrx_word' id='word_1_494' title='bbox 1067 3709 1519 3784; x_wconf 83' lang='lat' dir='ltr'><strong><em>benedictionis,</em></strong></span> <span class='ocrx_word' id='word_1_495' title='bbox 1534 3709 1809 3776; x_wconf 56' lang='lat' dir='ltr'><strong><em>Crescite</em></strong></span> <span class='ocrx_word' id='word_1_496' title='bbox 1827 3713 1927 3777; x_wconf 71' lang='lat' dir='ltr'><strong><em>sm.</em></strong></span> <span class='ocrx_word' id='word_1_497' title='bbox 1947 3715 2251 3798; x_wconf 82' lang='lat' dir='ltr'><strong><em>effectum.</em></strong></span> <span class='ocrx_word' id='word_1_498' title='bbox 2277 3711 2378 3777; x_wconf 88' lang='lat' dir='ltr'><strong><em>Sic</em></strong></span> <span class='ocrx_word' id='word_1_499' title='bbox 2390 3733 2637 3798; x_wconf 83' lang='lat' dir='ltr'><strong><em>quoque</em></strong></span> <span class='ocrx_word' id='word_1_500' title='bbox 2652 3713 2916 3798; x_wconf 80' lang='lat' dir='ltr'><strong><em>Auqust.</em></strong></span> <span class='ocrx_word' id='word_1_501' title='bbox 2946 3712 3171 3778; x_wconf 81' lang='lat' dir='ltr'><strong><em>Modus</em></strong></span> <span class='ocrx_word' id='word_1_502' title='bbox 3181 3710 3580 3797; x_wconf 76' lang='lat' dir='ltr'><strong><em>propaqandi</em></strong></span> 
     </span>
     <span class='ocr_line' id='line_1_39' title="bbox 646 3798 3578 3886; baseline 0.001 -25"><span class='ocrx_word' id='word_1_503' title='bbox 646 3798 808 3864; x_wconf 82' lang='lat' dir='ltr'><strong><em>illud</em></strong></span> <span class='ocrx_word' id='word_1_504' title='bbox 833 3799 919 3863; x_wconf 90' lang='lat' dir='ltr'><strong><em>ad</em></strong></span> <span class='ocrx_word' id='word_1_505' title='bbox 941 3809 1239 3883; x_wconf 85' lang='lat' dir='ltr'><strong><em>posteros,</em></strong></span> <span class='ocrx_word' id='word_1_506' title='bbox 1265 3809 1352 3864; x_wconf 93' lang='grc' dir='ltr'><strong><em>εει</em></strong></span> <span class='ocrx_word' id='word_1_507' title='bbox 1373 3800 1683 3885; x_wconf 76' lang='lat' dir='ltr'><strong><em>qeneratio</em></strong></span> <span class='ocrx_word' id='word_1_508' title='bbox 1709 3800 1962 3886; x_wconf 84' lang='lat' dir='ltr'><strong><em>quidem</em></strong></span> <span class='ocrx_word' id='word_1_509' title='bbox 1985 3799 2426 3885; x_wconf 59' lang='lat' dir='ltr'><strong><em>&amp;procreatim</em></strong></span> <span class='ocrx_word' id='word_1_510' title='bbox 2452 3821 2566 3885; x_wconf 88' lang='lat' dir='ltr'><strong><em>per</em></strong></span> <span class='ocrx_word' id='word_1_511' title='bbox 2589 3821 2785 3886; x_wconf 87' lang='lat' dir='ltr'><strong><em>quam</em></strong></span> <span class='ocrx_word' id='word_1_512' title='bbox 2816 3801 3097 3867; x_wconf 82' lang='lat' dir='ltr'><strong><em>homines</em></strong></span> <span class='ocrx_word' id='word_1_513' title='bbox 3124 3822 3201 3865; x_wconf 76' lang='lat' dir='ltr'><strong><em>ex</em></strong></span> <span class='ocrx_word' id='word_1_514' title='bbox 3224 3799 3578 3865; x_wconf 79' lang='lat' dir='ltr'><strong><em>hominibus</em></strong></span> 
     </span>
    </p>
   </div>
   <div class='ocr_carea' id='block_1_15' title="bbox 645 3888 3670 3979">
    <p class='ocr_par' dir='ltr' id='par_1_16' title="bbox 645 3888 3670 3979">
     <span class='ocr_line' id='line_1_40' title="bbox 645 3888 3670 3979; baseline 0 -27"><span class='ocrx_word' id='word_1_515' title='bbox 645 3897 945 3953; x_wconf 87' lang='lat' dir='ltr'><strong><em>nascatur</em></strong></span> <span class='ocrx_word' id='word_1_516' title='bbox 965 3888 1090 3972; x_wconf 82' lang='lat' dir='ltr'><strong><em>leqe</em></strong></span> <span class='ocrx_word' id='word_1_517' title='bbox 1111 3897 1400 3967; x_wconf 88' lang='lat' dir='ltr'><strong><em>naturae,</em></strong></span> <span class='ocrx_word' id='word_1_518' title='bbox 1430 3889 1538 3953; x_wconf 88' lang='lat' dir='ltr'><strong><em>sed</em></strong></span> <span class='ocrx_word' id='word_1_519' title='bbox 1561 3889 1773 3954; x_wconf 84' lang='lat' dir='ltr'><strong><em>eadem</em></strong></span> <span class='ocrx_word' id='word_1_520' title='bbox 1790 3890 2104 3974; x_wconf 77' lang='lat' dir='ltr'><strong><em>qeneratio</em></strong></span> <span class='ocrx_word' id='word_1_521' title='bbox 2121 3909 2253 3955; x_wconf 87' lang='lat' dir='ltr'><strong><em>non</em></strong></span> <span class='ocrx_word' id='word_1_522' title='bbox 2270 3900 2357 3955; x_wconf 87' lang='lat' dir='ltr'><strong><em>est</em></strong></span> <span class='ocrx_word' id='word_1_523' title='bbox 2372 3890 2844 3975; x_wconf 79' lang='lat' dir='ltr'><strong><em>propaqationis</em></strong></span> <span class='ocrx_word' id='word_1_524' title='bbox 2857 3891 3041 3956; x_wconf 86' lang='lat' dir='ltr'><strong><em>istius</em></strong></span> <span class='ocrx_word' id='word_1_525' title='bbox 3053 3909 3265 3955; x_wconf 77' lang='lat' dir='ltr'><strong><em>musa.</em></strong></span> <span class='ocrx_word' id='word_1_526' title='bbox 3284 3890 3575 3954; x_wconf 77' lang='lat' dir='ltr'><strong><em>Calvinus</em></strong></span> <span class='ocrx_word' id='word_1_527' title='bbox 3666 3961 3670 3979; x_wconf 37' lang='lat' dir='ltr'>i</span> 
     </span>
    </p>
   </div>
   <div class='ocr_carea' id='block_1_16' title="bbox 645 3975 3575 4507">
    <p class='ocr_par' dir='ltr' id='par_1_17' title="bbox 645 3975 3575 4507">
     <span class='ocr_line' id='line_1_41' title="bbox 645 3975 3575 4066; baseline 0 -27"><span class='ocrx_word' id='word_1_528' title='bbox 645 3975 716 4040; x_wconf 85' lang='lat' dir='ltr'><strong><em>in</em></strong></span> <span class='ocrx_word' id='word_1_529' title='bbox 739 3987 1140 4042; x_wconf 84' lang='lat' dir='ltr'><strong><em>commentar.</em></strong></span> <span class='ocrx_word' id='word_1_530' title='bbox 1165 3977 1236 4040; x_wconf 86' lang='lat' dir='ltr'><strong><em>in</em></strong></span> <span class='ocrx_word' id='word_1_531' title='bbox 1264 3977 1480 4042; x_wconf 88' lang='lat' dir='ltr'><strong><em>Genes.</em></strong></span> <span class='ocrx_word' id='word_1_532' title='bbox 1505 3996 1639 4061; x_wconf 86' lang='lat' dir='ltr'><strong><em>cap.</em></strong></span> <span class='ocrx_word' id='word_1_533' title='bbox 1669 3979 1725 4041; x_wconf 89' lang='lat'><strong><em>3.</em></strong></span> <span class='ocrx_word' id='word_1_534' title='bbox 1753 3999 1912 4043; x_wconf 87' lang='lat' dir='ltr'><strong><em>vers.</em></strong></span> <span class='ocrx_word' id='word_1_535' title='bbox 1944 3978 2006 4042; x_wconf 88' lang='lat'><strong><em>6.</em></strong></span> <span class='ocrx_word' id='word_1_536' title='bbox 2042 3982 2287 4043; x_wconf 61' lang='lat' dir='ltr'><strong><em>exsertae</em></strong></span> <span class='ocrx_word' id='word_1_537' title='bbox 2318 3982 2515 4063; x_wconf 72' lang='lat' dir='ltr'><strong><em>negat</em></strong></span> <span class='ocrx_word' id='word_1_538' title='bbox 2544 3981 2873 4066; x_wconf 70' lang='lat' dir='ltr'><strong><em>peccatum</em></strong></span> <span class='ocrx_word' id='word_1_539' title='bbox 2897 3977 3016 4043; x_wconf 85' lang='lat' dir='ltr'><strong><em>hoc</em></strong></span> <span class='ocrx_word' id='word_1_540' title='bbox 3040 3977 3418 4042; x_wconf 76' lang='lat' dir='ltr'><strong><em>naturaliter</em></strong></span> <span class='ocrx_word' id='word_1_541' title='bbox 3430 3997 3575 4060; x_wconf 82' lang='lat' dir='ltr'><strong><em>pro—</em></strong></span> 
     </span>
     <span class='ocr_line' id='line_1_42' title="bbox 647 4063 3573 4153; baseline 0 -26"><span class='ocrx_word' id='word_1_542' title='bbox 647 4065 893 4149; x_wconf 79' lang='lat' dir='ltr'><strong><em>pagari.</em></strong></span> <span class='ocrx_word' id='word_1_543' title='bbox 941 4063 1122 4140; x_wconf 85' lang='lat' dir='ltr'><strong><em>Quod</em></strong></span> <span class='ocrx_word' id='word_1_544' title='bbox 1161 4087 1291 4129; x_wconf 89' lang='lat' dir='ltr'><strong><em>non</em></strong></span> <span class='ocrx_word' id='word_1_545' title='bbox 1331 4065 1407 4129; x_wconf 86' lang='lat' dir='ltr'><strong><em>de</em></strong></span> <span class='ocrx_word' id='word_1_546' title='bbox 1432 4065 1615 4130; x_wconf 86' lang='lat' dir='ltr'><strong><em>modo</em></strong></span> <span class='ocrx_word' id='word_1_547' title='bbox 1639 4066 1919 4130; x_wconf 58' lang='lat' dir='ltr'><strong><em>naturali</em></strong></span> <span class='ocrx_word' id='word_1_548' title='bbox 1944 4066 2053 4130; x_wconf 84' lang='lat' dir='ltr'><strong><em>sed</em></strong></span> <span class='ocrx_word' id='word_1_549' title='bbox 2078 4066 2154 4130; x_wconf 85' lang='lat' dir='ltr'><strong><em>de</em></strong></span> <span class='ocrx_word' id='word_1_550' title='bbox 2179 4089 2371 4131; x_wconf 85' lang='lat' dir='ltr'><strong><em>causa</em></strong></span> <span class='ocrx_word' id='word_1_551' title='bbox 2392 4067 2673 4131; x_wconf 74' lang='lat' dir='ltr'><strong><em>naturali</em></strong></span> <span class='ocrx_word' id='word_1_552' title='bbox 2698 4067 3151 4153; x_wconf 81' lang='lat' dir='ltr'><strong><em>accipiendum,</em></strong></span> <span class='ocrx_word' id='word_1_553' title='bbox 3178 4065 3485 4150; x_wconf 86' lang='lat' dir='ltr'><strong><em>quomodo</em></strong></span> <span class='ocrx_word' id='word_1_554' title='bbox 3506 4087 3573 4128; x_wconf 89' lang='lat' dir='ltr'><strong><em>se</em></strong></span> 
     </span>
     <span class='ocr_line' id='line_1_43' title="bbox 647 4151 3571 4242; baseline 0.001 -27"><span class='ocrx_word' id='word_1_555' title='bbox 647 4153 924 4235; x_wconf 73' lang='lat' dir='ltr'><strong><em>explicat:</em></strong></span> <span class='ocrx_word' id='word_1_556' title='bbox 945 4153 1058 4217; x_wconf 87' lang='lat' dir='ltr'><strong><em>lib.</em></strong></span> <span class='ocrx_word' id='word_1_557' title='bbox 1084 4153 1145 4216; x_wconf 87' lang='lat'><strong><em>2.</em></strong></span> <span class='ocrx_word' id='word_1_558' title='bbox 1171 4151 1458 4218; x_wconf 67' lang='lat' dir='ltr'><strong><em>Insbibut.</em></strong></span> <span class='ocrx_word' id='word_1_559' title='bbox 1485 4175 1619 4237; x_wconf 84' lang='lat' dir='ltr'><strong><em>cap.</em></strong></span> <span class='ocrx_word' id='word_1_560' title='bbox 1653 4155 1683 4216; x_wconf 95' lang='lat'>1</span> <span class='ocrx_word' id='word_1_561' title='bbox 1714 4158 1865 4218; x_wconf 75' lang='lat' dir='ltr'><strong><em>sect.</em></strong></span> <span class='ocrx_word' id='word_1_562' title='bbox 1896 4154 1955 4218; x_wconf 83' lang='lat'><strong><em>7.</em></strong></span> <span class='ocrx_word' id='word_1_563' title='bbox 1984 4154 2158 4222; x_wconf 80' lang='lat' dir='ltr'><strong><em>Nihil</em></strong></span> <span class='ocrx_word' id='word_1_564' title='bbox 2180 4176 2324 4240; x_wconf 79' lang='lat' dir='ltr'><strong><em>erqo</em></strong></span> <span class='ocrx_word' id='word_1_565' title='bbox 2346 4155 2629 4236; x_wconf 85' lang='lat' dir='ltr'><strong><em>absurdi,</em></strong></span> <span class='ocrx_word' id='word_1_566' title='bbox 2657 4157 2715 4222; x_wconf 87' lang='lat' dir='ltr'><strong><em>si</em></strong></span> <span class='ocrx_word' id='word_1_567' title='bbox 2736 4158 2999 4242; x_wconf 86' lang='lat' dir='ltr'><strong><em>spoliato</em></strong></span> <span class='ocrx_word' id='word_1_568' title='bbox 3022 4177 3111 4235; x_wconf 87' lang='lat' dir='ltr'><strong><em>eo,</em></strong></span> <span class='ocrx_word' id='word_1_569' title='bbox 3137 4167 3373 4222; x_wconf 83' lang='lat' dir='ltr'><strong><em>natura</em></strong></span> <span class='ocrx_word' id='word_1_570' title='bbox 3396 4154 3571 4218; x_wconf 81' lang='lat' dir='ltr'><strong><em>nuda</em></strong></span> 
     </span>
     <span class='ocr_line' id='line_1_44' title="bbox 645 4240 3574 4330; baseline 0 -26"><span class='ocrx_word' id='word_1_571' title='bbox 645 4241 953 4325; x_wconf 86' lang='lat' dir='ltr'><strong><em>inopsque</em></strong></span> <span class='ocrx_word' id='word_1_572' title='bbox 998 4241 1388 4306; x_wconf 81' lang='lat' dir='ltr'><strong><em>destituitur.-</em></strong></span> <span class='ocrx_word' id='word_1_573' title='bbox 1434 4243 1491 4306; x_wconf 88' lang='lat' dir='ltr'><strong><em>si</em></strong></span> <span class='ocrx_word' id='word_1_574' title='bbox 1511 4244 1618 4307; x_wconf 80' lang='lat' dir='ltr'><strong><em>illo</em></strong></span> <span class='ocrx_word' id='word_1_575' title='bbox 1637 4264 1753 4327; x_wconf 86' lang='lat' dir='ltr'><strong><em>per</em></strong></span> <span class='ocrx_word' id='word_1_576' title='bbox 1777 4255 2097 4327; x_wconf 84' lang='lat' dir='ltr'><strong><em>peccatum</em></strong></span> <span class='ocrx_word' id='word_1_577' title='bbox 2124 4244 2479 4330; x_wconf 85' lang='lat' dir='ltr'><strong><em>inquinato,</em></strong></span> <span class='ocrx_word' id='word_1_578' title='bbox 2514 4247 2582 4310; x_wconf 86' lang='lat' dir='ltr'><strong><em>in</em></strong></span> <span class='ocrx_word' id='word_1_579' title='bbox 2607 4259 2911 4312; x_wconf 84' lang='lat' dir='ltr'><strong><em>naturam</em></strong></span> <span class='ocrx_word' id='word_1_580' title='bbox 2936 4245 3217 4330; x_wconf 77' lang='lat' dir='ltr'><strong><em>contaqio</em></strong></span> <span class='ocrx_word' id='word_1_581' title='bbox 3241 4244 3442 4328; x_wconf 83' lang='lat' dir='ltr'><strong><em>serpit.</em></strong></span> <span class='ocrx_word' id='word_1_582' title='bbox 3486 4240 3574 4305; x_wconf 76' lang='lat' dir='ltr'><strong><em>Et</em></strong></span> 
     </span>
     <span class='ocr_line' id='line_1_45' title="bbox 647 4328 3575 4418; baseline 0.002 -28"><span class='ocrx_word' id='word_1_583' title='bbox 647 4328 839 4410; x_wconf 82' lang='lat' dir='ltr'><strong><em>paulo</em></strong></span> <span class='ocrx_word' id='word_1_584' title='bbox 885 4331 1048 4410; x_wconf 77' lang='lat' dir='ltr'><strong><em>post.</em></strong></span> <span class='ocrx_word' id='word_1_585' title='bbox 1098 4329 1308 4414; x_wconf 83' lang='lat' dir='ltr'><strong><em>Neque</em></strong></span> <span class='ocrx_word' id='word_1_586' title='bbox 1345 4331 1610 4394; x_wconf 88' lang='lat' dir='ltr'><strong><em>enimin</em></strong></span> <span class='ocrx_word' id='word_1_587' title='bbox 1641 4330 1989 4397; x_wconf 87' lang='lat' dir='ltr'><strong><em>substantia</em></strong></span> <span class='ocrx_word' id='word_1_588' title='bbox 2018 4332 2229 4397; x_wconf 85' lang='lat' dir='ltr'><strong><em>carnis</em></strong></span> <span class='ocrx_word' id='word_1_589' title='bbox 2252 4345 2363 4399; x_wconf 85' lang='lat' dir='ltr'><strong><em>aut</em></strong></span> <span class='ocrx_word' id='word_1_590' title='bbox 2383 4335 2638 4400; x_wconf 89' lang='lat' dir='ltr'><strong><em>animae</em></strong></span> <span class='ocrx_word' id='word_1_591' title='bbox 2658 4355 2915 4401; x_wconf 86' lang='lat' dir='ltr'><strong><em>causam</em></strong></span> <span class='ocrx_word' id='word_1_592' title='bbox 2939 4334 3119 4400; x_wconf 75' lang='lat' dir='ltr'><strong><em>habet</em></strong></span> <span class='ocrx_word' id='word_1_593' title='bbox 3141 4334 3446 4418; x_wconf 74' lang='lat' dir='ltr'><strong><em>contaqio:</em></strong></span> <span class='ocrx_word' id='word_1_594' title='bbox 3468 4330 3575 4396; x_wconf 81' lang='lat' dir='ltr'><strong><em>sed</em></strong></span> 
     </span>
     <span class='ocr_line' id='line_1_46' title="bbox 647 4413 3573 4507; baseline 0.001 -27"><span class='ocrx_word' id='word_1_595' title='bbox 647 4417 800 4502; x_wconf 90' lang='lat' dir='ltr'><strong><em>quia</em></strong></span> <span class='ocrx_word' id='word_1_596' title='bbox 843 4416 884 4477; x_wconf 83' lang='grc' dir='ltr'><strong>ἀ</strong></span> <span class='ocrx_word' id='word_1_597' title='bbox 932 4415 1060 4480; x_wconf 89' lang='lat' dir='ltr'><strong><em>Deo</em></strong></span> <span class='ocrx_word' id='word_1_598' title='bbox 1107 4413 1194 4479; x_wconf 86' lang='lat' dir='ltr'><strong><em>ita</em></strong></span> <span class='ocrx_word' id='word_1_599' title='bbox 1231 4419 1356 4498; x_wconf 81' lang='lat' dir='ltr'><strong><em>luit</em></strong></span> <span class='ocrx_word' id='word_1_600' title='bbox 1385 4418 1774 4500; x_wconf 85' lang='lat' dir='ltr'><strong><em>ordinatum,</em></strong></span> <span class='ocrx_word' id='word_1_601' title='bbox 1805 4431 1876 4484; x_wconf 91' lang='lat' dir='ltr'><strong><em>ut</em></strong></span> <span class='ocrx_word' id='word_1_602' title='bbox 1898 4441 2063 4507; x_wconf 86' lang='lat' dir='ltr'><strong><em>quae</em></strong></span> <span class='ocrx_word' id='word_1_603' title='bbox 2079 4422 2293 4506; x_wconf 87' lang='lat' dir='ltr'><strong><em>primo</em></strong></span> <span class='ocrx_word' id='word_1_604' title='bbox 2319 4423 2565 4488; x_wconf 84' lang='lat' dir='ltr'><strong><em>homini</em></strong></span> <span class='ocrx_word' id='word_1_605' title='bbox 2584 4423 2753 4488; x_wconf 83' lang='lat' dir='ltr'><strong><em>dona</em></strong></span> <span class='ocrx_word' id='word_1_606' title='bbox 2784 4425 3145 4501; x_wconf 81' lang='lat' dir='ltr'><strong><em>contulerat,</em></strong></span> <span class='ocrx_word' id='word_1_607' title='bbox 3171 4423 3276 4489; x_wconf 75' lang='lat' dir='ltr'><strong><em>itte</em></strong></span> <span class='ocrx_word' id='word_1_608' title='bbox 3304 4433 3429 4488; x_wconf 84' lang='lat' dir='ltr'><strong><em>tam</em></strong></span> <span class='ocrx_word' id='word_1_609' title='bbox 3458 4417 3573 4484; x_wconf 88' lang='lat' dir='ltr'><strong><em>sibi</em></strong></span> 
     </span>
    </p>
   </div>
   <div class='ocr_carea' id='block_1_17' title="bbox 3382 4528 3567 4595">
    <p class='ocr_par' dir='ltr' id='par_1_18' title="bbox 3382 4528 3567 4595">
     <span class='ocr_line' id='line_1_47' title="bbox 3382 4528 3567 4595; baseline 0 -25"><span class='ocrx_word' id='word_1_610' title='bbox 3382 4528 3567 4595; x_wconf 67' lang='lat' dir='ltr'><strong><em>quam</em></strong></span> 
     </span>
    </p>
   </div>
  </div>
 </body>
</html>
