3694 4871
838 330 2209 404 D1sr.X.DsREesssaA'r101vn.
2865 344 2992 409 275

71 525 362 592 Ezechiel.
386 525 502 610 16.
531 524 634 588 ubi
664 524 880 610 agitur
904 525 979 588 de
1011 524 1222 610 gratia
1246 525 1291 590 8z
1315 524 1520 589 salute
1545 525 1901 590 infantum:
1930 526 1975 591 8⁵
1999 525 2422 610 Spanhemius
2443 539 2611 611 part.
2642 529 2701 592 3.
2736 529 2988 595 dubior.

68 636 285 699 euanq.
332 636 395 700 p.
455 615 596 678 101.
647 611 734 678 Et
771 615 1224 699 Amayonistae
1254 614 1837 699 Anabaptistarum,
1864 615 1975 678 ubi
2000 617 2203 699 agunt
2226 615 2301 679 de
2319 615 2845 700 paedobapcismo.
2873 617 2990 684 ΠΙ.

73 705 382 788 objectum
437 701 630 788 (quod
677 703 787 766 alii
813 706 1058 782 vocant,
1093 703 1448 784 subjectum
1472 724 1806 786 occupanS,
1831 707 1945 768 aut
1970 704 2303 768 materiam
2330 705 2493 768 circa
2520 707 2738 790 quarn)
2772 711 2867 770 est
2892 708 2991 772 vel

68 792 524 869 immediatum,
579 813 689 854 seu
737 791 1034 874 primum,
1084 791 1184 854 vel
1231 790 1578 855 mediatum
1603 815 1713 856 seu
1740 793 2086 857 secundum
2110 797 2222 856 aut
2245 815 2651 876 consequens.
2701 796 2870 862 Illud
2893 803 2992 862 est

69 883 384 966 objectum
435 879 828 943 distributim
875 879 1360 960 consideratum,
1416 881 1656 964 singuli
1695 881 1828 946 scil.
1858 881 2041 945 electi
2067 881 2491 946 convertendi.
2541 883 2721 948 Istud
2746 889 2841 949 est
2865 885 2991 950 ob-

64 971 295 1054 jectum
327 966 644 1034 collectim
668 969 1156 1047 consideratum,
1183 969 1446 1033 ecclesia
1469 969 1602 1034 scil.
1631 970 1979 1034 electorum
2010 970 2217 1054 Ephes
2244 971 2305 1035 5.
2353 969 2647 1035 Breviter
2675 973 2994 1056 objectum

73 1059 170 1123 hic
223 1081 370 1122 cum
425 1057 706 1139 subjecto
731 1057 1060 1123 coincidit:
1095 1057 1262 1142 quod
1286 1057 1455 1121 enim
1481 1057 1545 1121 in
1570 1058 1788 1122 ordine
1815 1060 1894 1121 ad
1918 1059 2399 1143 generationem
2422 1060 2743 1142 passivam
2766 1061 2996 1126 dicitur

69 1147 452 1230 subjectum3
501 1145 668 1209 idem
707 1145 772 1208 in
799 1146 1018 1210 ordine
1043 1147 1121 1209 ad
1155 1146 1426 1210 activam
1451 1146 1680 1210 dicitur
1705 1147 2043 1230 objectum.
2076 1146 2192 1211 IV.
2230 1149 2562 1214 Terminus
2584 1150 2625 1212 ὰ
2656 1171 2779 1234 quo
2804 1149 2995 1234 hujus

70 1236 436 1300 mutationis
487 1241 584 1298 est
607 1239 934 1317 peccatum
960 1257 1072 1298 seu
1096 1234 1416 1318 corruptio
1437 1259 1452 1310 3
1478 1258 1588 1300 seu
1616 1234 1806 1300 homo
1839 1241 2129 1301 mortuus
2154 1237 2221 1300 in
2244 1237 2518 1320 peccatis
2538 1237 2729 1320 idque
2756 1261 2871 1322 per
2894 1240 2997 1303 in—

69 1324 436 1388 haerentem
481 1323 858 1408 originalem
914 1324 1402 1406 corruptionem,
1450 1324 1676 1389 loha-n.
1727 1327 1786 1388 3.
1839 1325 1900 1388 5.
1950 1325 2177 1408 Ephe-3.
2208 1327 2267 1387 2.
2302 1327 2356 1390 1.
2392 1347 2553 1409 quae
2578 1347 2692 1409 per
2716 1328 2995 1391 actualia

71 1417 320 1497 peccata
347 1435 416 1476 se
443 1411 676 1476 exserit
701 1410 748 1475 &
771 1416 1063 1496 augetur.
1092 1413 1423 1495 Rejicimus
1445 1433 1686 1478 errores
1718 1415 1770 1476 l.
1799 1435 2039 1487 eorum,
2070 1415 2181 1500 qui
2200 1426 2429 1498 neqane
2455 1426 2775 1499 peccatum
2800 1417 2994 1501 0νίῃὶ-

71 1504 224 1580 nale,
271 1501 334 1567 ἃ·
380 1511 643 1566 mortem
676 1501 923 1584 peccati.
954 1502 1324 1578 &Aliorum
1351 1502 1463 1588 qui
1484 1505 1700 1567 volu-nt
1722 1523 1850 1567 esse
1872 1504 1943 1568 in
1972 1503 2224 1568 homine
2246 1523 2453 1568 semen
2486 1502 2547 1568 ἃ·
2570 1501 2813 1578 δύναμιν
2834 1507 2997 1571 vitae

71 1591 448 1674 spiritualis:
495 1611 655 1676 quae
679 1601 928 1654 tantum
950 1591 1257 1664 suscitari,
1272 1593 1520 1674 juvare,
1546 1589 1608 1656 ἃ·
1629 1592 1698 1656 in
1722 1603 1931 1656 actam
1955 1592 2178 1657 deduci
2200 1591 2421 1657 debeat.
2442 1591 2493 1656 V
2509 1640 2524 1656 .
2550 1590 2887 1658 Terminus
2910 1595 2996 1660 ad

73 1701 245 1764 quem
292 1679 798 1764 regenerationis
843 1679 1086 1742 activae
1135 1684 1232 1743 est
1277 1679 1377 1742 vel
1404 1679 1749 1762 proximus,
1777 1681 1878 1744 vel
1904 1680 2257 1762 ultimatuS,
2283 1681 2385 1744 vel
2409 1681 2864 1762 consecutivuS,
2896 1682 2993 1748 vel

75 1789 176 1850 per
207 1769 486 1832 alterum
515 1769 570 1832 1.
613 1767 941 1834 Terminus
969 1767 1315 1833 Proximus
1347 1790 1458 1832 seu
1479 1769 1770 1852 formalis
1802 1775 1953 1833 sunt
1976 1769 2492 1853 supernaturales
2517 1770 2860 1853 qualitates
2883 1793 2996 1836 seu

80 1857 538 1940 dispositioneS,
586 1877 744 1939 quas
790 1855 967 1920 Deus
1007 1856 1070 1919 in
1109 1857 1291 1920 nobis
1319 1857 1626 1940 producit,
1655 1879 1813 1941 quas
1839 1859 2156 1942 scriptura
2178 1863 2363 1923 vocat
2386 1880 2613 1922 novam
2639 1863 2995 1923 creaturam

79 1947 266 2011 Galat.
317 1947 378 2010 6.
440 1947 538 2008 15.
586 1966 818 2008 novum
864 1945 1188 2008 hominem
1235 1946 1461 2030 Ephes.
1506 1947 1546 2006 4
1595 1947 1699 2010 24.
1729 1945 1849 2010 Dei
1874 1947 2220 2032 imaginem
2250 1949 2473 2013 Coloss.
2504 1948 2689 2012 3.10.
2716 1948 2995 2014 divinam

73 2038 356 2097 naturam
407 2034 469 2096 2.
521 2032 690 2099 Pelr.
746 2035 800 2096 1.
851 2033 910 2098 4.
961 2033 1258 2117 spiritum
1309 2035 1513 2100 Galat.
1542 2037 1599 2098 5.
1631 2035 1734 2099 17.
1759 2033 2136 2100 Interiorem
2158 2036 2481 2100 hominem
2510 2038 2769 2105 Roman.
2799 2037 2858 2101 7.
2886 2038 2993 2103 22.

75 2123 268 2207 legem
291 2123 528 2186 mentis
550 2143 606 2186 v.
636 2123 740 2186 24.
769 2127 1046 2186 mentem
1070 2144 1127 2186 v.
1157 2123 1261 2186 25.
1289 2123 1481 2208 Cujus
1506 2128 1719 2207 partes
1743 2123 1788 2187 δι
1814 2129 1993 2189 actus
2018 2128 2425 2188 recensentur
2438 2125 2663 2208 Ephe-3.
2684 2125 2745 2188 4.
2766 2127 2991 2190 Coloss.

77 2213 130 2274 3.
157 2213 193 2273 2
241 2211 410 2278 Petr.
442 2212 499 2275 l.
527 2208 762 2274 Omnes
787 2215 1002 2275 autem
1030 2212 1406 2296 rediguntur
1430 2213 1508 2276 ad
1534 2212 1770 2297 trigam
1795 2213 1970 2276 illam
2012 2214 2123 2278 Tit.
2153 2213 2211 2277 2.
2239 2214 2337 2277 11.
2364 2215 2462 2276 12.
2482 2214 2993 2296 temperantiam,

70 2299 397 2380 justitiam,
416 2300 759 2382 pietatem:
788 2304 900 2364 aut
924 2301 1002 2363 ad
1019 2300 1238 2384 bigam
1259 2301 1732 2384 resipiscentiae
1757 2300 1939 2387 [pag.
1962 2301 2124 2387 438]
2145 2303 2189 2367 81.
2205 2301 2354 2365 fidei
2373 2303 2564 2368 Marc.
2588 2304 2643 2366 1.
2678 2303 2770 2368 [5.
2788 2305 2902 2366 aut
2916 2303 2997 2366 ad

79 2387 282 2473 bigam
309 2389 459 2453 fidei
484 2388 531 2454 a
563 2389 847 2454 caritatis
877 2391 1077 2456 Galat.
1109 2391 1168 2455 5.
1197 2390 1260 2455 6.
1279 2389 1440 2454 Cum
1463 2389 1858 2455 scholasticis
1884 2391 1929 2455 81
1955 2390 2261 2455 Casuistis
2288 2394 2501 2474 posset
2521 2394 2659 2455 tota
2682 2391 2986 2456 sanctitas

77 2476 274 2543 infusa
303 2478 502 2542 dividi
525 2478 594 2541 in
626 2478 1000 2563 religionem
1027 2480 1072 2544 a
1088 2479 1427 2561 justitiam.
1478 2478 1680 2543 Immo
1713 2479 1907 2544 etiam
1933 2480 2013 2543 ad
2044 2502 2236 2544 unam
2261 2480 2707 2561 obedientiam,
2742 2484 2854 2545 aut
2884 2504 2985 2544 re-

77 2566 496 2649 sipiscentiam
542 2570 732 2653 (quae
781 2572 1042 2650 propter
1093 2568 1520 2631 interventum
1569 2567 1783 2652 lapsus
1826 2592 1942 2632 sua
1978 2568 2183 2632 forma
2206 2568 2414 2632 induit
2438 2569 2845 2633 sanctitatem
2873 2592 2985 2633 seu

79 2654 517 2738 obedientiam)
564 2656 889 2719 contrahi:
946 2656 1038 2719 ita
1063 2661 1135 2719 ut
1165 2657 1320 2719 fides
1345 2656 1462 2720 sub
1489 2660 1564 2720 ea
1595 2658 2017 2722 contineatur.
2066 2659 2103 2720 2
2163 2658 2511 2734 Ultimum-3,
2538 2680 2651 2721 seu
2682 2659 2989 2743 completi-

77 2762 180 2807 vus
209 2742 269 2809 st·
291 2745 494 2810 totalis
521 2748 617 2808 est
646 2744 837 2807 homo
862 2744 1221 2823 innovatus,
1249 2767 1360 2809 seu
1393 2749 1756 2829 regenitus3
1782 2746 1893 2830 qui
1928 2746 2121 2810 etiam
2148 2746 2497 2830 spiritualis
2520 2746 2751 2811 dicitur
2778 2748 2837 2812 1.
2872 2746 2986 2813 Co-

79 2832 254 2897 rinth.
302 2836 362 2897 2.
414 2832 462 2897 a
509 2833 771 2916 spiritus
827 2832 1054 2898 ιῙοΙιαη.
1105 2836 1164 2897 3.
1221 2855 1278 2897 v.
1331 2834 1391 2897 6.
1447 2836 1494 2899 a
1517 2856 1681 2898 nova
1703 2840 1995 2899 creatura
2028 2836 2087 2898 2.
2118 2834 2396 2899 Corinth.
2424 2834 2484 2899 5.
2509 2835 2558 2899 8⁶
2582 2832 2831 2915 ἀπαρχὴ
2877 2841 2994 2893 τῶν

77 2922 412 2997 κτισμάτων
453 2920 656 2985 Jacob
707 2923 762 2986 l.
818 2922 917 2984 18.
945 2924 991 2988 ἃ
1017 2921 1206 2985 homo
1231 2922 1351 2987 Dei
1378 2924 1437 2985 2.
1475 2923 1739 2988 Timolh.
1765 2925 1824 2988 3.
1865 2924 1965 2987 17.
1992 2946 2137 2988 cum
2168 2924 2225 2987 l.
2260 2924 2416 2989 Tim.
2445 2924 2505 2987 6.
2538 2924 2638 2986 ll.
2671 2923 2990 3009 (quamvis

77 3005 183 3072 hoc
225 3010 530 3093 peculiari
576 3010 850 3094 quadam
897 3009 1141 3073 ratione
1179 3012 1366 3093 juxta
1412 3011 1674 3093 phrasin
1722 3010 1801 3077 V.
1851 3011 1926 3076 Τ.
1976 3012 2336 3096 pastoribus
2361 3012 2769 3076 tribuendum
2793 3012 2904 3097 sit)
2932 3012 2993 3075 3.

85 3096 526 3176 Conseculivu-S,
561 3102 656 3164 est
683 3098 912 3182 triplex
939 3101 1213 3183 primm,
1238 3100 1350 3183 qui
1383 3104 1478 3163 est
1508 3101 1715 3182 prima
1747 3102 2017 3165 actualis
2046 3101 2391 3175 conversio,
2425 3122 2536 3165 seu
2564 3100 2753 3183 primi
2778 3106 2989 3165 motus

79 3186 534 3269 resipiscentiae
559 3190 605 3253 δι
629 3187 774 3250 fidei
805 3186 870 3250 in
895 3188 1100 3271 primo
1125 3188 1431 3271 temporis
1458 3188 1752 3265 instanti3
1788 3193 1932 3273 post
1954 3190 2336 3273 impressum
2360 3211 2470 3253 seu
2502 3188 2789 3253 infusum
2812 3190 2989 3273 prin-

81 3272 300 3356 cipium
347 3276 620 3360 gratiae.
667 3276 1012 3355 Secundus,
1059 3276 1486 3351 conservatio;
1538 3276 1937 3355 instauratio,
1972 3278 2432 3363 augmentatiO,
2459 3277 2759 3341 excitatio
2791 3300 2990 3341 novae

81 3369 410 3429 creaturae.
481 3364 748 3430 Ultimus
795 3386 906 3428 seu
952 3365 1164 3428 finalis
1211 3366 1345 3448 ejus
1393 3366 1851 3431 consummatio
1906 3390 2016 3431 seu
2062 3365 2360 3426 συντέλεια
2412 3369 2472 3429 4.
2530 3367 2863 3431 Terminus
2907 3366 2993 3430 ad

81 3470 250 3533 quem
296 3474 414 3536 per
450 3454 717 3518 alterum
775 3454 1113 3539 (quomodo
1138 3453 1203 3517 in
1229 3453 1639 3539 generatione
1665 3454 1930 3539 physica
1955 3456 2342 3520 universalia
2366 3454 2663 3518 dicuntur
2692 3454 2991 3539 generari

84 3538 153 3601 ad
203 3541 679 3625 generationem
723 3541 1220 3625 individuorum)
1277 3546 1373 3607 est
1418 3542 1739 3606 Ecclesiae
1764 3543 2052 3607 collectio
2078 3566 2189 3609 seu
2213 3542 2561 3627 producti0‚
2588 3542 2986 3626 propagatiO,

85 3630 394 3709 successiO,
419 3630 833 3707 continuatiO,
859 3632 904 3696 δι
936 3631 1415 3695 consummatio.
1467 3631 1690 3715 Ephes,
1719 3632 1779 3695 5.
1809 3634 1913 3695 26.
1950 3634 2054 3697 27.
2080 3632 2145 3697 ἃ.
2174 3653 2308 3716 cap.
2337 3632 2398 3695 2.
2430 3632 2529 3693 15.
2559 3630 2670 3694 ubi
2694 3629 2992 3693 dicuntur

85 3712 295 3781 Judaei
323 3719 371 3784 ἃ
397 3717 683 3783 Gentiles
708 3719 944 3783 conditi
977 3742 1112 3784 esse
1145 3720 1220 3787 εἷς
1238 3717 1337 3778 ἕνκ
1359 3717 1551 3777 καινὸν
1574 3718 1903 3793 ἄνθρωπον,
1969 3720 2178 3803 Atque
2204 3720 2361 3784 haec
2387 3718 2642 3803 quidem
2668 3718 2743 3781 de
2769 3718 2990 3781 defini—

85 3802 240 3869 tione
277 3808 797 3893 regenerationi8‚
847 3809 894 3874 δι
932 3808 1200 3873 actualis
1224 3808 1648 3873 conversionis
1675 3808 2057 3889 adultorum,
2084 3809 2250 3893 quod
2274 3808 2355 3871 ad
2380 3807 2653 3891 primum
2688 3807 2821 3890 ejus
2852 3828 2989 3869 mo-

87 3898 369 3960 mentum.
397 3894 891 3980 Regenerationi
915 3902 1128 3961 autem
1151 3897 1360 3981 prima
1385 3899 1431 3963 a
1455 3898 1726 3961 secunda
1749 3898 2007 3962 notione
2030 3902 2325 3981 acceptae
2350 3900 2522 3981 (cum
2545 3896 2611 3958 in
2628 3894 2848 3959 multis
2865 3894 2993 3959 alia

91 3979 208 4062 ejus
230 3983 312 4047 sit
333 3984 524 4066 ratio)
549 3984 716 4050 hanc
739 3985 1225 4069 descriptionem
1249 4008 1364 4070 per
1387 3985 1601 4050 omnia
1625 4008 1749 4049 non
1782 3986 2135 4066 convenire,
2154 3988 2289 4070 jam
2316 3988 2504 4048 antea
2528 3984 2907 4047 monuimus,

169 4067 231 4137 5.
280 4072 650 4138 Accedimus
694 4096 862 4139 nunc
907 4074 987 4138 ad
1033 4074 1448 4159 aitiologiam.
1499 4072 1548 4138 I.
1598 4074 1804 4138 Causa
1843 4074 2125 4139 efficiens
2172 4072 2677 4158 regenerationis
2710 4072 2986 4156 (passive

93 4157 237 4241 scil.)
280 4161 486 4244 prima
541 4162 588 4227 &
634 4184 884 4227 summa
930 4166 1026 4227 est
1048 4161 1222 4227 Deus
1250 4167 1452 4247 pater,
1503 4163 1693 4243 filius,
1719 4162 1998 4245 Spiritus
2022 4162 2087 4227 S.
2112 4162 2321 4227 Jacob.
2352 4163 2409 4225 1.
2442 4162 2542 4224 18.
2570 4162 2731 4245 Eph.
2754 4162 2812 4223 2.
2846 4161 2902 4225 1.
2931 4162 2991 4225 3.

95 4251 147 4307 4.
197 4252 253 4312 5.
301 4249 798 4335 Approprietate
845 4256 1060 4315 autem
1105 4252 1414 4316 tribuitur
1444 4252 1614 4335 patri
1645 4251 1700 4314 1.
1731 4251 1866 4317 Pet.
1894 4252 1952 4314 1.
1981 4252 2039 4313 3.
2068 4252 2218 4333 quia
2243 4252 2323 4315 ab
2341 4250 2455 4313 illo
2480 4254 2577 4314 est
2607 4249 2991 4333 principium

97 4333 137 4397 δι
175 4337 342 4423 origo
395 4340 836 4423 operationum
891 4340 972 4403 ad
1017 4343 1230 4404 extra:
1281 4341 1328 4406 &
1381 4340 1508 4404 alio
1553 4344 1846 4423 respectu
1868 4338 2139 4421 Spiritui
2164 4338 2228 4403 S.
2258 4340 2534 4405 Jolumn.
2564 4340 2623 4403 3.
2654 4340 2714 4402 3.
2750 4339 2812 4402 6.
2838 4338 2993 4421 quia

97 4426 496 4491 sanctificator
549 4426 796 4493 dicitur.
848 4426 876 4491 Ι
881 4426 931 4491 Ι.
982 4428 1188 4493 Causa
1234 4435 1664 4512 proegumena
1710 4429 2067 4492 immanens
2115 4433 2211 4492 est
2256 4427 2379 4492 Dei
2422 4428 2716 4492 voluntas
2762 4428 2808 4492 δι
2831 4427 2993 4577 pene

2786 4538 2827 4597 p
2856 4536 2993 4577 acl—
