3694 4871
638 320 721 384 32
1200 314 2950 384 D1s12.111.D2Junnstus·r1oe1iD=1.

640 505 1032 571 confundunt
1076 505 1187 569 sed
1211 527 1563 589 perperam.
1612 503 1777 570 Vide
1820 504 2167 572 Valentiam
2193 527 2298 590 qu.
2334 503 2396 570 4.
2430 503 2504 569 de
2525 504 2761 590 leq-ibus
2790 514 3024 590 puncto
3049 503 3111 568 6.
3136 503 3225 569 Et
3253 505 3560 573 Azorium

642 595 744 660 lib.
792 595 853 658 6.
892 594 1171 659 Insticuc.
1198 615 1332 678 cap.
1363 595 1420 657 1.
1446 616 1551 680 qu.
1578 595 1639 659 3.
1681 594 1977 679 Vasquez.
2011 594 2084 658 in
2111 595 2169 657 1.
2197 595 2258 658 2.
2285 594 2448 676 disp.
2489 593 2638 656 178.
2670 614 2721 657 c.
2749 594 2812 656 2.
2861 593 3144 658 Iri-italio
3171 597 3288 671 est,
3311 593 3558 676 quando

640 684 744 747 lex
789 683 1081 747 aboletur
1128 687 1471 766 antequam
1508 681 1785 765 perfecte
1816 682 2084 766 obligat.
2117 682 2526 766 Privileyium
2551 686 2668 758 est,
2695 681 2948 764 quando
2971 682 3114 764 quis
3137 681 3461 764 excipitur
3487 682 3558 746 811

640 771 1031 855 obligatione
1052 770 1215 855 legis
1246 771 1618 836 communis.
1646 769 1978 854 Abroqatio
2011 774 2127 849 est,
2153 771 2406 854 quando
2431 770 2533 834 lex
2557 791 2722 853 quae
2745 770 2882 851 jam
2905 769 3186 854 perfecte
3213 769 3558 854 obligabat,

640 859 1017 942 simpliciter
1040 859 1333 923 aboletur
1358 859 1403 925 a
1432 859 1699 922 tollitur.
1755 858 2104 943 DeroqatiO,
2131 859 2383 943 quando
2407 881 2486 922 ex
2511 861 2694 940 parte
2718 858 2985 934 tollitur,
3019 880 3098 922 ex
3123 863 3306 941 parte
3327 861 3554 922 manet

638 947 1061 1032 Distinguunt
1084 948 1129 1012 8v
1154 947 1347 1030 vulgo
1364 952 1703 1030 praecepta
1733 947 1795 1010 le
1845 946 1898 1010 is
1928 947 2240 1011 naturalis
2269 947 2338 1010 111
2360 950 2489 1010 tres
2511 946 2784 1011 ordineS.
2809 941 2902 1010 Ut
2923 945 3238 1030 quaedam
3259 947 3394 1010 sint
3423 946 3554 1010 11111-

640 1035 1067 1100 versalissima
1110 1035 1443 1119 principia,
1491 1057 1587 1101 ex.
1640 1055 1736 1118 gr.
1763 968 2008 1099 llffalum
2035 1034 2392 1099 faciendum
2415 1056 2539 1098 non
2569 1038 2682 1112 est,
2709 1035 2756 1100 a
2778 1034 3016 1098 bonum
3037 1035 3559 1118 prosequendum.

642 1123 967 1199 Quaedam
989 1123 1454 1188 conclusionem
1476 1123 1901 1200 immediatae,
1929 1125 1976 1190 a
1999 1123 2184 1188 dictis
2207 1122 2536 1207 principiis
2561 1122 2898 1187 intrinsece
2919 1124 3316 1206 conjunctae,
3339 1123 3390 1187 ἃ
3413 1123 3558 1186 talia

641 1217 791 1276 sunt
836 1211 1047 1276 omnia
1091 1215 1429 1295 praecepta
1473 1211 1778 1296 decalogi.
1825 1210 2151 1286 Quaedam
2175 1211 2304 1275 sint
2329 1215 2366 1275 a
2388 1210 2717 1295 principiis
2743 1209 2893 1290 illis,
2920 1211 2966 1276 ἃ
2991 1211 3070 1274 ab
3095 1211 3236 1294 ipso
3259 1211 3552 1293 decalogo

642 1301 847 1386 magis
892 1305 1156 1372 remota,
1203 1322 1300 1364 ex.
1345 1321 1443 1386 gr.
1471 1300 1545 1364 (10
1570 1299 1959 1384 polygamia,
1986 1300 2062 1364 de
2085 1322 2212 1364 non
2235 1300 2518 1364 ducenda
2547 1321 2742 1363 uxore
2769 1298 2989 1364 fratris
3021 1301 3123 1365 &c.
3173 1297 3284 1364 Sic
3311 1297 3554 1364 Zwarez

644 1389 746 1454 lib.
782 1391 843 1453 2.
867 1389 942 1453 (le
964 1388 1197 1474 leqibus
1220 1409 1357 1472 cap.
1398 1389 1495 1452 16.
1522 1386 1900 1453 Scholastici
1929 1389 1996 1452 in
2033 1389 2238 1452 varias
2265 1388 2503 1452 abeunt
2528 1387 2896 1452 sententias.
2932 1385 3096 1453 Sunt
3126 1387 3240 1471 qui
3271 1391 3556 1453 statuunt

642 1478 852 1542 Deum
899 1477 963 1541 in
1010 1478 1305 1542 omnibus
1351 1477 1707 1560 praeceptis
1746 1477 2035 1561 decalogi
2059 1499 2240 1560 posse
2265 1477 2650 1559 dispensare,
2675 1480 2748 1540 ut
2775 1476 3019 1556 Occam,
3047 1477 3316 1557 Gerson,
3343 1477 3560 1552 Alium,

643 1567 1039 1650 Alm.aynus;
1078 1565 1244 1648 quod
1276 1565 1409 1629 scil.
1438 1569 1698 1648 peccata
1722 1566 2022 1630 adversus
2047 1566 2212 1629 hanc
2234 1564 2446 1648 legem
2475 1565 2616 1628 ideo
2643 1565 2850 1628 solum
2875 1565 3005 1629 sint
3027 1564 3200 1628 mala
3223 1565 3382 1646 quia
3405 1563 3558 1629 Deus

646 1653 993 1738 prohibuit.
1040 1652 1173 1717 Alii
1195 1653 1266 1716 in
1288 1654 1581 1718 omnibus
1605 1653 1960 1738 praeceptis
1983 1654 2294 1718 secundae
2323 1653 2582 1717 tabulae
2609 1657 2680 1716 ut
2711 1675 2788 1716 ex
2813 1657 2992 1737 parte
3030 1651 3098 1716 in
3133 1657 3369 1736 quarto
3393 1675 3559 1736 prae·

645 1745 848 1825 cepto,
889 1746 961 1805 ut
1007 1741 1246 1814 Scotus,
1298 1742 1565 1820 Gabriel,
1604 1743 1717 1824 qui
1763 1741 1992 1806 idcirco
2039 1746 2378 1826 praecepta
2406 1740 2524 1805 illa
2561 1741 2852 1806 eximunt
2875 1744 2914 1806 8
2936 1742 3078 1824 lege
3100 1742 3390 1805 naturali
3419 1740 3559 1825 rigi-

646 1831 725 1894 de
747 1830 838 1894 sic
860 1829 1047 1894 dicta.
1088 1831 1449 1896 Durandus
1472 1830 1519 1895 81
1543 1830 1631 1895 lv.
1662 1831 1870 1914 Major
1890 1831 2190 1913 negativa
2213 1829 2502 1914 decalogi
2525 1833 2864 1914 praecepta
2887 1829 3134 1893 faciunt
3165 1829 3560 1914 indispensa-

645 1919 824 1982 bilia.
870 1915 997 1984 Sed
1038 1919 1399 1984 Durandus
1447 1919 1683 2001 excipit
1713 1918 2008 2002 quintum
2033 1922 2463 2003 praeceptum,
2491 1920 2538 1984 &
2561 1922 2809 1981 sextum
2841 1940 2988 1982 cum
3011 1917 3232 2001 aliqua
3257 1916 3560 1982 distincti-

645 2028 801 2072 one:
827 2007 921 2070 ita
952 2011 1025 2072 ut
1049 2007 1234 2092 [pag.
1262 2007 1423 2092 349]
1452 2011 1791 2090 utrumque
1817 2006 2012 2072 faciat
2037 2007 2486 2090 dispensabile.
2519 2007 2786 2072 Thomas
2816 2007 2872 2071 1.
2900 2007 2962 2069 2.
2985 2027 3091 2092 qu.
3117 2007 3262 2070 120.
3285 2019 3413 2072 art.
3435 2027 3558 2070 011111

646 2095 866 2160 multis
912 2094 1056 2160 aliis
1084 2095 1441 2161 Altisiodor.
1470 2095 1800 2175 RichardO,
1834 2096 2166 2160 Paludano
2195 2093 2306 2160 &a
2333 2095 2548 2160 omnia
2579 2098 2919 2178 praecepta
2943 2094 3234 2178 decalogi
3259 2115 3404 2160 aese
3427 2095 3562 2159 sim-

648 2184 898 2268 pliciter
950 2184 998 2250 81
1044 2184 1333 2249 absolute
1380 2183 1924 2268 indispensabilia,
1974 2184 2169 2248 etiam
2219 2207 2335 2267 per
2381 2183 2734 2267 potentiam
2758 2182 2882 2247 Dei
2906 2183 3306 2260 absolutam;
3348 2185 3398 2249 81
3421 2183 3562 2247 hanc

646 2272 1027 2337 sententiam
1052 2273 1235 2356 quasi
1266 2294 1665 2337 communem
1690 2271 1974 2336 defendit
2003 2273 2260 2337 Zwarez
2284 2274 2393 2338 coc.
2419 2273 2517 2336 cit.
2543 2271 2735 2335 Ratio
2758 2271 2916 2336 haec
2949 2276 3047 2335 est
3070 2271 3225 2355 quia
3247 2272 3562 2336 continent

648 2360 1058 2426 intrinsecam
1102 2361 1417 2426 rationem
1457 2360 1747 2445 justitiae
1794 2361 1841 2425 81
1887 2360 2106 2441 debiti,
2153 2361 2438 2445 inquam,
2485 2382 2610 2424 non
2636 2363 2708 2423 ut
2731 2359 3077 2443 procedite.
3102 2361 3246 2447 lege
3269 2363 3560 2445 tanquam

648 2450 910 2514 effectus
945 2451 1099 2533 ejus,
1126 2451 1237 2514 sed
1268 2455 1340 2515 ut
1364 2451 1655 2534 provenit
1688 2472 1763 2514 ex
1786 2450 2133 2514 intrinseca
2164 2449 2568 2533 proportione
2595 2450 2761 2513 inter
2775 2450 3096 2533 objectum
3113 2451 3160 2516 a
3177 2454 3400 2514 actum
3416 2470 3561 2514 com·

649 2542 946 2621 paratum
983 2538 1062 2602 ad
1083 2542 1323 2603 rectam
1347 2538 1681 2617 rationem,
1706 2561 1817 2603 seu
1844 2543 2141 2603 naturam
2166 2537 2563 2602 rationalem.
2613 2536 2784 2601 Nam
2809 2537 2912 2602 lex
2937 2538 3253 2602 naturalis
3277 2538 3558 2621 prohibet

646 2647 742 2705 ea,
788 2648 953 2709 quae
994 2627 1337 2691 secundum
1384 2649 1451 2691 se
1490 2628 1660 2691 mala
1696 2631 1866 2706 sunt,
1893 2631 2208 2711 quatenus
2233 2626 2393 2691 talia
2423 2630 2592 2704 sunt,
2619 2624 2666 2689 a
2689 2625 2830 2691 ideo
2853 2625 3161 2710 supponit
3183 2627 3251 2689 in
3275 2626 3436 2711 ipsis
3463 2624 3560 2689 ob-

640 2714 826 2796 jectis
872 2736 983 2779 seu
1032 2714 1383 2778 actionibus
1432 2714 1845 2780 intrinsecum
1892 2715 2197 2793 debitum,
2249 2719 2396 2779 ante
2445 2736 2696 2779 omnem
2745 2714 2954 2800 legem
2979 2719 3334 2793 externam,
3361 2720 3434 2779 ut
3455 2734 3558 2777 non

646 2805 941 2866 amentur
992 2824 1103 2867 seu
1152 2802 1340 2880 fiant3
1390 2805 1435 2870 81
1487 2806 1706 2867 contra
1744 2804 2056 2888 praecipit
2078 2804 2248 2869 bona
2278 2808 2590 2887 quatenus
2617 2802 3027 2867 intrinsecam
3049 2804 3503 2869 connexionem
3523 2803 3562 2867 ἃ

646 2890 1090 2955 necessitatem
1134 2891 1376 2955 habent
1420 2913 1565 2956 cum
1588 2896 1817 2957 natura
1841 2893 2159 2956 rationali.
2212 2890 2638 2976 Quaecunque
2663 2890 2770 2955 hic
2793 2891 3180 2975 objiciuntur
3211 2892 3287 2956 de
3311 2889 3562 2957 mutati-

646 3000 766 3043 one
811 2983 1291 3063 praeceptorum
1340 3002 1418 3044 ex
1462 2980 1804 3044 autoritate
1853 2980 1997 3059 Dei,
2046 2984 2118 3045 ut
2166 2982 2384 3047 Genea.
2413 2980 2517 3043 21.
2545 2980 2700 3046 Hos.
2731 2980 2791 3045 1.
2821 2980 3023 3047 Exod.
3063 2980 3164 3044 12.
3191 2980 3560 3065 respondent

646 3065 855 3131 Deum
899 3068 1153 3151 proprie
1200 3090 1326 3133 non
1374 3068 1739 3153 dispensare
1784 3070 1861 3133 de
1907 3074 2266 3153 praecepto,
2308 3091 2426 3133 nec
2455 3071 2704 3133 mutare
2731 3072 3070 3153 praecepta
3099 3067 3460 3135 formaliter
3481 3068 3560 3131 ita

648 3154 849 3231 dicta3
898 3156 1009 3220 sed
1051 3156 1391 3221 immutare
1438 3166 1777 3241 praecepta
1821 3158 2260 3233 materialiter,
2309 3158 2430 3222 hoc
2478 3162 2596 3239 est,
2624 3160 2697 3222 ut
2727 3158 2981 3241 proprie
3005 3158 3352 3241 loquamur
3375 3159 3556 3242 ipsam

647 3243 1003 3324 materiam,
1042 3246 1089 3311 a
1136 3266 1291 3324 rem,
1317 3266 1429 3311 seu
1456 3245 1769 3310 actionem
1794 3246 1961 3311 circa
1992 3268 2186 3331 quam
2209 3250 2500 3311 versatur
2525 3250 2958 3331 praeceptum.
3005 3246 3094 3311 Et
3125 3246 3246 3311 1100
3269 3246 3430 3312 facit
3449 3266 3558 3310 non

648 3336 954 3416 tanquam
999 3332 1348 3418 legislator,
1397 3335 1475 3399 ad
1524 3356 1713 3417 quem
1752 3335 2080 3419 pertinent
2123 3336 2224 3419 jus
2257 3332 2642 3409 νομοθετικὲν
2667 3334 2716 3399 81
2737 3334 3264 3419 dispensativum,
3287 3336 3404 3400 sed
3431 3339 3556 3398 tan-

648 3442 841 3504 quam
858 3420 1169 3501 dominus,
1188 3422 1297 3504 qui
1314 3426 1523 3505 potest
1546 3422 1826 3487 dominia
1849 3428 2098 3487 mutare
2115 3423 2214 3487 vel
2241 3424 2600 3488 concedere.
2627 3422 2734 3488 Sic
2757 3444 2854 3487 ex.
2882 3444 2979 3508 gr.
3015 3422 3163 3488 Non
3187 3420 3558 3507 dispensavit

648 3509 725 3572 de
768 3510 913 3595 lege
958 3508 1137 3591 furti,
1182 3532 1299 3575 nec
1320 3508 1628 3575 Israelitis
1667 3512 1993 3575 mandavit
2014 3511 2294 3589 furtum3
2321 3513 2430 3576 sed
2454 3515 2762 3595 tanquam
2785 3534 3118 3595 supremus
3141 3512 3434 3577 dominus
3459 3529 3560 3595 per

649 3619 837 3661 suum
875 3598 1224 3663 dominium
1247 3598 1521 3663 mutavit
1541 3598 1893 3663 dominium
1915 3599 2290 3689 humanum,
2317 3602 2364 3666 &
2387 3601 2556 3665 bona
2579 3600 3049 3685 Aegyptiorum
3065 3600 3338 3684 subjecit
3363 3603 3554 3684 poste·

648 3686 802 3749 stati
846 3686 1309 3765 israelitarum3
1359 3689 1406 3753 &
1434 3688 1525 3751 sic
1548 3688 1727 3753 nulla
1757 3687 1924 3753 ratio
1945 3688 2106 3753 furti
2129 3689 2222 3752 ibi
2247 3690 2454 3753 locum
2487 3688 2702 3753 habet.
2749 3686 2820 3753 Si
2843 3688 2956 3772 qui
2983 3693 3126 3753 vere
3150 3692 3408 3753 autores
3429 3706 3554 3753 cum

649 3774 983 3839 Bernardo
1012 3775 1087 3839 de
1105 3788 1425 3860 praecepto
1449 3775 1511 3842 ἃ·
1533 3776 2014 3861 Βίερθηεαιίοηε
2037 3798 2085 3844 c.
2117 3778 2178 3841 5.
2204 3777 2310 3841 hic
2335 3778 2664 3861 posuerint
2688 3777 3246 3860 dispensationem,
3267 3800 3380 3842 eos
3395 3777 3554 3860 ajunt

648 3862 995 3946 improprie
1026 3864 1288 3945 locutoS,
1317 3864 1365 3928 81
1396 3866 1815 3948 exponendOS,
1840 3870 1915 3930 ut
1939 3866 2068 3951 jam
2091 3866 2331 3930 dictum
2355 3869 2470 3932 est.
2503 3866 2592 3929 Et
2613 3866 2771 3929 haec
2802 3866 3056 3950 quidem
3081 3866 3398 3930 sententia
3421 3865 3553 3928 hac-

648 3955 835 4015 tenus
865 3974 991 4016 non
1014 3952 1325 4036 displicet.
1373 3950 1496 4018 Sed
1520 3958 1735 4018 manet
1758 3954 2027 4020 ulterius
2051 3953 2500 4038 inquirendum
2523 3954 2690 4039 quod
2713 3954 2798 4017 sit
2820 3953 3310 4020 fundamentum
3331 3951 3550 4017 intrin-

650 4038 778 4102 seci
824 4039 1023 4104 debiti
1070 4040 1139 4104 in
1184 4040 1342 4125 ipsis
1376 4041 1623 4107 actibus
1646 4046 1759 4107 aut
1784 4043 2190 4107 connexionis
2213 4044 2260 4108 81
2293 4042 2686 4107 necessitatis
2709 4064 2930 4107 eorum
2953 4066 3098 4107 cum
3121 4046 3354 4107 natura
3375 4040 3552 4107 ratio·
3666 4056 3671 4111 l

649 4126 816 4203 nali3
865 4130 911 4193 &
955 4150 1039 4192 811
1076 4129 1291 4193 01111118
1328 4134 1663 4214 praecepta
1694 4131 1979 4216 decalogi
2005 4136 2158 4217 (quo
2179 4152 2315 4210 1108,
2341 4130 2648 4215 quidquid
2671 4134 2770 4195 est
2792 4131 3031 4197 morale
3055 4130 3416 4218 referimus)
3437 4128 3546 4193 sint

642 4214 807 4296 juris
848 4216 1160 4282 naturalis
1184 4217 1415 4301 diviui3
1440 4218 1487 4283 &0
1518 4218 1892 4303 simpliciter
1921 4219 2280 4299 necessarii,
2311 4220 2406 4283 ita
2431 4224 2651 4284 utnon
2673 4224 2928 4283 tantum
2951 4224 3358 4303 praeceptum
3379 4220 3548 4283 natu-

647 4303 783 4367 rale
827 4304 1073 4369 homini
1120 4304 1393 4369 inditum
1420 4328 1497 4371 ex
1519 4306 1863 4391 hypothesi
1893 4308 2276 4373 constitutae
2307 4330 2474 4373 nunc
2497 4313 2762 4373 naturae
2787 4308 3183 4392 impossibile
3207 4309 3292 4373 sit
3313 4301 3543 4379 mutari,

648 4390 759 4456 sed
782 4414 897 4458 nec
920 4393 1126 4477 ipsam
1151 4392 1507 4477 materiam,
1532 4416 1643 4461 seu
1669 4400 1869 4479 actus,
1893 4396 2060 4460 circa
2083 4418 2242 4478 quos
2265 4401 2674 4481 praeceptum
2696 4400 2988 4461 versatur
3005 4400 3036 4462 P
3062 4396 3349 4463 Breviter
3371 4412 3544 4543 quiae·
3666 4438 3669 4491 ἶ

3315 4506 3418 4547 ren
3461 4500 3543 4543 em
3667 4494 3669 4505 ·

3665 4560 3669 4747 ι
