3694 4871
513 310 640 376 362
1179 312 2785 384 str.XILDsLscserusxestto.

509 498 584 564 de
619 500 914 577 ebrietate,
965 502 1040 567 de
1061 502 1350 580 avaritia,
1376 501 1452 567 de
1473 505 1939 583 contentatione,
1973 506 2049 571 de
2081 504 2421 581 mendacio
2446 507 2545 572 &a
2572 505 2683 589 qui
2707 508 3017 572 tractatus
3042 504 3150 571 hic
3176 528 3473 572 enume-

501 590 632 652 rari
683 594 1026 673 nequeunt,
1073 589 1228 656 alibi
1273 591 1442 656 forte
1488 592 1721 657 bonam
1746 598 1992 677 partem
2020 594 2359 659 indicandi.
2392 592 2737 659 Conciones
2778 616 2939 677 quae
2962 595 3187 673 latino,
3213 595 3465 679 impri-

500 677 623 741 mis
671 680 1006 743 vernaculo
1046 702 1358 757 sermone,
1407 681 1716 763 superiori
1741 684 1787 749 81
1811 683 1931 747 hoc
1955 687 2246 747 currente
2278 683 2528 747 saeculo
2552 683 2760 747 editae
2784 688 2953 759 sunt,
2980 706 3054 748 ac
3076 684 3465 749 etiamnum

503 765 785 849 quotidie
803 768 1074 831 eduntur
1107 767 1522 833 areformatis
1565 768 1915 854 Pheologis,
1971 772 2045 837 de
2070 772 2191 836 hoc
2216 776 2327 835 aut
2351 771 2462 835 illo
2486 771 2859 854 particulari
2889 772 3143 840 affectu.
3176 772 3461 851 virtute,

501 853 678 931 viti0,
706 877 1048 939 eorumque
1069 857 1298 933 causis,
1324 857 1673 934 effectibu3‚
1699 859 2027 942 oppositiS,
2054 882 2389 924 numerum
2414 860 2749 924 excedunt:
2808 860 2949 945 Ego
2972 882 3193 926 omnes
3218 861 3455 946 legere

501 964 616 1007 nec
661 944 840 1027 potui
886 966 1001 1009 nec
1048 944 1246 1008 volui:
1306 945 1380 1009 de
1429 945 1558 1009 illis
1583 950 1818 1027 tamen,
1846 969 2005 1032 quas
2030 971 2107 1012 ex
2129 948 2350 1013 multis
2374 946 2639 1012 subinde
2664 948 2967 1031 percurri,
2993 948 3187 1014 fateri
3212 971 3443 1034 cogor,

503 1032 670 1114 quod
718 1032 822 1095 vix
871 1033 1002 1096 ulla
1049 1055 1126 1096 ex
1171 1033 1250 1097 iis
1302 1033 1519 1113 fuerit,
1575 1057 1737 1117 quae
1781 1036 2164 1119 peculiarem
2184 1036 2364 1121 [pag.
2394 1036 2510 1119 41]
2538 1036 2821 1119 aliquam
2854 1036 3289 1102 inventionem
3320 1044 3447 1103 aut

503 1117 878 1202 conceptum
902 1143 1028 1185 non
1051 1121 1506 1205 suppeditarit:
1536 1122 1674 1187 Nec
1689 1126 2131 1206 praetereundi
2155 1128 2463 1189 tractatus
2490 1124 2917 1207 peculiaribus
2934 1126 3209 1190 statibus
3226 1126 3449 1191 homi-

497 1228 651 1271 num
677 1210 1151 1286 accommodati,
1177 1211 1398 1293 quales
1427 1212 1683 1277 Politice
1711 1210 1957 1289 Christ,
1998 1215 2399 1280 Oecovwmica
2428 1213 2677 1289 Christ„
2701 1214 3071 1279 Adolescens
3094 1215 3441 1281 Academi-

499 1315 626 1369 cus,
693 1297 886 1362 Vidua
915 1298 1291 1373 Christiana,
1322 1300 1603 1383 Aqricola
1631 1302 2050 1379 Christianus,
2096 1304 2397 1367 Mercator
2428 1303 2835 1380 Christian-113,
2866 1303 3129 1369 Nautica
3170 1302 3443 1373 Christi-

503 1402 651 1460 ana,
706 1386 880 1451 Miles
909 1387 1330 1463 Christianus,
1362 1389 1666 1473 Princeps
1695 1391 2110 1467 Christianus,
2147 1392 2377 1456 Daniel
2406 1412 2514 1456 scu
2539 1391 2825 1467 AulicaS,
2854 1391 3153 1457 Nobtlitcw
3182 1392 3417 1457 Christi
3426 1431 3443 1440 -

499 1491 647 1548 ana,
699 1475 799 1539 810.
855 1476 949 1540 De
987 1477 1189 1561 officio
1219 1477 1678 1553 min-istrormn,
1705 1479 1907 1563 deque
1930 1480 2136 1543 tribus
2162 1480 2450 1564 partibus
2476 1478 2735 1562 politiae
2760 1480 3245 1556 ecclesiasticae,
3272 1503 3439 1564 quae

495 1560 718 1625 titulos
773 1564 818 1627 &
872 1564 1214 1628 subtitulos
1253 1587 1378 1629 non
1403 1586 1632 1647 paucos
1660 1568 2185 1650 complectuntur,
2220 1572 2471 1632 tantum
2495 1568 2561 1631 iu
2592 1567 2864 1651 publicis
2890 1568 3433 1650 praelectionibus

497 1650 542 1714 ἃ
567 1650 833 1730 privatis
857 1651 1142 1736 collegiis
1167 1651 1471 1718 indicium
1494 1653 1758 1720 fecimus
1779 1680 1793 1731 3
1852 1660 1922 1720 ut
1968 1678 2095 1721 non
2118 1660 2339 1739 putem
2367 1656 2645 1739 aliquem
2672 1678 2747 1719 ex
2775 1655 3171 1721 auditoribus
3196 1658 3439 1721 nostris

497 1734 686 1801 facile
735 1738 1068 1817 dicturum,
1124 1740 1286 1824 legis
1319 1742 1600 1807 studium
1625 1744 1671 1809 &
1697 1743 2142 1829 cognitionem,
2171 1744 2364 1808 etiarn
2389 1744 2556 1827 quod
2579 1744 2659 1807 ad
2688 1744 2852 1808 hanc
2878 1749 3149 1827 partem,
3176 1754 3314 1809 tam
3338 1745 3437 1809 fa-

498 1824 618 1888 cile
641 1826 952 1891 transiliri
985 1850 1188 1910 posse.

585 1911 699 1977 IV.
757 1914 916 1994 Quia
961 1917 1300 1982 admodum
1324 1916 1583 1983 difficile
1609 1924 1724 1997 est,
1751 1920 1795 1983 &
1820 1921 2262 2004 praetendenti
2289 1923 2476 2006 longe
2508 1919 2829 1985 difficilius
2855 1921 3016 2005 legis
3050 1944 3201 1985 usus
3236 1944 3429 2005 prac-

493 2000 671 2079 ticos,
728 2003 794 2066 in
843 2004 1167 2069 individuo
1215 2010 1260 2072 &
1312 2005 1676 2073 immediate
1724 2009 2124 2073 conscientiis
2170 2012 2309 2073 tum
2364 2009 2597 2073 nostris
2644 2014 2777 2073 tum
2826 2009 3051 2073 alienis
3084 2010 3442 2093 applicare.

496 2087 702 2164 Quam
749 2091 1192 2157 difficultatem
1246 2095 1606 2178 experimur
1648 2096 1715 2159 in
1763 2098 2075 2172 omnibuS,
2125 2119 2323 2181 usque
2348 2099 2427 2161 ad
2450 2097 2747 2162 minimos
2771 2098 3188 2163 conscientiae
3220 2121 3439 2175 casus»,

497 2200 692 2261 usque
719 2181 797 2243 ad
829 2182 1034 2264 primo
1059 2183 1295 2265 primos
1322 2184 1782 2268 cogitationum
1806 2207 1879 2249 ac
1904 2186 2323 2270 cupiditatum
2346 2190 2577 2264 motus,
2613 2208 2811 2269 usque
2842 2187 2920 2249 ad
2946 2186 3222 2270 speciem
3248 2188 3439 2265 mali,

494 2269 538 2331 δι
581 2269 1000 2333 attentionem
1047 2271 1126 2333 ad
1171 2294 1356 2335 omne
1414 2273 1778 2338 scandalum
1831 2276 2059 2359 (Actor.
2089 2276 2193 2339 24.
2220 2275 2361 2339 coll.
2396 2296 2539 2338 cum
2569 2275 2597 2337 1
2638 2273 2777 2341 Cor.
2806 2277 2866 2339 8.
2894 2276 2941 2341 St
2970 2275 3101 2357 10.)
3127 2276 3441 2358 propriae

494 2359 746 2419 nostrae
785 2356 1202 2423 conscientiae
1257 2359 1670 2444 applicandis,
1717 2368 1953 2427 norunt
1998 2362 2128 2441 illi;
2155 2363 2265 2446 qui
2296 2362 2715 2427 conscientiae
2740 2363 3035 2447 propriae
3058 2362 3441 2447 inquisitio-

491 2465 636 2507 nem
664 2446 708 2510 &
733 2446 1010 2529 ejusdem
1036 2469 1177 2512 cum
1203 2447 1483 2512 minimis
1501 2450 1638 2533 jota
1662 2473 1734 2515 ac
1759 2451 2045 2535 apicibus
2072 2452 2235 2537 legis
2260 2451 2509 2516 divinae
2527 2452 3084 2535 comparationem,
3116 2453 3331 2518 Matlh.
3370 2456 3439 2518 5.

490 2552 689 2614 usque
743 2536 823 2599 ad
869 2536 1210 2599 terminum
1262 2544 1366 2594 τοῦ
1408 2540 1747 2603 necessarii
1798 2538 1862 2606 ἃ·
1898 2552 2153 2618 caetera,
2191 2541 2409 2606 delicta
2432 2541 2571 2626 quis
2596 2541 2897 2625 intelliqil.
2952 2542 3119 2606 Psal.
3153 2541 3253 2604 19.
3304 2541 3437 2606 sibi

489 2619 874 2698 incumbere,
899 2624 944 2688 St
970 2623 1308 2708 lugubrem
1333 2647 1519 2690 suum
1541 2627 1663 2691 hac
1685 2627 1750 2691 in
1775 2633 1959 2712 parte
1984 2629 2299 2694 defectum
2322 2629 2627 2694 fatentur.
2674 2627 2956 2694 Studiosi
2979 2628 3181 2692 nostri
3204 2629 3434 2713 legant

491 2709 658 2773 Dan.
697 2711 878 2794 ch'clc
903 2714 1272 2798 mysterium
1295 2715 1591 2797 propriae
1613 2716 2002 2800 deceptionis,
2036 2715 2098 2782 ἃ·
2124 2719 2342 2784 Ηοὸθνι
2368 2718 2620 2782 Boi-toni
2643 2718 3003 2782 discursum
3032 2718 3108 2782 dc
3130 2717 3431 2783 Reatino-

490 2796 671 2872 ὤνια
718 2804 828 2862 aut
875 2801 1026 2864 dum
1071 2803 1350 2865 nondum
1389 2801 1508 2866 hoc
1533 2809 1734 2882 vacat,
1759 2806 1921 2888 disp.
1956 2809 2239 2870 nostram
2264 2807 2339 2869 de
2363 2805 2770 2888 simplicitate
2804 2808 2849 2872 81
2872 2805 3213 2888 hypocrisi.
3265 2805 3433 2870 Par-

490 2887 621 2947 tem
644 2884 824 2950 illam
849 2888 1076 2972 legalis
1101 2888 1432 2974 Theologi,
1452 2912 1614 2974 quae
1641 2897 1889 2976 spectat
1913 2893 2192 2958 officium
2222 2894 2519 2970 ministri,
2539 2894 2840 2976 legantin
2876 2895 3065 2959 wilh.
3106 2894 3375 2980 Tacui-ny
3386 2896 3435 2958 ii

489 2970 860 3038 Necessaria
909 2977 1478 3042 demonstratione:
1533 2981 1694 3044 unde
1741 2981 1929 3045 facile
1976 2982 2279 3066 colligent
2310 3004 2425 3046 nec
2452 2981 2731 3067 cognitu,
2758 3005 2871 3046 nec
2894 2983 3281 3065 praedicatu,
3310 3005 3431 3046 ne-

490 3059 641 3123 dum
665 3060 859 3140 factu,
885 3063 1064 3128 illam
1087 3069 1220 3129 tam
1247 3065 1501 3130 facilem
1528 3068 1648 3133 dici
1673 3091 1876 3152 posse.
1928 3069 2143 3153 Atque
2184 3071 2341 3135 haec
2392 3071 2737 3134 difficultas
2774 3069 2841 3133 in
2874 3070 3253 3152 applicanda
3279 3071 3427 3155 lege

489 3149 569 3212 ad
594 3151 1044 3216 conscientiam
1075 3155 1432 3237 propriam;
1461 3177 1653 3239 quam
1686 3157 1881 3222 etiam
1906 3159 2321 3223 eruditissimi
2346 3161 2391 3224 &
2415 3157 2897 3223 laboriosissimi
2946 3156 3285 3243 Theologi,
3332 3159 3430 3224 si-

489 3237 744 3320 quidem
791 3243 935 3305 vcre
975 3243 1261 3306 conversi
1307 3243 1455 3320 s‘nt,
1496 3245 1563 3308 in
1599 3268 1666 3308 se
1707 3246 1865 3310 satis
1890 3247 2319 3330 experiuntur.
2370 3245 2550 3322 Quod
2574 3247 2651 3310 ad
2676 3247 3093 3311 conscientias
3126 3246 3427 3323 aliorum,

489 3347 724 3407 magna
756 3349 898 3392 cum
922 3329 1304 3408 resistentia,
1329 3331 1392 3394 id
1419 3337 1534 3408 est,
1561 3332 1905 3400 difficulter
1935 3336 2145 3418 legem
2189 3341 2475 3400 sanctam
2498 3339 2543 3402 &
2574 3335 3052 3399 immaculatam
3096 3335 3177 3398 iis
3202 3337 3421 3419 appli-

491 3414 642 3490 cari,
668 3420 915 3480 constat
939 3440 1015 3482 ex
1038 3418 1141 3482 his
1164 3420 1445 3502 quinque
1473 3421 1906 3502 potissimum:
1935 3444 2205 3506 quorum

585 3503 882 3569 Primum
923 3511 1020 3570 est
1071 3506 1322 3570 infinita
1369 3507 1627 3595 farrago
1681 3511 2169 3595 sophismatum,
2195 3513 2654 3597 exceptionum,
2684 3511 3135 3589 detorsionum,
3163 3513 3429 3576 retorsi·

490 3612 704 3666 onum,
761 3595 1338 3670 reconventionum,
1395 3597 1902 3680 replicationum,
1934 3599 2458 3684 triplicationum,
2484 3621 2646 3682 quae
2670 3599 2990 3684 legalibus
3014 3599 3079 3662 in
3106 3599 3247 3664 foro
3270 3621 3426 3664 con-

489 3677 789 3745 scientiae
844 3682 1499 3760 determinationibus,
1549 3687 2120 3764 adhortationibuS,
2169 3688 2672 3772 correptionibus
2700 3687 2936 3772 opponi
2968 3688 3192 3752 solent.
3246 3687 3426 3754 Haec

487 3766 802 3849 profunda
849 3768 1142 3849 Satanae,
1199 3772 1320 3836 hae
1367 3774 1570 3838 cordis
1616 3774 1882 3839 humani
1930 3777 2348 3858 deceptioneS,
2397 3777 2553 3841 haec
2600 3776 2845 3842 occulta
2893 3775 3234 3854 dedecoriS,
3282 3777 3427 3842 sine

491 3876 730 3936 magna
760 3858 1002 3921 cerebri
1034 3860 1080 3924 81
1104 3861 1306 3924 cordis
1333 3861 1676 3926 afflictione
1704 3864 1770 3947 (2
1805 3865 1941 3928 Cor.
1983 3866 2083 3930 11.
2112 3887 2165 3928 υ.
2202 3866 2329 3944 29.)
2356 3865 2569 3949 detegi
2594 3867 2639 3930 81,
2662 3864 2953 3948 superari
2980 3869 3331 3948 nequeunt.

577 3943 934 4010 Secundum
969 3951 1118 4010 sunt
1150 3947 1310 4022 odia,
1352 3949 1820 4028 insectationeS,
1847 3953 2301 4032 cavillationes,
2329 3953 2703 4032 calumniae,
2733 3953 3116 4033 vexationes,
3142 3953 3426 4030 infidiae,

489 4031 682 4096 etiam
731 4036 1198 4116 persecutiones
1248 4036 1385 4119 (ubi
1443 4039 1726 4120 potentia
1773 4041 1999 4122 adest),
2046 4043 2277 4124 quibus
2338 4041 2554 4105 fideles
2600 4040 2879 4106 ministri
2911 4041 2993 4105 ob
3018 4040 3182 4125 legis
3207 4041 3423 4124 appli-

487 4121 800 4184 cationem
847 4122 926 4184 ad
971 4122 1387 4188 conscientias
1434 4126 1794 4190 auditorum
1825 4129 2083 4193 obnoxii
2123 4134 2290 4193 sunt.
2341 4129 2463 4205 Qui
2496 4151 2573 4193 ex
2600 4131 2780 4213 [pag.
2812 4129 2929 4214 45]
2956 4129 3423 4194 concionatori-

490 4206 604 4272 bus
637 4209 756 4273 hoc
777 4232 1100 4292 nunquam
1129 4211 1371 4293 experti
1405 4219 1574 4292 sunt,
1609 4216 1836 4280 merito
1860 4217 2101 4299 seipsos
2124 4219 2401 4301 neglecti
2428 4217 2620 4282 officii
2646 4217 2893 4303 (Ezech.
2924 4220 2983 4280 2.
3018 4217 3065 4280 ἃ
3092 4217 3153 4280 3.
3183 4219 3221 4280 2
3260 4219 3425 4283 nm.

487 4295 547 4359 3.
597 4301 640 4358 81
692 4298 776 4378 4.)
804 4302 1127 4381 suspectos
1153 4298 1455 4364 habeant.

586 4385 866 4451 Tertium
911 4391 1062 4450 sunt
1101 4385 1354 4452 odiosae
1401 4389 1447 4454 a
1501 4388 1853 4457 laboriosae
1886 4395 2339 4474 contentioneS,
2364 4417 2489 4459 non
2516 4399 2659 4460 raro
2683 4417 2859 4462 acres
2880 4395 3349 4480 increpationes
3376 4396 3426 4462 ὲ

3274 4506 3425 4550 con-
