3694 4871
299 360 542 429 D1sr.
587 357 786 428 VII.
830 357 1500 424 Paestanum
1541 379 1639 423 ns
1684 357 2041 424 Mani-ro
2088 356 2465 426 Ouarsa-1
2510 358 2738 426 PAss
2784 363 2838 428 Ι.
2912 363 3037 430 179

103 547 183 612 (10
230 550 436 612 morte
459 544 718 624 Christi,
741 543 788 608 81
811 543 1026 610 inutili
1061 543 1456 627 quorundam
1479 546 1672 627 atque
1695 544 2021 622 ἁσυστὰτῳ
2048 543 2217 609 inter
2238 544 2678 610 orthodoxiam
2701 546 2748 613 81
2769 544 3033 612 hetero-

89 634 358 700 doxiam
402 632 807 708 mediatione,
851 631 1099 696 abunde
1123 633 1170 698 81
1195 632 1546 696 eminenter
1570 629 1723 696 dicti
1755 629 2022 696 fanatici
2043 631 2309 698 refutati
2331 655 2469 698 esse
2492 633 2842 699 videantur.
2888 633 3038 700 'Non

87 721 363 787 memini
385 721 746 786 istiusmodi
770 719 1152 786 sententiam
1178 721 1258 784 ab
1285 721 1499 804 aliquo
1523 717 1683 784 Viro
1707 719 1909 798 docte,
1935 720 2046 803 qui
2062 720 2330 806 alicujus
2346 721 2621 786 nominis
2638 722 2854 802 fuerit,
2874 721 3040 788 inter

86 810 496 876 Christianos
517 813 740 893 postea
763 809 830 872 in
855 807 1485 872 terminisrecoetam
1508 806 1705 872 fuisse
1723 829 1740 884 ς
1764 805 1859 870 ita
1882 811 1955 870 ut
1975 805 2177 874 falsus
2199 812 2378 874 vates
2405 809 2509 888 sit,
2531 810 2741 874 dicens
2761 825 2911 896 pag.
2932 812 3041 876 94.

86 901 246 967 certi
291 917 516 964 sumus
562 897 726 962 hanc
775 893 888 962 &a
942 895 1168 982 ubique
1213 895 1624 962 obtenturam.
1673 893 1851 958 Inter
1896 896 2230 961 hodiernos
2257 897 2721 981 Anabaptistas
2746 897 3041 964 videntur

86 987 303 1071 aliqui
351 985 549 1050 simili
573 985 816 1050 somnio
843 984 1048 1048 adhuc
1072 983 1244 1068 pasci
1269 983 1465 1070 (quod
1489 986 1786 1068 expertus
1813 982 2037 1066 loquor
2056 984 2101 1067 ε)
2127 983 2237 1049 sed
2260 984 2359 1049 illi
2382 985 2771 1069 peculiarem
2794 985 3039 1052 refuta·

85 1075 342 1140 tionem
385 1095 513 1138 non
549 1076 908 1148 merentur;
958 1071 1335 1156 praesertim
1383 1094 1528 1136 cum
1551 1092 1675 1135 non
1709 1071 2029 1136 communi
2052 1072 2268 1155 aliquo
2292 1077 2501 1138 sectae
2525 1095 2677 1138 suae
2709 1096 3040 1154 consensu,

85 1163 208 1228 sed
253 1161 532 1228 volatico
592 1160 829 1244 privati
871 1161 1176 1244 cujusque
1211 1159 1448 1224 idiotae
1486 1159 1776 1237 arbitrio,
1817 1158 1977 1223 talia
2006 1159 2375 1243 opinionum
2399 1161 2446 1226 81
2471 1162 3041 1227 contradictionum

83 1254 386 1316 monstra
424 1271 539 1333 pro
561 1271 630 1313 re
661 1251 814 1312 nata
836 1248 1104 1312 subinde
1127 1247 1522 1312 effutiantur.
1576 1244 1900 1313 Cornelius
1948 1247 2270 1334 Wiqqerue
2294 1249 2700 1314 concionator
2722 1251 3040 1335 quondam

83 1337 446 1404 Homanus
492 1336 700 1401 simile
755 1335 908 1419 quid
953 1336 1228 1400 voluisse
1275 1335 1526 1400 videtur
1572 1333 1764 1421 (Vide
1809 1336 2007 1401 collat.
2036 1336 2411 1420 Haqiensem
2435 1338 2608 1402 artic.
2638 1339 2699 1404 2.
2727 1340 2774 1405 81
2804 1339 3043 1404 Amesii

83 1426 456 1492 coronidem
479 1425 692 1506 ibid.):
717 1424 827 1488 sed
851 1423 908 1487 is
937 1445 1018 1488 ne
1048 1424 1328 1488 modicae
1353 1422 1609 1506 quidem
1633 1422 2007 1487 eruditionis
2029 1422 2177 1502 fuit,
2203 1423 2251 1490 δι
2274 1423 2720 1490 Ecclesiastice
2744 1426 3041 1492 condem·

82 1519 292 1580 natus
339 1513 476 1578 sine
522 1511 939 1578 sectatoribus
987 1511 1321 1596 disparuit.
1365 1509 1889 1575 Remonstrantes
1935 1511 2002 1574 in
2050 1510 2299 1576 fervore
2347 1511 2797 1596 disputationis
2848 1518 3041 1600 quam

83 1602 462 1687 propinque
508 1600 588 1665 ad
617 1599 784 1664 hanc
807 1600 1194 1664 sententiam
1216 1598 1484 1663 subinde
1515 1598 1834 1673 accedant,
1854 1598 2097 1681 judicet
2118 1597 2344 1665 Lector
2371 1621 2449 1664 ex
2474 1599 2795 1687 Responso
2818 1621 3041 1670 eorum

85 1691 184 1756 ad
227 1700 515 1772 excerpta
564 1687 839 1753 Laidem.
881 1707 1030 1773 paq.
1083 1687 1228 1752 107.
1252 1709 1330 1752 ex
1355 1686 1526 1754 Ac’tis
1553 1685 1795 1771 Synodi
1821 1687 2177 1752 Nationalis
2200 1689 2631 1767 Deo-dracena,
2657 1690 2843 1777 [pag.
2870 1689 3039 1776 236]

80 1798 246 1863 paq.
300 1777 448 1841 198.
493 1776 636 1840 199.
663 1775 814 1840 280.
842 1775 992 1842 285.
1026 1775 1177 1840 286.
1211 1776 1360 1840 edit.
1386 1774 1454 1838 in
1477 1774 1588 1838 fol.
1611 1774 1895 1839 Iohanne
1926 1775 2193 1840 Corvino
2222 1795 2357 1860 cap.
2388 1778 2495 1842 26.
2522 1778 2582 1843 8.
2612 1779 2673 1840 9.
2712 1779 2815 1842 13.
2846 1775 2911 1844 ἃ*
2934 1779 3040 1844 28.

86 1868 153 1952 g.
207 1867 272 1930 9.
326 1864 433 1928 36.
471 1885 551 1928 ex
572 1863 860 1930 Arminio
882 1864 968 1928 ad
989 1863 1164 1928 artic.
1193 1865 1297 1928 31.
1324 1874 1445 1928 art.
1487 1863 1587 1924 13.
1625 1863 1728 1926 14.
1777 1860 2117 1946 Appendix
2142 1868 2257 1928 aut
2278 1863 2560 1938 ἑπόμενον
2578 1865 2771 1950 hujus
2794 1871 3041 1931 contro.

87 1953 350 2018 versiae
395 1956 515 2031 est,
562 1951 732 2035 quod
776 1956 1034 2016 movent
1077 1949 1369 2016 nonnulli
1407 1949 1483 2013 de
1505 1948 1912 2034 mitigatione
1936 1971 2283 2033 poenarum
2306 1951 2374 2014 in
2404 1951 2671 2018 inferne.
2720 1951 2881 2018 Cum
2916 1957 3043 2038 qua

90 2039 378 2106 conferri
403 2042 614 2124 potest
635 2037 848 2123 opinio
872 2038 948 2103 de
975 2037 1359 2104 sufficientia
1380 2037 1603 2102 mortis
1628 2036 1870 2102 Christi
1887 2058 2001 2121 pro
2020 2038 2309 2119 diabolis,
2328 2038 2404 2104 de
2423 2042 2549 2124 qua
2568 2039 2737 2106 thesi
2754 2041 3042 2125 proxime

89 2129 398 2212 sequenti
417 2149 434 2191 ε
455 2129 527 2192 ut
543 2126 590 2193 81
605 2125 1086 2191 Pontificiorum
1103 2131 1396 2210 περςεργὶα
1413 2125 1480 2188 111
1505 2124 1753 2190 Missali
1777 2125 2078 2208 antiquae
2096 2126 2245 2190 edit.
2266 2129 2414 2191 ante
2430 2128 2881 2194 correctionem
2899 2134 3044 2213 post

91 2216 346 2283 0011011.
401 2213 754 2280 Tridentin.
805 2214 919 2278 ubi
969 2216 1038 2278 in
1089 2213 1285 2277 missa
1329 2235 1444 2296 pro
1475 2215 1573 2296 cuj
1581 2235 1654 2277 us
1677 2213 1893 2277 anima
1915 2213 2243 2278 dubitatur
2265 2214 2355 2279 sic
2384 2218 2589 2296 orant,
2613 2217 2691 2281 Et
2712 2216 2769 2282 si
2782 2219 3039 2301 plenam

89 2306 358 2371 veniam
377 2304 598 2370 anima
620 2302 825 2387 ipsius
847 2301 1114 2368 obtinere
1136 2321 1269 2366 non
1294 2311 1508 2385 potest,
1533 2302 1749 2366 saltem
1773 2301 1868 2366 vel
1890 2301 2053 2366 inter
2074 2301 2213 2384 ipsa
2238 2311 2559 2380 tormenta,
2613 2297 2744 2370 ‘uae
2770 2305 3043 2390 forsitan

87 2394 370 2480 patitur,
427 2390 832 2477 refriqerium
879 2391 955 2457 de
998 2389 1396 2457 abundantia
1424 2389 1904 2455 miserationum
1927 2399 2187 2455 tuarum
2210 2390 2450 2456 sentiat.
2475 2389 2582 2457 Sic
2677 2392 2865 2459 issale
2888 2393 3038 2459 edit.

91 2480 486 2549 Parisiensis
529 2501 696 2545 anno
745 2479 936 2543 1506.
987 2480 1054 2543 in
1087 2480 1147 2542 8.
1173 2477 1285 2543 fol.
1310 2478 1459 2542 217.
1507 2476 1754 2542 Poterit
1775 2477 1973 2542 etiam
1996 2476 2269 2543 conferri
2292 2480 2609 2545 sententia
2639 2479 2938 2567 Origenis
2963 2482 3038 2546 de

89 2571 314 2637 salute
365 2568 827 2646 damnatorum,
853 2569 900 2633 81
930 2568 1308 2632 daemonum
1330 2569 1476 2649 post
1505 2566 1672 2629 diem
1688 2564 1913 2649 judicii
1937 2566 1985 2632 St
2007 2565 2495 2649 praedicandum
2520 2568 2589 2631 in
2612 2570 2805 2634 coelis
2830 2574 3037 2635 aeter·
3146 2628 3151 2633 .

89 2680 260 2725 num
307 2656 750 2741 Evangelium.
802 2654 966 2720 Vide
1018 2656 1349 2739 Oriqenem
1393 2655 1466 2719 in
1511 2654 1779 2721 Roman.
1829 2654 1887 2720 1.
1921 2654 1969 2720 a
1994 2653 2457 2741 Hieronymum
2488 2667 2632 2722 tom.
2663 2658 2723 2722 2.
2748 2658 2926 2743 epist.
2954 2659 3041 2724 ad

89 2748 367 2815 Avitum
410 2766 488 2809 ex
533 2742 797 2829 Origine
818 2742 946 2818 περὶ
967 2740 1184 2821 ἀρχῶν.
1213 2740 1318 2806 Ab
1343 2742 1464 2806 hoc
1487 2741 1668 2807 foedo
1695 2763 1906 2807 errore
1931 2742 2195 2827 purgari
2217 2764 2341 2807 non
2367 2747 2610 2827 potest:
2644 2744 2769 2809 nisi
2792 2746 3039 2811 dicatur

91 2834 348 2919 scripta
390 2833 526 2917 ejus
571 2832 653 2896 ab
707 2829 1042 2896 haereticis
1087 2835 1384 2914 corrupta
1406 2829 1624 2895 fuisse.
1671 2827 1748 2893 In
1772 2829 1943 2894 idem
1967 2829 2086 2894 hoc
2111 2831 2435 2895 stabulum
2459 2832 2783 2919 compingi
2806 2834 3037 2900 debent

91 2924 466 2991 commenta
509 2917 984 2985 deliberatione
1009 2917 1294 2984 omnium
1318 2940 1537 2983 eorum
1561 2938 1639 2981 ex
1661 2917 1911 2982 inferno
1934 2938 2048 3001 per
2072 2916 2312 2983 Christi
2338 2918 2728 3000 descensum,
2762 2922 2873 3005 qui
2899 2944 3037 2988 cre-

93 3014 330 3080 derent
375 3010 510 3092 ejus
551 3008 877 3084 Deitatem
908 3006 1100 3090 (quod
1121 3005 1335 3091 tangit
1362 3006 1698 3091 Greyorius
1723 3005 1997 3090 Maqnus
2026 3004 2130 3072 lib.
2165 3007 2228 3072 6.
2250 3007 2487 3091 epistol.
2518 3010 2619 3073 15.
2642 3010 2778 3075 ind.
2810 3010 2963 3093 15.),
2992 3013 3039 3077 81

93 3104 178 3168 de
211 3097 435 3165 anima
462 3094 724 3179 'l’rajani
749 3116 824 3159 ex
847 3093 1097 3159 inferno
1120 3116 1234 3178 per
1260 3092 1552 3180 Gregorii
1575 3114 1792 3178 preces
1814 3093 2105 3159 liberata.
2132 3092 2193 3158 A
2216 3095 2553 3179 posteriori
2577 3099 2624 3164 &
2649 3099 2893 3162 enormi
2916 3100 3036 3162 hoc

88 3190 460 3257 commento
480 3183 803 3251 Baronias
825 3180 1177 3247 Ecclesiam
1200 3180 1554 3246 Romanam
1577 3202 1923 3267 repurgare
1948 3186 2211 3247 conatur
2231 3182 2319 3247 ad
2338 3202 2590 3249 annum
2616 3186 2763 3248 604.
2791 3186 2839 3252 a
2861 3207 3036 3251 com-

93 3276 408 3364 pendiose
453 3294 530 3337 ex
575 3272 687 3336 1110
712 3270 1100 3356 Spondanus
1121 3270 1489 3353 epitomator
1509 3269 1596 3334 ad
1616 3288 1865 3336 annam
1896 3269 2041 3333 119.
2074 3268 2199 3335 Sed
2222 3270 2373 3334 dum
2396 3271 2518 3336 hoc
2541 3276 2745 3357 agunt
2767 3278 3034 3357 uterque

98 3368 112 3381 '
211 3364 226 3377 '
329 3362 449 3425 ‘ter
491 3359 750 3445 propria
795 3359 1014 3424 vineta
1058 3358 1348 3437 caedunt,
1395 3360 1443 3424 ἃ
1487 3356 1935 3437 Damascenos,
1980 3355 2027 3421 J
2027 3356 2311 3423 ohannes
2332 3356 2671 3439 Diaconos,
2694 3360 3031 3445 Brigittas,

93 3450 510 3528 Meohtildes,
534 3448 818 3532 aliosque
842 3446 1018 3511 divos
1043 3448 1090 3512 81
1113 3446 1310 3525 divaS,
1335 3450 1586 3511 caetera
1609 3444 1891 3529 Papatus
1914 3444 2260 3526 columnas,
2289 3448 2337 3513 ἃ
2368 3450 2567 3511 testes
2592 3448 3037 3513 adamantinos

93 3544 184 3609 ad
232 3540 428 3603 fidem
470 3544 662 3621 atque
707 3533 1042 3600 historiam
1063 3533 1346 3618 Papatus
1377 3532 1844 3609 stabiliendam,
1876 3531 2304 3617 turpissimae,
2336 3534 2785 3622 mythologiae
2814 3538 2862 3603 a
2890 3556 3041 3621 gra-

105 3626 367 3696 vissimi
389 3626 618 3690 erroris
641 3623 802 3689 haut
831 3623 1095 3687 obscure
1117 3621 1518 3687 convincunt.
1677 3691 1680 3695 ,

199 3716 271 3785 5.
322 3714 694 3781 Posterioris
735 3711 976 3797 qeneris
1023 3710 1404 3794 principales
1451 3710 1915 3776 controversiae
1961 3714 2111 3775 sunt
2143 3731 2306 3795 quae
2329 3709 2692 3775 reformatis
2717 3708 3040 3787 Ecclesiis3

103 3826 260 3871 cum
293 3801 440 3867 aliis
462 3801 530 3865 in
553 3799 1040 3867 christianismo
1061 3796 1560 3882 professionibus
1583 3797 2000 3863 intercedunt.
2033 3798 2324 3881 Suntque
2346 3798 2723 3863 celebriores
2748 3804 3040 3884 quatuor.

105 3894 344 3961 Prima
367 3893 464 3954 est
507 3889 673 3954 circa
716 3889 1070 3971 subjectum
1115 3888 1162 3953 81,
1184 3885 1568 3970 principium
1600 3886 1963 3960 ἑνεργητικὲν
1989 3886 2223 3965 meriti,
2249 3908 2332 3949 an
2347 3885 2482 3951 scil.
2508 3885 2800 3951 Christus
2818 3910 3041 3953 secun-

107 3984 268 4047 dum
317 3982 652 4062 utramque
689 3980 985 4040 naturam
1007 3978 1312 4058 tanquam
1336 3973 1650 4039 Mediator
1673 3976 1718 4040 8⁵
1742 3972 2022 4058 Sponsor
2044 3978 2259 4039 noster
2291 3995 2408 4057 pro
2428 3973 2613 4039 nobis
2643 3974 2907 4039 meritus
2939 3976 3044 4042 sit.

113 4069 282 4135 Vide
329 4064 723 4133 Gatecheticos
743 4064 1085 4149 Scriptores
1105 4063 1193 4128 ad
1207 4074 1438 4149 quaest.
1461 4063 1563 4151 15.
1594 4062 1696 4125 16.
1727 4062 1828 4126 17.
1853 4062 2113 4149 Altinqii
2130 4062 2520 4141 Elencticam,
2538 4064 2585 4128 a
2599 4061 3047 4147 Antaqonistas

111 4155 518 4235 Reum-mini,
566 4153 914 4232 Amcsium,
952 4152 1374 4231 Chamiernm,
1419 4151 1732 4216 francisc.
1781 4151 2049 4217 lanium
2079 4150 2167 4215 ad
2189 4150 2249 4214 2.
2281 4160 2647 4215 controvers.
2670 4152 2941 4237 yeneral.
2973 4152 3049 4217 de

118 4246 367 4313 Christo
415 4242 764 4321 Mediatore,
813 4240 918 4305 lib.
965 4242 1025 4304 5.
1072 4241 1116 4304 ὰ
1135 4258 1268 4323 cap.
1296 4241 1358 4303 3.
1381 4259 1580 4326 usque
1601 4239 1687 4304 ad
1699 4240 1917 4327 finem;
1940 4241 1987 4306 ἃ
2022 4237 2403 4325 Wiqandum
2417 4249 2635 4304 contra
2646 4238 3046 4320 Stancarum,

115 4339 194 4400 ut
235 4334 288 4400 8⁵
330 4328 943 4415 Schlusselburyium
985 4338 1204 4395 contra
1245 4326 1534 4409 eandem,
1581 4329 1632 4391 8⁶
1653 4338 1873 4393 contra
1898 4326 2319 4393 Osiandrum:
2343 4348 2612 4410 quorum
2634 4328 2746 4392 ille
2768 4327 3048 4393 divinam

115 4426 420 4489 naturam
463 4440 608 4485 cum
651 4416 1022 4497 Pontificiis,
1068 4416 1190 4481 iste
1233 4414 1583 4481 humanam
1607 4415 2002 4483 excludebat.
2027 4414 2315 4483 Secunda
2337 4414 2559 4482 itidem
2585 4420 2682 4483 est
2705 4416 2873 4483 circa
2894 4416 3046 4481 sub-

2919 4524 3049 4588 Jec-
