3694 4871
870 308 2247 376 DoouAr1snnSS.T121N1·rA'rz.
2949 313 3036 376 85

102 500 145 563 a
191 497 556 575 caritatem,
605 501 677 560 ut
720 497 1005 582 undique
1024 497 1143 562 sibi
1165 498 1531 562 inhaereant
1556 499 1729 564 Deus
1761 497 1823 563 ἃ·
1846 499 2030 563 homo
2057 497 2248 584 (Vide
2277 498 2584 565 Bemard.
2615 519 2800 564 serm.
2837 499 2940 562 71.
2967 500 3038 564 in

100 587 331 652 cantica
379 587 427 651 a
466 597 636 651 tract.
680 587 757 653 de
780 607 993 652 amore
1022 587 1149 651 div.
1176 587 1265 667 4.)
1292 586 1533 652 adhaec
1556 591 1628 650 ut
1661 610 1800 651 cum
1830 586 2125 652 fidelibus
2151 588 2518 652 studeamus
2541 609 2794 652 servare
2824 587 3034 652 unita-

102 681 225 739 tem
258 675 529 759 spiritus
562 697 675 760 per
705 674 1027 739 vinculum
1056 675 1229 759 pacis
1254 676 1478 760 Ephes.
1508 677 1567 738 4.
1595 675 1801 739 Filius
1824 674 1948 740 Dei
1975 673 2268 740 dominns
2293 678 2338 743 a
2363 680 2556 761 caput
2577 679 2866 741 nostrum
2889 698 3032 741 cum

100 769 275 848 patre
320 787 493 829 unus
542 768 658 841 est,
700 766 745 830 a
768 787 886 828 nos
913 764 1009 828 illi
1036 787 1161 828 non
1191 765 1533 829 uniemur?
1579 763 2008 829 Personarum
2032 763 2316 829 Trinitas
2341 764 2409 830 in
2443 765 2689 830 unitate
2723 765 3033 830 essentiae

102 855 145 918 a
189 853 543 918 voluntatis
594 856 630 916 a
674 853 859 917 nobis
906 853 1184 918 creditur
1210 855 1255 919 ἃ
1298 855 1632 929 adoratur3
1660 876 1742 916 an
1773 876 1900 919 non
1926 853 2232 918 unitati&
2257 854 2400 937 paci
2425 853 2592 918 inter
2613 875 2727 918 nos
2753 854 3035 918 studebi-

103 965 235 1007 mus
254 947 284 1008 ἓ
319 965 525 1007 unum
552 965 658 1006 cor
681 945 726 1008 &
753 965 877 1006 una
906 943 1121 1006 anima
1144 943 1431 1006 erimus?
1464 941 1589 1006 Sed
1613 942 1908 1026 pluribus
1931 943 2092 1007 haec
2117 942 2496 1026 amplificari
2520 965 2646 1006 non
2673 941 2827 1007 sinit
2843 939 3036 1007 Ratio

104 1031 426 1096 Thesium.
479 1029 870 1095 Meditentur
919 1031 1185 1094 studiosi
1233 1032 1577 1116 diligenter
1609 1033 1738 1112 loca
1770 1033 1866 1095 cit.
1896 1033 1941 1097 a
1965 1032 2113 1096 data
2138 1031 2463 1096 occasione
2489 1030 2819 1096 conferant
2845 1053 3036 1114 quos-

102 1141 339 1205 cunque
390 1124 924 1185 commentatores
945 1143 960 1196 ;
1008 1120 1323 1204 imprimis
1371 1143 1449 1184 ex
1494 1119 1749 1198 nostris,
1806 1119 2140 1186 Calvinum
2189 1122 2234 1187 81.
2279 1119 2560 1204 reliquos
2610 1123 2648 1183 a
2694 1121 3038 1186 Martorato

104 1210 466 1292 conjunctos
487 1233 502 1285 3
536 1231 614 1272 ex
637 1208 993 1274 Pontificiis
1019 1208 1067 1273 Ι.
1094 1211 1346 1274 Ferit-m.
1380 1207 1673 1273 Exhibeo
1698 1231 1865 1272 nunc
1881 1213 2130 1273 tantum
2152 1208 2604 1273 suavissimum
2617 1209 2779 1273 illud
2796 1209 3038 1274 dictum

102 1296 405 1362 Bernardi
453 1301 637 1362 tract.
682 1298 758 1361 de
806 1297 1043 1362 Amore
1068 1298 1281 1362 divino
1305 1320 1443 1381 cap.
1496 1299 1553 1361 4.
1589 1299 1667 1363 Et
1690 1299 1837 1362 haec
1859 1311 1944 1363 est
1977 1299 2048 1362 in
2077 1298 2256 1363 nobis
2286 1300 2580 1364 voluntas
2603 1297 2722 1386 filii
2747 1298 2859 1376 tui,
2892 1298 3040 1364 haec

101 1408 212 1471 pro
256 1388 441 1452 nobis
474 1389 671 1452 oratio
696 1387 833 1470 ejus
866 1387 950 1451 ad
976 1399 1028 1452 ιε
1050 1389 1259 1454 Deum
1279 1399 1525 1470 patrem
1557 1407 1748 1452 suum
1766 1411 1785 1450 .-
1808 1390 1944 1452 υοιο
1969 1388 2125 1452 sicut
2155 1385 2217 1452 ἃ·
2239 1409 2346 1472 eqo
2371 1387 2432 1453 ἃ·
2457 1399 2526 1452 ιιι
2555 1407 2764 1452 unum
2787 1407 3034 1468 sumus,

108 1475 187 1540 ita
236 1476 297 1540 ἃ·
346 1478 415 1540 in
468 1475 644 1541 nobis
674 1477 799 1560 ipsi
828 1497 1033 1542 unum
1059 1477 1205 1541 sint.
1256 1477 1420 1542 llinc
1442 1488 1530 1544 est
1553 1477 1723 1563 finis,
1750 1477 1901 1542 haee
1929 1488 2016 1542 est
2040 1476 2516 1554 consummatae,
2545 1476 2692 1540 haec
2720 1487 2806 1541 est
2828 1477 3036 1560 perse-

106 1565 231 1644 cti0‚
256 1565 406 1630 haec
428 1575 517 1630 est
538 1586 689 1649 pax,
716 1566 827 1630 hoc
848 1577 934 1630 εει
962 1565 1140 1650 [pag.
1170 1565 1335 1652 481]
1359 1566 1669 1650 yaudium
1695 1566 1765 1630 in
1789 1566 2055 1649 Spiritu.
2077 1587 2150 1645 s.,
2177 1566 2290 1630 hoc
2311 1576 2398 1630 εει
2423 1565 2740 1630 silentium
2763 1566 2834 1630 in
2857 1567 3034 1632 coelo.

106 1653 185 1716 Et
228 1654 587 1738 Augustini
632 1658 817 1718 tract.
868 1655 971 1719 48.
1007 1654 1069 1717 in
1096 1653 1491 1719 Johannem:
1522 1655 1647 1719 Nos
1678 1675 2018 1738 possumus
2049 1655 2248 1721 dicere
2271 1654 2341 1719 in
2377 1655 2502 1720 Deo
2525 1675 2750 1721 sumus
2781 1652 2843 1719 ἃ·
2864 1656 3038 1720 Deus

111 1742 173 1806 in
216 1743 414 1808 nobis.
465 1744 599 1828 Eyo
651 1742 713 1808 ἃ·
761 1745 933 1809 Deus
979 1765 1181 1809 unum
1234 1765 1478 1822 sumus,
1504 1744 1805 1829 nunquid
1824 1764 2169 1828 possumus
2193 1743 2438 1809 dicere?
2484 1744 2564 1808 In
2589 1745 2752 1809 Deos
2775 1765 2859 1821 es,
2885 1744 3040 1828 quia

112 1832 269 1897 Deus
290 1833 565 1899 continet
591 1845 663 1911 te,
688 1835 861 1899 Deus
892 1844 977 1898 εει
1004 1834 1073 1896 in
1098 1845 1170 1911 ιε,
1195 1833 1347 1918 quia
1373 1835 1674 1917 templu-m
1701 1833 1819 1897 Dei
1834 1837 2038 1917 {actus
2061 1854 2124 1898 es
2141 1855 2165 1909 ;
2189 1833 2294 1898 sed
2311 1832 2606 1918 nunquid
2621 1834 2772 1918 quia
2789 1834 2858 1898 in
2875 1833 3039 1898 Deos

110 1941 183 1998 es,
205 1919 255 1986 ἃ
285 1922 466 1987 Deus
489 1932 577 1986 εει
602 1922 665 1986 in
696 1935 767 1998 te,
788 1935 959 2004 potes
976 1923 1173 1986 dicere
1188 1947 1207 1986 .·
1244 1923 1369 2004 Qui
1385 1943 1483 1985 me
1498 1921 1679 1998 videt,
1705 1923 1912 1987 Deum
1931 1922 2110 1986 videt.
2135 1921 2456 2004 Quomodo
2475 1921 2840 2005 uniyentius
2856 1922 3038 2000 dixit,

116 2009 339 2089 Quinte
354 2011 521 2075 videt
546 2011 707 2076 videt
730 2010 791 2077 a·
808 2024 1077 2094 patrem,
1110 2009 1171 2076 ἃ·
1196 2032 1301 2094 eqo
1325 2008 1387 2075 ἃ·
1407 2023 1586 2095 pate-r
1606 2031 1809 2076 unum
1833 2031 2062 2076 sumus
2081 2011 2112 2075 ξ’
2137 2013 2409 2095 Aynosce
2431 2011 2769 2095 proprium
2793 2010 3039 2075 domini

119 2095 173 2162 ἃ·
192 2119 433 2164 munus
465 2101 649 2164 servi.
676 2101 1025 2184 Proprium
1049 2101 1294 2164 domini
1324 2111 1408 2164 εει
1436 2101 1784 2186 aequal-itas
1809 2101 2036 2183 patris,
2063 2120 2303 2186 munus
2341 2099 2499 2164 servi
2520 2109 2604 2164 εει
2639 2099 3038 2183 participatio

116 2188 455 2253 salvatoris.
510 2187 691 2253 Adde
719 2188 965 2253 celebre
988 2188 1147 2252 illud
1172 2189 1594 2273 Epigramma
1620 2187 2088 2263 Melanthonis;
2132 2190 2247 2256 Nec
2271 2199 2339 2253 tu
2363 2197 2508 2252 nate
2529 2188 2649 2254 Dei
2672 2189 2882 2271 majus
2906 2208 3036 2252 me-

116 2275 299 2340 liusve
330 2298 581 2360 roqare,
607 2281 945 2344 Aeternum
965 2289 1239 2362 poteras,
1263 2279 1491 2362 opti-me
1518 2277 1775 2354 Christe,
1806 2289 2091 2361 patrem;
2116 2279 2216 2343 Sic.
2251 2276 2431 2352 Quod
2456 2276 2510 2340 si
2542 2281 2691 2341 vero
2716 2275 3037 2360 excipiant

118 2361 630 2431 Remonstrantes
661 2366 981 2451 piissimos
1028 2367 1171 2431 illos
1206 2389 1419 2430 amore
1464 2366 1586 2430 Dei
1632 2368 1677 2433 81.
1725 2364 1965 2430 Christi
2011 2365 2515 2431 serventissimos
2541 2362 2929 2443 SocinianOS,
2955 2363 3038 2430 ad

36 2500 43 2509 .
115 2454 307 2518 cultus
331 2457 470 2540 ejus
497 2456 544 2521 a
569 2456 820 2539 praxim
844 2455 1263 2521 nihilominus
1287 2456 1443 2520 eniti
1475 2456 1766 2540 quamvis
1790 2456 1911 2519 filii
1936 2457 2228 2520 unionem
2258 2477 2400 2520 cum
2425 2458 2606 2538 patre
2630 2453 3038 2519 essentialem

117 2564 229 2605 non
258 2550 646 2628 agnoscant:
697 2543 888 2630 (Vide
936 2546 1282 2611 Smalcium
1319 2545 1455 2611 libr.
1484 2546 1559 2609 de
1588 2546 1853 2610 Divinit.
1879 2566 2017 2629 cap.
2044 2545 2178 2627 24.)
2205 2544 2696 2628 Respondemus,
2729 2542 2964 2608 falsum
2987 2543 3035 2608 &

118 2631 449 2698 absurdum
474 2635 729 2719 dogma,
760 2656 872 2698 seu
898 2634 1138 2699 idolum
1163 2656 1498 2718 perversae
1522 2632 2001 2718 imaginationis
2025 2632 2364 2711 humanae,
2393 2654 2527 2698 esse
2551 2633 2815 2711 malum,
2841 2635 3034 2717 atque

119 2720 258 2785 adeo
286 2723 535 2787 nullam
569 2745 755 2788 verae
801 2722 1163 2807 solidaeque
1214 2723 1473 2807 pietatis
1499 2722 1722 2805 praxin
1751 2745 1934 2805 posse
1959 2722 2246 2786 fundare.
2282 2720 2478 2805 Cujus
2503 2720 2842 2787 axiomatis
2865 2720 3034 2786 veri-

118 2811 300 2873 tatem
348 2811 677 2877 evidenter
722 2816 1076 2896 agnoscunt
1124 2811 1647 2876 Remonstrantes
1691 2811 2010 2895 (quamvis
2035 2811 2202 2874 male
2227 2810 2578 2894 applicent)
2605 2832 2750 2874 cum
2775 2814 3035 2875 conten-

120 2895 263 2960 dunt
306 2900 663 2965 doctrinam
696 2900 773 2965 de
796 2900 1090 2966 absoluta
1136 2900 1713 2984 praedestinatione
1748 2903 1793 2965 8ῑ
1818 2899 2292 2982 perseverantia
2316 2920 2569 2963 omnem
2593 2896 2822 2983 praxin
2845 2898 3036 2982 plane

120 2985 490 3066 subvertere,
518 2989 752 3053 nedum
777 2994 849 3054 ut
872 2989 1067 3055 faciat
1091 2990 1169 3054 ad
1194 2989 1463 3074 praxim.
1490 2989 1610 3055 Sed
1624 2990 1895 3064 instant;
1923 3010 2050 3052 non
2074 3010 2152 3052 ex
2176 2988 2474 3073 dogmate
2493 3010 2607 3051 suo
2625 2988 2700 3052 de
2719 2986 3036 3052 Trinitate

120 3071 342 3140 habent
374 3078 683 3142 eximium
705 3078 891 3142 illum
916 3102 1196 3143 amorem
1224 3078 1531 3144 Christi&
1555 3078 1850 3153 fratrum;
1870 3078 1980 3141 sed
2005 3076 2279 3141 aliunde.
2301 3076 2487 3161 Hesp.
2516 3076 2774 3140 aliunde
2798 3075 3035 3141 habere

122 3182 231 3225 non
248 3172 532 3247 possunt,
554 3188 698 3231 cum
716 3169 1011 3251 dogmate
1027 3168 1313 3252 ipsorum
1330 3166 1617 3231 funditus
1634 3167 2062 3230 subvertatur.
2111 3165 2312 3230 Amor
2330 3186 2484 3251 erga
2503 3164 2831 3230 Christum
2848 3164 3037 3230 debe-

120 3248 221 3313 bat
246 3275 379 3318 esse
406 3256 681 3333 divinus,
694 3256 827 3321 veri
845 3257 978 3321 scil.
1004 3258 1049 3322 &
1068 3256 1311 3320 aeterni
1327 3254 1450 3320 Dei
1472 3279 1485 3331 ;
1513 3259 1579 3319 at
1595 3254 1878 3337 ipsorum
1895 3276 2092 3333 amor,
2119 3253 2174 3317 si
2192 3254 2336 3338 quis
2355 3254 2458 3331 sit,
2479 3258 2575 3319 est
2591 3254 2908 3319 humanus
2925 3275 3036 3318 seu

124 3336 343 3405 Christi
370 3348 531 3423 ψὶλου
559 3341 892 3418 ἀνθρώπου.
919 3344 962 3409 J
966 3367 1068 3410 am
1094 3349 1241 3409 vero
1270 3348 1339 3410 ut
1363 3344 1579 3427 praxis
1603 3343 1862 3427 propria
1887 3342 1932 3406 St
1956 3346 2134 3407 actus
2162 3343 2412 3407 elicitus
2437 3342 2584 3406 fidei
2611 3341 2883 3420 divinae,
2909 3362 3036 3405 non

124 3431 209 3491 est
250 3430 403 3497 fides
436 3434 749 3509 humana;
798 3435 887 3499 sic
928 3433 1143 3517 praxis
1182 3433 1415 3498 amoris
1457 3432 1654 3496 divini
1690 3454 1817 3496 non
1859 3436 1956 3497 est
1995 3453 2174 3495 amor
2211 3431 2492 3496 hominis
2530 3454 2642 3495 seu
2684 3435 3031 3495 creaturae.

126 3512 225 3580 IX.
249 3519 517 3607 Arqum.
552 3521 775 3589 Praxis
790 3524 1077 3601 fiduciae,
1097 3520 1545 3587 consolationis
1564 3522 1609 3586 8ι
1628 3520 2038 3605 gratitudinis
2055 3521 2234 3584 nulla
2252 3520 2397 3585 elici
2414 3524 2624 3603 potest
2648 3540 2724 3583 ex
2750 3540 2843 3597 ec,
2867 3519 3036 3603 quod

126 3600 185 3666 in
212 3607 517 3675 altissima
549 3633 707 3695 rupe
732 3612 1039 3677 collocata
1064 3612 1149 3675 sit
1174 3611 1347 3675 salus
1370 3614 1608 3687 nostra,
1642 3608 1709 3672 in
1739 3608 1782 3673 J
1787 3608 1990 3673 ehova
2022 3609 2154 3673 scil.
2179 3609 2434 3693 justitia
2457 3611 2697 3682 nostra,
2722 3628 2958 3693 magno
2990 3608 3037 3675 δι

132 3695 262 3758 {orti
302 3698 461 3780 Deo,
497 3704 543 3767 δι
574 3705 1030 3784 consequenter
1062 3700 1146 3764 sit
1169 3698 1559 3764 invincibilis
1588 3698 1755 3782 quod
1779 3699 1859 3762 ad
1883 3697 2401 3781 impetrationem
2427 3699 2473 3763 δι
2497 3696 2993 3780 applicationem
3018 3718 3034 3761 τ

128 3780 237 3845 nisi
258 3786 407 3854 fides
434 3794 905 3873 praesupponat
927 3789 1132 3853 filium
1158 3810 1291 3853 esse
1318 3810 1515 3851 unum
1537 3787 1722 3852 illum
1747 3787 1978 3865 Deum,
2006 3788 2052 3851 δι
2077 3792 2292 3851 tamen
2317 3806 2651 3870 personam
2669 3783 3038 3850 distinctam

132 3888 251 3935 esse
280 3880 445 3960 apud
469 3876 701 3955 Deum,
727 3900 862 3943 esse
887 3877 1085 3942 alium
1110 3881 1149 3941 a
1169 3881 1371 3961 patre.
1398 3875 1571 3941 Usus
1596 3875 1666 3939 hi
1691 3875 2070 3959 amplificari
2093 3875 2299 3939 solent
2322 3874 2408 3939 ad
2429 3876 2539 3941 loc.
2568 3894 2791 3939 comm.
2819 3874 2895 3939 de
2914 3875 3037 3942 Ae-

134 3968 289 4029 ῑθνπὰ
331 3968 634 4053 filiatione
669 3966 731 4033 ἃ·
760 3968 975 4033 deitate
1013 3968 1242 4032 Christi
1258 3990 1277 4029 .·
1309 3965 1463 4029 item
1511 3966 1588 4032 de
1624 3967 1756 4049 eJus
1787 3965 2238 4039 incarnatio-ne,
2265 3984 2375 4029 seu
2396 3964 2471 4029 de
2490 3982 2767 4049 persona
2790 3963 3032 4029 media·

137 4049 283 4117 toris.
308 4054 461 4119 item
486 4058 563 4121 de
583 4057 718 4141 ejus
743 4057 947 4144 officio
976 4054 1039 4123 ἃ·
1061 4056 1495 4139 satisfactione.
1524 4052 1657 4118 Ubi
1682 4053 2048 4137 quaerendi.
2083 4052 2162 4117 X.
2189 4053 2455 4137 Arqum.
2493 4053 2594 4116 Ad
2623 4051 2876 4136 praxim
2898 4051 3037 4136 pie-

136 4136 267 4205 tatis
290 4144 442 4208 facit
464 4146 883 4211 consideratio
904 4168 1209 4229 personae
1236 4144 1283 4208 ἃ
1308 4142 1565 4207 deitatis
1590 4141 1809 4226 Spirit.
1836 4145 2038 4207 sanct.
2059 4142 2514 4207 Consolationis
2532 4145 2646 4220 est,
2665 4140 2834 4225 quod
2850 4142 3036 4206 datus

138 4223 209 4286 Sit
227 4232 399 4297 nobis
430 4238 504 4298 ut
548 4256 663 4299 nos
694 4235 884 4299 ducat
904 4234 973 4297 in
999 4235 1354 4308 veritatem,
1386 4254 1503 4297 nos
1528 4231 1845 4317 obsignet‚
1872 4234 2146 4296 testetur
2169 4253 2315 4296 cum
2347 4230 2580 4313 spiritu
2601 4234 2820 4295 nostro
2850 4230 2898 4296 ἃ
2921 4250 3037 4294 no·-

138 4309 356 4385 biscum
377 4322 445 4385 in
476 4328 805 4388 aeternum
832 4326 1084 4387 maneat
1108 4323 1357 4409 (Johan.
1390 4322 1489 4384 16.
1529 4321 1585 4384 7.
1620 4322 1721 4385 13.
1748 4323 1793 4386 8ο
1829 4319 1933 4384 14.
1971 4320 2073 4384 16.
2111 4320 2212 4383 17.
2240 4320 2346 4383 26.
2375 4320 2552 4387 Rom.
2580 4320 2639 4382 8.
2671 4319 2774 4383 15.
2807 4318 2911 4385 16.
2929 4318 3034 4383 26.

148 4398 359 4476 Gor-int.
388 4412 443 4475 l.
472 4414 579 4476 22.
604 4413 830 4497 Ephe-s,
860 4414 921 4477 4.
950 4412 1059 4494 30)
1085 4411 1564 4479 Exercitationis
1591 4408 1672 4475 ad
1692 4409 2001 4493 pietatem
2027 4412 2144 4489 est,
2170 4409 2342 4494 quod
2371 4431 2499 4475 non
2523 4408 2828 4474 debemus
2850 4406 3036 4473 illum

2887 4517 3035 4559 con-
