3694 4871
959 322 2332 391 D1sp.X.D2Rna2nnnm10nn.
2986 328 3113 391 :285

201 513 459 579 Johamz.
509 513 570 578 6.
600 514 662 575 2.
691 511 859 578 Pelr.
891 513 947 575 1.
975 512 1036 577 3.
1068 514 1126 575 1.
1157 510 1437 576 Corinth.
1470 510 1570 571 12.
1598 510 1658 573 6.
1693 511 1792 575 &c.
1811 508 1927 573 ubi
1950 509 2116 573 actio
2142 532 2253 574 seu
2286 510 2631 575 efficientia
2656 511 2919 596 physica
2948 512 3113 575 indi-

203 606 402 678 catur3
437 602 720 669 Secundo
745 622 820 665 ex
851 602 909 663 1.
941 602 1214 665 Corinth.
1245 602 1305 662 3.
1334 600 1393 663 5.
1422 600 1482 661 6.
1511 599 1688 663 Rom.
1723 600 1782 661 8.
1813 598 1918 661 28.
1948 600 2007 661 2.
2046 598 2309 662 ΤίυιοιΙι.
2362 602 2420 661 2.
2457 601 2562 662 25.
2590 600 2695 662 26.
2723 600 2835 663 11111
2866 601 3111 685 peculi-

203 690 320 753 aris
343 692 386 755 81
409 690 630 753 efficax
657 690 948 773 specialis
975 689 1222 773 gratiae
1247 693 1425 751 actus
1447 686 1781 765 indicatur,
1807 689 2061 769 praeter
2084 686 2131 749 81
2155 710 2348 769 supra
2386 688 2743 753 suasionem
2784 690 3111 765 moralem,

204 800 352 861 quae
376 783 469 843 est
490 778 836 842 efficientia
859 778 1172 861 objectiva
1203 778 1248 842 81
1273 775 1642 839 communia
1680 774 1901 853 Tertia,
1928 797 2005 838 ex
2030 776 2191 858 Eph.
2226 778 2280 840 l.
2320 776 2419 839 19.
2446 776 2675 841 (301088.
2708 780 2763 839 1.
2788 798 2847 840 υ.
2878 778 2979 841 12.
3014 780 3113 842 13.

207 866 306 929 ubi
329 867 708 950 operationis
735 866 956 930 modus
981 865 1330 937 indicatum
1359 864 1468 947 qui
1493 864 1677 941 alins,
1705 868 1802 927 est
1825 884 2017 946 quam
2051 864 2213 927 lenis
2238 866 2549 947 quaedam
2572 866 2801 929 suasio,
2836 866 3074 944 Quarto
3096 890 3110 942 ς

205 956 340 1037 quia
384 956 674 1019 voluntas
705 958 839 1018 tam
891 958 988 1019 est
1039 957 1354 1037 corrupta,
1407 956 1678 1027 mortua,
1725 951 1967 1035 peccati
2000 974 2202 1019 serva.
2237 957 2309 1015 ut
2334 952 2541 1017 minor
2566 952 2849 1017 efficacia
2873 955 2951 1017 ad
2980 956 3113 1038 ejus

205 1042 693 1107 immutationem
735 1066 858 1106 non
907 1042 1290 1127 requiratur,
1341 1062 1530 1123 quam
1580 1041 1659 1103 ad
1704 1039 1939 1103 mortui
1964 1040 2463 1119 suscitationem,
2504 1046 2617 1105 aut
2640 1042 2861 1106 mundi
2886 1044 3113 1107 creati·

207 1152 392 1195 onem.
439 1132 609 1196 Hinc
661 1134 1060 1216 regeneratio
1085 1135 1491 1213 comparatur
1514 1151 1654 1192 cum
1682 1129 2013 1193 creatione.
2048 1130 2108 1193 2.
2140 1130 2421 1194 Corinth.
2447 1130 2507 1193 3.
2536 1132 2581 1195 81
2606 1152 2749 1193 cum
2775 1132 3113 1195 resuscita-

205 1219 360 1283 tione
384 1220 602 1303 Ephes.
632 1222 692 1283 2.
723 1221 974 1302 Quinte,
1001 1219 1152 1303 quia
1177 1219 1470 1281 voluntas
1495 1217 1785 1299 regenita
1808 1218 1888 1280 ad
1904 1220 2082 1280 actus
2100 1218 2403 1281 secundos
2422 1219 2556 1281 sola
2574 1220 2800 1282 morali
2820 1221 3113 1283 suasione

205 1330 316 1372 non
360 1313 646 1372 movetur
703 1309 940 1393 Philip.
990 1310 1052 1372 2.
1107 1310 1206 1370 13.
1257 1306 1442 1371 Hehr.
1491 1309 1589 1369 13.
1619 1307 1725 1369 21.
1757 1305 1929 1371 psal.
1966 1306 2107 1369 119.
2137 1306 2241 1369 26.
2270 1308 2315 1371 Sc
2341 1309 2447 1370 86.
2479 1308 2580 1369 11.
2634 1308 2938 1373 Οαηείοον.
2972 1311 3110 1372 1.4.

202 1398 400 1461 lerem.
449 1398 556 1461 32.
605 1395 812 1460 Multo
851 1398 1062 1460 minus
1111 1397 1475 1480 irregenita.
1525 1395 1728 1473 Sexto,
1778 1395 1929 1477 quia
1976 1398 2347 1477 sequeretur
2392 1394 2695 1479 alioquin,
2744 1394 2954 1460 Deum
2986 1418 3113 1459 non

205 1486 422 1549 versari
447 1486 711 1549 alterius
743 1486 997 1569 generis
1023 1485 1308 1548 efficacia
1333 1488 1444 1548 aut
1475 1484 1662 1548 modo
1687 1483 1991 1566 operandi
2018 1484 2182 1546 circa
2207 1483 2485 1547 hominis
2512 1488 2792 1548 mentem
2817 1486 2863 1549 81
2894 1486 3112 1549 volun·

205 1578 404 1651 tatem,
429 1596 620 1657 quam
654 1574 998 1651 hominem,
1045 1577 1156 1637 aut
1181 1595 1374 1655 quam
1400 1572 1754 1636 diabolum:
1806 1572 1919 1655 qui
1962 1571 2307 1635 efficientia
2330 1572 2642 1655 objectiva
2666 1574 2713 1639 &
2738 1574 2874 1637 sola
2905 1574 3111 1637 suasi-

207 1684 313 1725 one
353 1664 573 1726 morali
623 1662 778 1746 agit.
843 1661 961 1726 111.
1012 1662 1228 1728 Probe.
1269 1661 1371 1725 An
1399 1662 1692 1724 voluntas
1717 1682 1830 1743 per
1861 1661 2111 1743 lapsum
2144 1660 2293 1743 quid
2320 1661 2665 1743 perdiderit
2683 1684 2699 1743 ;
2732 1662 2779 1726 ἃ
2802 1662 2892 1726 sic
2916 1662 2977 1727 01
3004 1684 3113 1746 per

209 1752 732 1835 regenerationem
785 1773 950 1815 nova
981 1752 1292 1835 quaedam
1340 1750 1550 1834 gratia
1595 1753 1784 1834 (quae
1832 1750 1919 1812 sit
1964 1750 2041 1812 ad
2082 1750 2338 1812 modum
2364 1750 2621 1813 habitus
2648 1754 2759 1814 aut
2782 1752 3119 1833 qualitatis

207 1840 510 1921 cujusdam
535 1840 952 1921 inhaerentis)
977 1839 1414 1923 imprimatur:
1446 1860 1526 1901 an
1561 1858 1708 1901 vero
1734 1860 1810 1901 ex
1837 1860 1904 1901 se
1930 1838 2017 1901 sit
2039 1837 2228 1920 plane
2249 1838 2449 1902 libera
2474 1841 2788 1923 (potentia
2811 1840 2945 1903 scil.
2972 1863 3111 1923 pro·

207 1928 450 2011 pinqua)
494 1929 575 1993 ad
621 1929 782 1992 bene
830 1929 928 1993 vel
969 1928 1136 1991 male
1161 1928 1496 2012 agendum.
1537 1928 1716 2010 Resp.
1746 1928 2005 2010 Neyam.
2043 1926 2155 1993 Pr.
2182 1926 2229 1990 81
2253 1926 2381 2012 Aff.
2412 1929 2575 1991 Post.
2610 1934 3113 1994 Remonslrames

203 2017 268 2079 in
287 2018 597 2083 collatione
621 2018 958 2101 1109101131.-
982 2016 1117 2080 Nos
1149 2020 1406 2081 contra:
1442 2015 1681 2094 Primo,
1709 2016 1861 2099 quia
1886 2016 2175 2079 voluntas
2216 2018 2460 2079 exserte
2486 2017 2715 2081 dicitur
2745 2021 3045 2100 corrupta
3064 2020 3110 2084 81

202 2127 608 2190 corrumpens»,
658 2111 914 2170 mortua
957 2106 1018 2168 in
1049 2104 1324 2189 peccatis
1352 2105 1573 2187 Eplzes.
1603 2106 1662 2168 2.
1689 2127 1832 2168 cum
1860 2104 1920 2168 4.
1948 2106 2053 2167 22.
2085 2104 2183 2168 18.
2213 2105 2476 2169 Roman.
2506 2107 2563 2169 8.
2594 2106 2655 2169 6.
2689 2112 2787 2170 est
2817 2104 3103 2171 malitiae

201 2195 367 2276 quasi
409 2194 634 2259 habitu
658 2195 1024 2271 informata,
1049 2216 1175 2277 quo
1206 2195 1281 2257 fit
1306 2198 1376 2257 ut
1407 2193 1746 2258 inclinetur
1777 2194 1857 2257 ad
1881 2193 2047 2257 male
2072 2193 2408 2277 agendum,
2450 2216 2561 2257 nec
2588 2194 2935 2279 quidquam
2962 2217 3108 2277 pos-

201 2283 276 2346 sit
317 2284 494 2359 110110.Ι
552 2288 665 2347 aut
711 2284 868 2347 velit
893 2306 1074 2367 posse
1101 2284 1258 2347 bene
1285 2304 1476 2367 agere
1498 2283 1723 2347 Jercm.
1757 2284 1860 2347 13.
1888 2284 2013 2345 24.·
2047 2283 2258 2347 Genea.
2289 2282 2349 2345 6.
2375 2282 2421 2345 81
2449 2284 2507 2347 8.
2538 2282 2831 2349 Proverb.
2871 2284 2971 2347 17.
3002 2284 3106 2350 20.

201 2370 456 2437 lohann.
485 2374 546 2438 5.
575 2374 680 2438 40.
707 2372 754 2435 81
779 2373 836 2435 8.
873 2374 978 2437 34.
1028 2371 1196 2437 Η1110
1223 2372 1362 2458 lege
1387 2371 1630 2456 peccati
1655 2371 1835 2455 quasi
1878 2370 2335 2456 constringitur
2376 2372 2552 2437 Rom.
2585 2372 2639 2435 7.
2670 2374 2776 2437 21.
2804 2372 2909 2435 23.
2934 2372 2980 2438 81
3004 2394 3111 2438 cor

199 2460 411 2525 dicitur
457 2463 779 2546 lapideum
804 2463 978 2526 Ezec.
1015 2462 1120 2528 36.
1147 2462 1385 2525 1110111111
1421 2462 1600 2528 Hebr.
1638 2463 1696 2524 3.
1730 2462 1832 2525 12.
1858 2482 2225 2544 perversum
2246 2461 2465 2525 Jcrem.
2498 2461 2601 2526 17.
2626 2461 2839 2526 cervix
2863 2463 2908 2528 &
2932 2461 3107 2526 frons

199 2547 387 2614 ferrea
431 2551 478 2616 St
523 2551 834 2634 chalybea
882 2550 1045 2616 Jesa.
1095 2551 1200 2614 48.
1253 2551 1311 2613 4.
1355 2551 1534 2636 [pag.
1565 2549 1728 2634 451]
1757 2549 2073 2624 δθσιιηάος
2103 2549 2393 2612 voluntas
2418 2549 2649 2613 dicitur
2674 2550 2932 2630 mutari,
2958 2573 3107 2615 0011-

199 2638 364 2715 verti,
389 2643 554 2702 nova
569 2639 720 2714 vita,
748 2641 794 2704 81
816 2640 997 2703 novis
1022 2638 1440 2721 qualitatibus
1466 2661 1575 2702 seu
1603 2637 1947 2702 virtutibus
1974 2637 2193 2700 donari
2213 2641 2405 2719 atque
2432 2637 2783 2702 informari.
2812 2639 3106 2705 Ezechiel.

198 2727 296 2790 36.
341 2728 440 2790 26.
479 2729 699 2792 Jerem.
751 2729 857 2792 31.
906 2729 1009 2791 33.
1044 2730 1090 2793 81
1117 2729 1219 2790 32.
1256 2727 1358 2790 39.
1387 2728 1492 2791 40.
1521 2729 1703 2792 Dent.
1731 2727 1833 2789 30.
1864 2728 1925 2792 6.
1962 2727 2181 2804 Tertio,
2208 2724 2525 2790 Voluntas
2550 2731 2647 2790 est
2675 2727 3035 2810 proximum
3063 2731 3108 2794 81

197 2813 446 2880 formale
495 2816 880 2899 principium
925 2817 1095 2901 quod
1117 2816 1438 2880 actionum
1463 2815 1910 2893 humanarum,
1946 2817 1992 2881 81
2020 2815 2285 2878 virtutes
2310 2835 2527 2878 omnes
2552 2837 2662 2880 seu
2686 2815 2947 2881 habitus
2970 2839 3109 2881 mo-

199 2904 349 2967 rales
385 2903 732 2988 theologici
775 2905 961 2987 juxta
1007 2905 1280 2988 primam
1329 2905 1376 2968 St
1423 2904 1760 2968 secundam
1807 2902 2116 2981 tabulam,
2158 2903 2597 2985 subjectantur
2648 2903 2714 2968 in
2745 2907 3105 2970 voluntate:

197 3013 336 3076 ergo
379 2993 478 3055 illi
527 2993 604 3057 de
627 3015 791 3056 novo
814 2993 1084 3057 increari
1107 2993 1154 3057 81
1177 2993 1459 3075 imprimi
1483 2993 1672 3056 debet
1695 3015 1809 3076 per
1840 2991 2390 3076 regenerationem
2414 2996 2487 3056 ut
2509 2993 2891 3078 principium
2918 2995 3108 3078 spiri-

197 3081 351 3146 tuale
397 3102 542 3167 quo,
591 3084 744 3167 (non
774 3082 985 3146 minus
1030 3103 1222 3166 quam
1269 3081 1622 3144 intellectui
1665 3103 1899 3144 novum
1949 3081 2163 3144 lumen
2190 3079 2589 3158 infunditur‚)
2613 3082 2886 3147 lohann.
2922 3085 2973 3147 1.
3006 3085 3108 3148 13.

195 3190 326 3232 011111
351 3171 573 3254 Ephe-3.
601 3171 663 3233 2.
691 3171 750 3234 8.
781 3169 971 3236 Hebr.
1002 3172 1062 3234 8.
1099 3172 1198 3234 10.
1227 3171 1286 3233 2.
1319 3172 1480 3234 Pelr.
1515 3171 1570 3232 1.
1591 3171 1650 3232 3.
1685 3170 1747 3232 4.
1778 3169 2044 3234 Zachar.
2074 3171 2175 3232 12.
2208 3170 2309 3232 10.
2336 3167 2383 3234 81
2410 3169 2668 3234 habitus
2693 3172 2849 3255 spei,
2874 3172 3109 3236 carita-

195 3257 289 3333 tis,
315 3259 788 3342 resipiscentiae
812 3259 912 3322 illi
937 3259 1168 3323 debent
1193 3257 1444 3323 infundi
1468 3259 1668 3323 Actor.
1699 3259 1758 3322 5.
1787 3260 1895 3323 31.
1923 3261 1968 3324 &
1999 3258 2101 3322 ll.
2154 3259 2254 3322 17.
2288 3257 2387 3321 18.
2416 3261 2489 3322 ut
2512 3281 2620 3322 cor
2644 3263 2681 3322 0
2704 3261 3105 3343 corruptione

195 3367 300 3410 sua
342 3369 634 3412 aversum
667 3347 920 3412 domino
968 3347 1330 3426 adhaereat,
1362 3349 1560 3412 Actor.
1613 3348 1716 3412 15.
1755 3348 1816 3410 9.
1843 3369 1986 3411 cum
2016 3348 2118 3410 11.
2147 3349 2250 3412 23.
2290 3345 2462 3412 Psal.
2490 3347 2595 3410 63.
2622 3348 2682 3412 9.
2710 3350 2755 3414 81
2780 3349 2884 3414 62.
2912 3349 2971 3412 9.
3004 3350 3104 3413 11.

196 3433 238 3498 81
269 3436 368 3500 73.
401 3438 508 3502 28.
536 3438 796 3519 ριιανιο,
826 3437 1120 3500 voluntas
1159 3441 1308 3500 ante
1353 3437 1602 3519 lapsum
1633 3435 1760 3499 fuit
1783 3436 2017 3499 donata
2040 3435 2333 3501 &induta
2358 3435 2489 3498 suis
2514 3435 2933 3517 qualitatibus
2957 3458 3105 3500 san-

195 3524 403 3589 ctitate
425 3526 564 3589 scil.
591 3531 634 3587 81
651 3524 907 3608 justitia
931 3525 1154 3608 Ephes.
1181 3524 1353 3588 4.24.
1399 3523 1577 3610 Ergo
1609 3523 1758 3588 illae
1783 3523 2128 3606 qualitates
2153 3545 2267 3608 per
2291 3524 2537 3606 lapsum
2562 3523 2945 3610 deperditae,
2984 3525 3104 3589 de-

197 3610 336 3678 bent
381 3615 596 3678 eadem
627 3635 743 3696 per
764 3613 1312 3698 regenerationem
1336 3614 1539 3677 denuo
1563 3613 1834 3676 restitui.
1874 3611 2103 3678 Coloe-5.
2136 3614 2194 3676 1.
2225 3613 2327 3676 10.
2352 3610 2467 3675 IV.
2503 3611 2718 3678 Probc.
2754 3611 2857 3676 An
2880 3614 3106 3678 volun-

195 3704 284 3764 tas
325 3705 457 3766 tam
503 3703 572 3766 in
619 3702 846 3785 prime,
896 3723 1088 3785 quam
1135 3701 1201 3764 in
1249 3702 1520 3766 secundo
1559 3701 1984 3765 conversionis
2011 3705 2329 3766 momento
2355 3703 2392 3763 a
2415 3699 2628 3786 gratia
2651 3702 3107 3767 determinetur

197 3787 568 3868 immediate,
617 3813 698 3854 an
748 3813 898 3854 vero
943 3789 1216 3854 mediate
1243 3812 1354 3873 per
1379 3789 1677 3854 ultimum
1696 3789 2007 3872 judicium
2031 3790 2393 3854 intellectus
2426 3789 2708 3871 practici.
2734 3791 2915 3875 Resp.
2940 3789 3104 3855 Vide

197 3877 262 3942 (10
305 3877 422 3943 1100
469 3879 840 3961 quaestione
885 3877 1291 3964 appendicem
1325 3878 1410 3942 ad
1431 3878 1638 3963 dispp.
1665 3879 1739 3943 de
1766 3879 2102 3944 Crealione.
2129 3877 2208 3943 V.
2248 3876 2456 3943 Probl.
2483 3875 2585 3940 An
2614 3877 2941 3943 affirmans
2968 3880 3101 3964 opi-

199 3965 291 4030 nio
335 3965 552 4032 faveat
583 3967 1078 4052 PelagianismO,
1125 3967 1172 4032 81
1215 3970 1409 4052 neget
1447 3966 1888 4031 necessitatem
1928 3971 2119 4052 atque
2142 3966 2490 4031 efficaciam
2515 3966 2764 4050 gratiae
2788 3967 2856 4031 in
2878 3968 3105 4033 volun-

195 4055 316 4120 tate
339 4061 369 4120 ⁶?
417 4055 602 4140 Resp.
647 4057 794 4140 Ney.
842 4055 992 4140 quia
1047 4055 1463 4120 nihilominus
1509 4055 1844 4122 defendere
1863 4061 2129 4140 possunt
2144 4055 2421 4141 gratiam
2446 4055 2807 4138 specialem,
2836 4077 3101 4140 eamque

197 4141 546 4224 efficaciter,
593 4145 1074 4228 pertendentem
1121 4145 1168 4210 81
1205 4144 1582 4223 vincentem,
1626 4164 1788 4227 quae
1814 4148 1853 4208 a
1875 4145 2113 4210 nullius
2138 4145 2295 4208 duro
2319 4143 2503 4208 corde
2528 4163 2805 4226 unquam
2840 4166 3103 4228 respua-

199 4233 306 4302 tur.
351 4237 467 4297 aut
509 4232 724 4317 respui
769 4232 990 4316 possit,
1029 4233 1097 4295 in
1121 4253 1306 4296 sensu
1333 4233 1706 4316 composito:
1736 4232 1982 4296 homini
2004 4237 2335 4317 praeterea
2356 4231 2425 4296 in
2448 4231 2653 4316 primo
2677 4234 3103 4299 conversionis

199 4325 500 4386 momento
545 4321 712 4386 nihil
759 4321 1050 4385 tribuunt
1103 4320 1447 4400 facultatis,
1504 4326 1615 4386 aut
1639 4321 2100 4404 cooperationis
2132 4323 2211 4387 ad
2236 4322 2437 4386 vitam
2460 4321 2893 4406 spiritualem:
2922 4326 2995 4387 ut
3018 4323 3107 4387 vi·

199 4405 324 4474 clere
369 4415 467 4474 est
511 4409 578 4474 in
617 4411 1041 4494 disputat-ione
1084 4411 1446 4475 Cameronis
1468 4431 1612 4474 cnm
1645 4411 1879 4488 Tilena,
1905 4413 2303 4498 &cosdemque
2324 4411 2609 4496 apoloqia
2643 4411 2944 4480 adversus
2968 4413 3103 4498 epi·

2884 4503 3107 4568 stolam
