3694 4871
645 305 742 368 28
1254 303 2992 372 D1sr.111.D1:Junnn·rJusT1oeuD21.

643 490 794 555 huic
824 493 1148 555 creaturae
1196 491 1344 553 dare
1391 494 1503 553 aut
1549 511 1674 554 non
1723 491 1893 554 dare.
1931 488 2447 555 Satisfactionem
2478 513 2591 574 pro
2616 494 2891 573 peccatO,
2918 491 2965 554 a
2988 487 3430 552 obedientiam
3460 488 3575 571 legi

645 579 921 643 debitam
963 579 1306 642 transferre
1347 577 1410 640 in
1451 577 1863 643 mediatorem
1896 601 2008 643 seu
2047 602 2414 663 sponsorem
2454 579 2635 642 nobis
2659 577 3104 654 substitutum,
3130 579 3175 642 δι
3206 576 3299 639 sic
3324 575 3417 638 ab
3454 577 3573 658 ejus

645 689 846 746 manu⁴
875 667 942 730 in
981 666 1358 731 solutionem
1384 688 1460 730 ea
1485 666 1799 750 accipere:
1825 667 2190 732 Praemium
2216 673 2511 732 aeternae
2536 667 2582 732 δι
2608 667 2899 730 coelestis
2924 664 3349 729 beatitudinis
3374 663 3575 728 homi-

645 755 832 819 nibus
863 754 931 818 in
962 755 1284 838 primaevo
1323 754 1574 818 foedere
1611 776 1962 838 proponere
2002 779 2076 820 ac
2108 757 2512 840 promittere:
2548 755 2873 820 Christum
2912 752 3303 836 specialibus
3329 752 3470 816 illis
3494 755 3575 815 tot

643 844 966 925 tantisque
1003 842 1408 921 cruciatibuS,
1441 863 1598 925 quos
1623 843 1820 908 refert
1844 844 2178 928 scriptura,
2204 845 2270 907 in
2295 845 2509 908 anima
2532 847 2577 909 δι
2601 865 2861 925 corpore
2894 864 3009 924 pro
3034 841 3216 905 nobis
3240 840 3574 923 subjicere.

645 930 766 995 His
807 931 962 995 adde
1003 931 1212 1015 legem
1246 930 1428 995 illam
1459 931 1875 1014 symbolicam
1913 932 1988 996 de
2013 933 2241 998 arbore
2264 933 2565 996 scientiae
2588 932 2739 996 boni
2767 933 2812 997 δι
2838 929 2990 994 mali
3021 929 3271 994 Adamo
3297 928 3369 992 in
3398 951 3573 1012 para·

645 1018 780 1083 diso
807 1019 1036 1095 latam3
1062 1023 1135 1082 ut
1157 1019 1202 1082 δι
1223 1023 1426 1084 totam
1450 1019 1660 1119 legem
1683 1021 2186 1097 ceremonialem,
2213 1042 2286 1085 ac
2308 1021 2624 1085 forensem
2648 1018 3033 1094 Mosaicam3
3060 1039 3375 1102 magnam
3402 1039 3575 1100 prae-

645 1111 820 1171 terea
857 1111 1106 1191 partem
1144 1107 1462 1191 decalogi.
1504 1107 1630 1169 ut
1613 1130 1678 1170 1n
1705 1109 1913 1192 prima
1934 1109 2157 1173 tabula
2181 1111 2437 1174 modum
2462 1109 2669 1172 cultus
2701 1107 2954 1172 institui
2980 1106 3331 1190 positivum
3362 1127 3463 1170 ex.
3486 1125 3571 1189 gr.

647 1217 760 1278 per
797 1200 1124 1260 externam
1163 1195 1342 1260 verbi
1373 1194 1925 1279 praedicationem,
1964 1199 2100 1263 &c.:
2147 1198 2215 1262 in
2254 1197 2546 1275 secunda,
2580 1198 2656 1261 de
2694 1196 3120 1280 monogamia.
3162 1195 3236 1258 de
3270 1195 3571 1279 gradibus

645 1283 1002 1367 prohibitis,
1044 1285 1120 1348 de
1160 1284 1582 1348 dominiorum
1622 1285 2155 1364 distinctionibuS‚
2196 1287 2273 1351 de
2300 1289 2614 1369 potestate
2638 1281 3087 1368 Magistratus,
3110 1284 3187 1346 de
3212 1282 3571 1356 homicidit),

647 1374 746 1437 Sto.
787 1371 884 1436 De
921 1372 1215 1436 omnibus
1251 1371 1421 1438 enim
1455 1371 1582 1434 illis
1623 1373 1746 1438 dici
1769 1374 2011 1457 nequit,
2037 1337 2245 1439 Deiun
2278 1376 2356 1439 ad
2382 1375 2650 1438 alteram
2674 1372 3192 1436 contradictionis
3218 1376 3475 1454 partem
3509 1393 3571 1432 ex

647 1463 912 1524 naturae
937 1483 1088 1524 suae
1113 1460 1487 1524 necessitate
1513 1460 1710 1526 fuisse
1734 1463 2085 1526 astrictum.
2114 1463 2211 1527 Ad
2236 1463 2579 1546 positivum
2603 1461 2765 1525 hoc
2738 1483 2844 1542 Jus
2862 1460 3289 1525 reducendum
3312 1463 3434 1536 est,
3454 1460 3572 1540 ejus

647 1549 940 1699 άίιέἰτῖἰιηι
957 1549 1397 1631 permissivum
1425 1551 1497 1610 ut
1523 1555 1766 1614 vocant.
1791 1549 1958 1626 Quid
1984 1551 2039 1614 si
2063 1552 2249 1614 aliter
2280 1550 2715 1614 distinctiones
2742 1549 2857 1612 has
2885 1549 3251 1632 digeramus
3288 1546 3571 1630 sequenti

651 1638 720 1699 ta
767 1657 798 1700 e
853 1641 938 1700 a?

1829 1800 1887 1862 l.
1935 1798 2306 1882 Improprie,
2347 1799 2427 1863 ad
2465 1801 2785 1862 creaturas
2824 1798 3249 1874 irrationales,
3290 1797 3467 1880 quod
3506 1795 3571 1857 ad

1937 1887 2417 1970 dependentiam
2450 1909 2631 1950 suam
2664 1885 2710 1950 δῦ
2757 1885 3216 1969 subjectionem
3256 1885 3341 1948 ad
3382 1885 3571 1948 Deum

1936 1977 2001 2040 in
2028 1997 2279 2060 genere.

1828 2067 1888 2128 2.
1937 2063 2220 2146 Proprie,
2267 2086 2379 2128 seu
2426 2065 2505 2127 ad
2528 2063 2697 2126 intra
2728 2065 2859 2126 ter·
2978 2068 3263 2138 οὗο-ιωδώς
3314 2068 3573 2126 ὑπο-τι-

1193 2190 1422 2255 Νᾶωΐ,
1449 2193 1506 2254 le
1563 2215 1592 2255 S
1635 2215 1674 2255 u
1938 2153 2245 2216 minatum
2273 2151 2338 2214 in
2364 2152 2503 2234 ipso
2526 2151 2685 2230 Deo,
2978 2157 3170 2216 ταῶς.

1153 2216 1574 2344 Πθςθὸεὓΐὶωῃ
1597 2215 1628 2256 e
1828 2243 1887 2303 3.
1918 2239 2483 2322 Propriissimeseu
2496 2239 2574 2302 ad
2768 2240 2825 2302 1.
2875 2238 3060 2303 Circa
3084 2238 3316 2316 Deum,
3344 2237 3571 2301 cultum

1938 2332 2117 2391 extra
2162 2328 2575 2391 terminatum
2718 2327 2853 2392 scil.
2881 2327 3247 2392 naturalem
3261 2327 3331 2389 in
3358 2344 3571 2409 genere

1936 2416 2001 2480 in
2044 2415 2349 2479 creaturis
2374 2416 2573 2479 ratio-
2719 2418 2765 2483 82
2796 2415 2863 2480 in
2886 2416 3117 2500 specie.

1937 2504 2221 2579 nalibus;
2248 2526 2473 2586 easque
2504 2526 2575 2567 o-
2810 2505 2870 2567 2.
2966 2504 3151 2569 Circa
3206 2503 3570 2587 proximum,

1935 2593 2187 2676 bligans
2220 2592 2301 2655 ad
2324 2592 2533 2656 officia
2720 2614 3003 2657 amorem
3036 2594 3175 2676 ejus
3198 2592 3333 2656 scil.
3362 2594 3465 2657 &c-

2811 2681 2871 2743 3.
2967 2679 3154 2745 Circa
3200 2680 3363 2744 alias
3418 2697 3570 2743 crea-

2642 2794 2646 2803 ·
2718 2772 2919 2832 turas.
2948 2768 3130 2853 [pag.
3161 2769 3319 2849 344]

2408 2854 2799 2941 lmproprie3
2826 2856 3259 2920 determinans
3284 2856 3423 2919 scil.
3444 2857 3573 2933 jura

2408 2946 2455 3009 δι
2496 2943 2671 3030 leges
2717 2948 2986 3009 naturae
3020 2945 3331 3029 cujusque
3373 2940 3569 3007 irrati-

654 2991 774 3143 *ἦξε
791 2988 1075 3055 dwinmn
1805 3034 2160 3099 Positivum
2176 3055 2289 3097 seu
2409 3030 2655 3097 onalis
2638 3055 2703 3097 m
2730 3032 2957 3117 specie.

655 3102 722 3143 es
1839 3120 2286 3187 determinati·-

1841 3232 1991 3275 vum
3090 3207 3273 3293 Erga
3360 3206 3573 3279 Deum,

2455 3296 2737 3379 Proprie,
2756 3296 2965 3360 deter-
3092 3298 3341 3361 cultum
3374 3319 3460 3360 sc.
3488 3294 3571 3357 in-

2407 3384 2657 3449 minans
2733 3384 2945 3448 officia
3092 3385 3413 3449 stitutum.

2407 3476 2671 3537 naturae
2747 3472 2944 3535 ratio-

1239 3601 1542 3666 Libemm
1571 3621 1682 3664 seu
2408 3559 2572 3624 nalis
2620 3582 2819 3643 eaque
2843 3560 2945 3623 lu·
3182 3560 3361 3647 Erga
3390 3582 3535 3644 pro-

1193 3688 1563 3754 rbitrarium
2408 3650 2580 3712 mine
2611 3653 2878 3712 naturae
2901 3650 2948 3715 St
3092 3648 3363 3729 ximum,

1154 3713 1192 3753 a
2410 3736 2761 3820 scripturae
2836 3758 2945 3800 ex·
3092 3738 3507 3821 particulares

1831 3824 2314 3899 Permissivum3
2410 3824 2711 3907 primens,
3094 3825 3339 3890 scilicet
3414 3826 3573 3888 actus

1786 3912 2379 3978 determinationem
3094 3913 3381 3977 caritatis
3392 3930 3570 3995 ex.gr·

1831 4002 1965 4067 scil.
2008 3999 2315 4065 creaturis
2415 3999 2582 4064 circa
2604 4000 2963 4083 proximum
3102 4002 3569 4085 eleemosynam.

1831 4089 2251 4155 rationalibus

1831 4177 2209 4261 permittens
2248 4175 2315 4238 in
2415 4175 2581 4240 circa
2603 4176 2761 4241 alias
2774 4198 2950 4241 crea·
3094 4176 3275 4262 Erga
3284 4178 3439 4242 alias
3453 4194 3570 4239 cre-

1831 4265 2059 4331 officiis
2414 4266 2612 4330 turas.
3094 4267 3341 4331 aturas.

3345 4444 3567 4512 Distin-
