3694 4871
346 330 566 396 D1sr.
618 329 795 396 VHI.
844 329 955 395 Da
1003 328 1365 394 Pansona
1412 326 1749 393 Onatsrt
1796 326 2324 393 Mnnmroms.
2378 328 2587 392 PAas
2638 326 2819 392 ΙΙΙ..
2887 330 3016 393 243

97 513 387 595 adfertur,
438 516 607 581 idem
654 520 873 582 contra
922 514 1437 594 exinanitionem,
1492 514 2004 578 humiliationem
2051 515 2098 579 δι
2128 512 2562 579 minoritatem
2585 512 2704 577 filii
2735 535 2862 598 qua
2883 536 3014 578 me-

95 604 343 669 diatoris
388 609 531 670 tum
577 606 643 668 in
690 603 1143 682 incarnatione,
1189 607 1327 667 tum
1366 607 1511 687 post
1568 602 2072 667 incarnationem
2127 602 2365 667 adferri
2417 606 2649 687 posset.
2704 602 2801 666 Ad
2847 603 3014 687 quod

92 694 281 756 nostri
330 692 719 759 Lutheranis
751 694 1021 777 aliisque
1052 693 1211 756 haec
1233 692 1444 755 minus
1470 691 1731 755 candide
1760 691 2219 775 accipientibus
2261 690 2510 755 abunde
2533 691 3012 775 responderunt.

92 778 361 847 Tantum
414 782 706 857 velimus,
741 787 813 846 ut
850 781 1144 865 sepositis
1191 780 1618 864 praejudiciiS,
1667 780 1745 843 ad
1764 784 2144 865 argumenta
2169 781 2479 859 Stancari,
2505 780 2877 863 praesertim
2910 800 3016 845 or-

91 870 225 934 dine
276 871 380 936 15.
432 872 479 937 &
520 872 627 933 33.
652 870 981 955 perspicue
1006 892 1078 933 ac
1102 869 1301 933 solide
1332 868 1804 952 respondeatur.
1834 868 2020 933 Certe
2047 868 2408 953 Wigandus
2431 869 2498 932 in
2532 868 2768 951 scripto
2798 872 3018 932 contra

92 955 463 1023 Stancarum
510 959 590 1023 ad
638 980 774 1043 arg.
802 961 908 1023 33.
934 959 1193 1022 ductum
1225 958 1306 1021 ab
1333 957 1606 1021 absurdo
1637 957 2068 1040 consequenti,
2095 958 2262 1041 quod
2288 957 2422 1021 scil.
2452 956 2666 1020 divina
2695 960 2925 1020 natura
2949 957 3016 1021 in

92 1047 373 1111 servilem
416 1047 843 1112 conditionem
884 1047 1303 1129 conjiceretur
1325 1046 1370 1111 s
1396 1048 1429 1109 ὲ
1456 1046 1689 1109 throno
1712 1045 2066 1129 majestatis
2095 1045 2490 1128 dejiceretur,
2519 1045 2860 1128 respondet
2883 1047 3014 1111 Deo

93 1134 203 1219 ipsi
220 1137 313 1201 sie
330 1137 548 1202 visum
564 1136 708 1221 suit,
734 1148 803 1201 ut
828 1136 1191 1221 unigenitus
1214 1146 1401 1219 atque
1423 1146 1713 1199 aeter-nus
1740 1134 1858 1198 Dei
1875 1134 2067 1221 filine,
2088 1134 2387 1209 ὲμοοὸσισς
2407 1133 2608 1211 Patri,
2673 1145 2795 1198 eret
2811 1133 3016 1212 homo,

90 1226 238 1288 servi
280 1226 569 1309 sormam
615 1224 929 1309 acciperet.
954 1223 1017 1290 ἃ·
1039 1224 1253 1289 omnia
1286 1223 1641 1288 Mediatoris
1676 1223 1908 1309 officia,
1930 1243 2050 1307 pro
2070 1221 2562 1287 reconciliatione
2675 1223 3018 1289 salvatione

86 1315 317 1395 qeneris
343 1314 625 1378 humani
662 1312 895 1379 subiret
910 1324 1096 1398 atque
1106 1314 1437 1400 perficeret.
1464 1311 1620 1390 Quis
1638 1312 1834 1395 iyitur
1851 1332 1912 1377 es
1933 1323 2002 1375 tu
2021 1311 2260 1375 misella
2269 1321 2576 1388 creatura,
2596 1330 2754 1396 quae
2769 1311 2882 1375 hoc
2898 1311 3018 1377 Dei

88 1402 419 1467 consilium
464 1400 528 1467 ἃ·
578 1403 813 1487 sactum
849 1400 1207 1485 improbes?
1254 1402 1410 1480 Imo,
1460 1420 1619 1485 quac
1666 1412 1719 1465 te
1742 1400 2136 1483 intemperies
2165 1400 2376 1483 ayitat,
2401 1410 2472 1464 ut
2503 1419 2621 1483 pro
2643 1419 2873 1477 errore,
2903 1398 3018 1465 hoc

89 1492 355 1555 salutare
377 1492 613 1575 doyma
635 1491 923 1577 eaeaqitcS,
948 1502 1131 1574 atquc
1155 1490 1448 1576 diffames
1466 1490 1497 1552 ?
1526 1491 1654 1554 Gar
1679 1500 1808 1553 tam
1839 1509 1904 1553 es
1929 1488 2179 1566 lividus,
2196 1500 2266 1553 ut
2287 1487 2462 1552 ltunc
2487 1490 2726 1573 (mitem
2747 1488 2910 1551 vitae
2938 1508 3012 1553 ac

91 1577 481 1645 beatitudinis
529 1591 831 1655 aeternae,
880 1578 1261 1656 hominibus,
1300 1578 1561 1663 peccatis
1586 1589 1714 1643 tam
1740 1578 1964 1643 misere
1982 1576 2264 1661 perditis,
2289 1576 2589 1651 invideaS,
2623 1574 2685 1640 ἃ·
2705 1576 3018 1641 obstruere

92 1666 261 1750 [pag.
289 1666 460 1753 337]
511 1668 782 1745 „nicaris
801 1668 834 1731 ?
879 1668 929 1732 A
959 1687 1235 1753 quonam
1270 1668 1501 1750 spiritu
1528 1668 1643 1731 ista
1672 1665 2258 1750 circumferuntur?
2289 1665 2456 1729 Certe
2477 1684 2609 1729 non
2631 1664 2880 1743 Christi,
2905 1666 3016 1751 qui

100 1756 237 1842 ,filii
278 1757 406 1821 Dei
460 1756 849 1841 stupendum
894 1756 1257 1842 beneficium
1287 1755 1403 1819 hac
1432 1757 1502 1819 in
1528 1767 1707 1839 parte
1734 1755 2072 1839 praedicat,
2099 1754 2207 1819 sed
2229 1753 2599 1832 antichristi,
2625 1754 2693 1817 id
2716 1753 2884 1839 quod
2915 1775 3015 1819 res

101 1844 261 1928 ,ipsa
284 1847 509 1929 palam
532 1845 764 1929 arquit.
796 1844 977 1927 Quod
1002 1856 1211 1909 autem
1238 1844 1412 1909 Deus
1434 1845 1544 1930 fiat
1568 1864 1806 1921 servus,
1824 1855 1896 1908 ut
1927 1863 2132 1907 servos
2158 1842 2461 1920 homines,
2500 1844 2540 1905 ὰ
2563 1844 2854 1907 servitute
2871 1863 3014 1927 pec-

102 1933 241 2007 ,cati
268 1932 333 1997 a
362 1934 590 1999 mortis
616 1933 840 2011 liberet,
864 1933 1023 1997 audi
1045 1953 1249 1997 vocem
1274 1933 1473 2015 ipsius
1498 1932 1636 1997 Dei.
1666 1934 1825 1997 lesa.
1853 1931 1958 1995 43.
2001 1929 2250 1995 Servire
2277 1953 2378 1994 me
2403 1930 2613 1994 fecisti
2645 1931 2712 1993 in
2735 1932 3012 2015 peccatis

104 2021 274 2101 ‚tuis‚
324 2021 687 2105 praebuisti
734 2020 895 2084 mihi
942 2020 1225 2085 laborem
1270 2021 1338 2083 in
1384 2020 1831 2104 iniquitatibus
1873 2020 2020 2083 tuis.
2068 2018 2210 2104 Ego
2235 2040 2397 2096 sum,
2423 2018 2555 2082 Eoo
2573 2040 2690 2081 surr
2713 2017 2870 2098 lpse,
2902 2020 3012 2104 qui

103 2109 303 2184 ,deleo
349 2110 729 2194 iniquitates
776 2113 919 2173 tuas
966 2113 1226 2192 propter
1266 2131 1388 2187 me,
1420 2115 1465 2170 a
1489 2112 1889 2192 peccatorum
1923 2112 2178 2172 tuorum
2203 2128 2330 2171 non
2355 2106 2748 2171 recordabor.
2797 2108 3014 2173 Audi?

104 2194 297 2273 ,Deus
324 2200 463 2282 ipse
484 2201 657 2264 clara
678 2218 817 2263 voce
844 2198 952 2277 ait,
978 2218 1041 2262 se
1062 2198 1132 2261 in
1154 2198 1409 2282 peccatis
1433 2197 1765 2263 hominum-
1786 2198 2041 2275 servire,
2083 2194 2145 2261 a
2176 2196 2461 2261 laborare
2482 2195 2552 2258 in
2577 2196 2860 2279 ipsorum
2885 2197 3012 2261 ini-

104 2288 486 2371 ,quitatibua
516 2288 595 2351 In
622 2288 725 2349 53.
762 2298 970 2352 autem
1002 2288 1197 2371 capite
1219 2288 1559 2353 luculenter
1580 2287 1921 2371 exponitur
1944 2306 2014 2351 ea
2039 2285 2342 2351 servitus:
2367 2282 2532 2366 Ipse,
2566 2284 2771 2370 inquit
2795 2284 3013 2351 scilicet

106 2374 359 2450 ,Sssvcs
408 2396 606 2454 mem,
660 2374 1047 2440 Vulneratus
1085 2379 1181 2440 est
1211 2379 1471 2460 propter
1495 2374 1868 2460 iniquitates
1892 2377 2158 2454 nostras,
2186 2372 2444 2438 attritus
2471 2376 2567 2438 est
2591 2376 2852 2457 propter
2875 2394 3011 2439 sce-

106 2464 259 2536 ‚lera
303 2469 550 2543 nostra,
584 2465 923 2548 castigatio
968 2464 1143 2548 pacis
1189 2467 1443 2528 nostrae
1498 2487 1687 2547 super
1727 2486 1894 2542 eum,
1942 2465 1987 2529 a
2028 2463 2222 2527 livore
2257 2463 2390 2545 ejus
2415 2461 2624 2525 sanati
2649 2483 2888 2526 sumus·
2937 2465 3013 2529 Et

107 2555 376 2626 ‚electttm
418 2553 539 2620 Dei
575 2573 863 2638 organon
902 2553 1109 2638 inquit
1158 2552 1432 2636 Philipp.
1484 2555 1543 2616 2.
1572 2551 1693 2626 Qui
1719 2575 1864 2616 cum
1887 2545 2184 2616 in'forma
2209 2549 2330 2614 Dei
2355 2553 2542 2630 esset,
2568 2572 2691 2614 non
2719 2551 3010 2634 rapinam

104 2642 481 2716 ,arbitratus
528 2645 647 2720 est,
694 2645 766 2705 ut
812 2647 981 2706 esset
1024 2641 1308 2724 aequalis
1350 2639 1505 2720 De0,
1547 2641 1657 2706 sed
1682 2640 2094 2724 semetipsum
2121 2637 2493 2716 exinanivit,
2519 2639 2792 2702 formam
2823 2636 3009 2705 Sasu

106 2731 469 2814 ,accipiens
517 2729 638 2797 Hic
661 2731 827 2795 docet
857 2730 1185 2814 Apostolus
1204 2730 1555 2814 perspicuis
1580 2729 1799 2808 verbis‘,
1840 2730 2053 2813 ipsum
2099 2731 2326 2800 Deum,
2357 2729 2522 2792 sewi
2543 2729 2821 2812 sormam
2842 2748 3010 2794 acce-

96 2819 263 2900 pisse.
310 2817 497 2896 Quod
520 2819 601 2883 ad
632 2819 1066 2902 exceptionem
1090 2818 1291 2898 illam,
1333 2840 1457 2900 qua
1481 2818 1937 2902 praetenditur,
1966 2816 2292 2880 Christum
2317 2816 2572 2880 demum
2596 2820 2742 2899 post
2764 2837 3010 2881 assum-

98 2911 261 2988 ptam
306 2929 565 2973 carnem
612 2912 919 2990 tanquam
973 2907 1385 2971 mediatorem
1429 2928 1575 2970 cum
1614 2907 2003 2984 subiectione
2048 2926 2240 2990 agere
2291 2904 2591 2988 coepisse,
2617 2908 2764 2968 ante
2791 2909 3006 2970 autem

100 3015 213 3058 non
236 2997 447 3082 egisse
478 2996 893 3060 mediatorem
916 3017 1061 3060 cum
1085 2994 1471 3079 subjectione
1488 2995 1596 3058 sed
1618 2998 1875 3059 tantum
1907 3016 2048 3059 cum
2075 2993 2594 3059 subordinatione
2619 2993 3007 3058 voluntaria:

100 3082 157 3146 id
198 3089 269 3148 ut
313 3083 523 3171 gratis
570 3087 614 3150 ἃ
665 3084 802 3148 sine
849 3083 1221 3167 probatione
1269 3083 1576 3162 adfertur,
1616 3084 1709 3147 ita
1748 3085 1793 3148 &
1839 3082 2336 3167 aenigmaticum
2391 3081 2552 3146 mihi
2583 3081 2852 3146 videtur.
2901 3083 3006 3146 An

100 3192 213 3234 non
234 3173 547 3260 subjectio
576 3177 650 3237 ut
673 3172 764 3236 sic
794 3171 1200 3256 synonymice
1229 3176 1325 3236 est
1350 3171 1787 3236 subordinatio
1810 3173 1857 3237 δι
1886 3171 2018 3235 vice
2045 3175 2222 3235 versa
2239 3174 2269 3234 Ρ
2292 3173 2403 3234 aut
2429 3170 2658 3234 saltem
2677 3192 2804 3233 una
2821 3171 3010 3234 alteri

103 3257 442 3339 ἀχωρίστυς
471 3263 805 3344 conjuncta
824 3269 854 3322 Ρ
908 3259 1207 3343 Quisquis
1256 3260 1427 3324 enim
1474 3260 1661 3324 alteri
1706 3259 2172 3336 subordinatur,
2229 3259 2414 3323 alteri
2439 3258 2632 3322 etiam
2657 3257 3008 3342 subjicitur.

102 3349 289 3433 Atqui
334 3350 507 3414 filius
549 3353 696 3414 ante
722 3349 1221 3413 incarnationem
1245 3353 1548 3431 tanquam
1575 3349 1885 3413 mediator
1910 3347 2045 3430 egit
2069 3369 2211 3412 cum
2244 3347 2653 3430 subjectione,
2687 3348 2733 3411 St
2763 3347 3007 3431 specia-

102 3435 235 3502 liter
277 3438 641 3503 intercessit
676 3459 791 3522 pro
815 3437 1130 3513 fidelibus,
1156 3437 1505 3519 iisdemque
1530 3437 1996 3520 impetrandam
2021 3459 2132 3500 seu
2156 3435 2366 3519 potius
2391 3435 2799 3518 impetratam
2825 3435 2872 3498 ἃ
2897 3435 3006 3500 de-

104 3522 289 3590 bitam
337 3529 459 3592 sub
506 3527 797 3590 cautione
823 3525 1095 3590 salutem
1121 3525 1449 3608 applicuit,
1479 3525 1537 3589 vi
1571 3525 1929 3609 implendae
1955 3525 2294 3607 aliquando
2317 3529 2600 3606 tempore
2624 3522 2882 3588 definito
2904 3545 3008 3587 sa-

103 3613 491 3680 tisfactionis·
542 3617 789 3698 Except.
838 3614 1019 3690 Quod
1072 3613 1127 3678 si
1172 3613 1315 3696 quis
1362 3617 1647 3698 regerat:
1702 3614 1882 3698 atqui
1938 3635 2064 3677 non
2109 3612 2234 3676 fuit
2257 3616 2394 3676 tum
2417 3633 2655 3689 servuS,
2679 3631 2795 3674 nec
2817 3633 3010 3677 causa

106 3703 381 3768 ministra
406 3726 519 3768 seu
542 3701 1070 3768 instrumentalis.
1102 3703 1280 3786 Resp.
1317 3704 1374 3766 1.
1424 3702 1796 3786 Quicunque
1821 3701 2080 3766 termini
2109 3701 2217 3766 hic
2239 3703 2625 3782 usurpentur
2649 3699 2751 3783 (de
2777 3701 3007 3782 quibus

108 3791 387 3857 nolumus
412 3813 583 3856 nunc
606 3791 906 3855 minutim
932 3790 1284 3873 disputare)
1319 3790 1557 3854 sufficit
1587 3791 1757 3873 quod
1782 3789 2101 3872 utrimque
2129 3809 2490 3853 concessum
2517 3785 2621 3867 sit,
2635 3785 2832 3851 fuisse
2858 3788 3002 3851 sub-

107 3880 555 3946 ordinationem
630 3879 1114 3956 oeconomicam,
1186 3879 1623 3962 respectivarn,
1673 3878 2118 3956 voluntariam,
2173 3877 2236 3941 in
2285 3881 2568 3958 tempore
2622 3874 3006 3953 inchoatam,

110 3970 383 4048 quamuis
432 3969 513 4033 ab
544 3972 803 4033 aeterno
834 3968 1171 4046 decretam,
1206 3969 1251 4033 St
1276 3967 1749 4051 contingentem
1774 3989 1888 4050 per
1911 3967 2258 4050 gratiosam
2290 3981 2452 4036 συγκ
2463 3959 2760 4035 κτὰβασιυ
2783 3964 2865 4027 ab
2897 3987 3004 4028 ae-

110 4057 273 4122 terna
318 4057 441 4122 Dei
488 4057 783 4134 essentia,
832 4058 878 4121 ὅτ
923 4056 1223 4134 naturali,
1249 4055 1620 4134 necessariO,
1648 4055 1940 4119 absoluto
1964 4055 2181 4118 ordine
2206 4072 2618 4137 personarum
2651 4051 3005 4117 divinarum

111 4141 167 4206 in
194 4149 409 4211 eadem
448 4149 725 4210 essentia
756 4144 1142 4223 distinctam,
1190 4143 1283 4207 ita
1312 4146 1387 4207 ut
1418 4143 1582 4207 ratio
1620 4143 1909 4207 formalis
1935 4143 2122 4206 unius
2145 4164 2269 4205 non
2295 4141 2382 4205 sit
2406 4139 2570 4204 ratio
2595 4139 2883 4205 formalis
2909 4142 3003 4205 al-

112 4232 309 4299 terius.
360 4236 541 4318 Resp.
600 4236 660 4299 2.
686 4233 923 4298 Filium
948 4230 1072 4296 Dei
1098 4232 1292 4295 etiarn
1318 4235 1465 4296 ante
1498 4231 1996 4296 incarnationem
2031 4230 2225 4294 fuisse
2251 4229 2662 4294 mediatorem
2693 4229 2738 4294 &
2755 4232 2882 4312 qua
2909 4235 3005 4294 ta·

112 4315 221 4386 lem
265 4324 387 4387 dici
436 4344 685 4386 servum
734 4324 982 4387 constat
1016 4343 1092 4384 ex
1116 4321 1275 4386 lesa.
1302 4321 1406 4382 42.
1440 4320 1703 4385 Zachar.
1738 4323 1799 4384 6.
1826 4319 1970 4384 coll.
1995 4341 2140 4382 cum
2163 4321 2320 4384 lesa.
2349 4318 2454 4381 63.
2503 4315 2686 4382 Unde
2711 4317 2916 4382 infero
2942 4320 3006 4382 in

114 4407 337 4492 objecto
377 4411 695 4475 adorando
734 4410 1013 4474 rationes
1043 4407 1189 4472 illas
1212 4408 1514 4474 formales
1547 4431 1673 4473 non
1698 4408 1927 4474 debere
1943 4407 2265 4485 confundi,
2291 4428 2408 4472 nec
2430 4427 2622 4471 unam
2647 4406 2834 4470 alteri
2853 4409 3008 4472 ‘sub-

2829 4493 3013 4561 stitui
