3694 4871
747 315 2465 380 D1s12.111.DannnmJnsa-mmnnr.
3006 317 3090 381 57

116 505 334 586 jurat.
383 501 488 566 Sic
510 501 684 567 Deus
711 526 966 568 movens
995 507 1032 568 ὲ.
1056 505 1439 586 quiescente,
1467 504 1779 588 evigilans
1813 506 1853 567 a
1878 503 2227 568 dormiente
2255 503 2673 582 distinguitur
2695 527 2709 580 3
2735 503 3091 568 misericors

126 597 172 655 a
197 593 385 674 justo
429 591 736 656 miserans
783 592 830 657 81
877 614 1138 674 parcens
1185 595 1222 656 Ξι
1268 593 1569 675 puniente
1616 595 1661 659 81
1709 591 2061 677 affligente,
2082 592 2277 675 judex
2302 593 2382 656 ab
2408 592 2697 656 absoluto
2723 595 2771 658 ἃ
2796 615 3090 676 supremo

127 680 424 745 domiuo.
484 679 586 744 Ne
643 681 796 763 quid
851 681 1056 744 dicam
1113 682 1188 746 de
1237 681 1576 764 phrasibus
1621 682 1770 758 illis,
1821 681 2053 764 quibus
2100 678 2275 744 Deus
2322 681 2551 746 dicitur
2598 703 2733 746 esse
2774 685 2813 744 a
2864 682 3092 766 seipsn,

125 769 398 853 operari
421 791 534 833 seu
565 770 904 852 producere
936 770 1172 852 aliquid
1202 773 1238 834 e.
1269 770 1494 854 seipSO,
1523 773 1568 836 8z
1593 772 1756 854 quod
1783 771 1955 835 filius
1980 770 2065 834 sit
2086 768 2260 833 Deus
2286 771 2363 834 de
2386 770 2543 848 Dec,
2570 770 2783 834 lumen
2806 771 2883 833 de
2900 770 3092 834 lumi-

131 881 244 922 ne.
287 857 372 922 H.
405 857 594 921 Falso
625 859 1155 942 praesupponitur
1201 861 1246 924 &
1271 860 1563 938 sumitur,
1589 859 2026 942 quaestionem
2052 859 2159 923 hic
2188 881 2315 922 non
2340 881 2497 936 esse,
2536 881 2617 922 an
2640 857 2815 922 Deus
2839 858 3092 943 regule-

129 951 274 1024 tur,
325 951 745 1025 mensuretur,
794 952 906 1011 aut
949 949 1408 1012 determinetur
1452 949 1532 1012 ab
1581 949 1796 1030 aliquo
1829 948 2201 1012 extrinseco·
2230 946 2395 1023 Quia
2418 948 2671 1030 utrique
2694 947 2815 1011 hoc
2840 949 3095 1012 strenue

130 1057 481 1120 negamus.
509 1035 687 1110 Quod
703 1036 758 1099 si
783 1036 1216 1119 quaestionem
1243 1037 1404 1100 mihi
1430 1041 1759 1120 proponat,
1787 1037 2174 1118 respondebo
2196 1038 2521 1121 negando:
2550 1037 2595 1100 &
2612 1037 2677 1100 in
2698 1038 2905 1121 priori
2916 1048 3098 1121 parte

131 1125 316 1208 disp.
349 1125 504 1188 satis
549 1123 876 1208 perspicue
923 1125 1238 1208 respondi.
1271 1124 1367 1190 Ac
1393 1130 1726 1209 propterea
1749 1147 1875 1190 non
1900 1125 2138 1190 frustra
2162 1125 2477 1209 respondi,
2504 1124 2641 1200 Quo
2664 1126 2745 1188 ad
2774 1129 3097 1190 momenta

135 1217 187 1280 81
224 1213 420 1297 signa
451 1213 714 1278 rationis
740 1236 922 1296 posse
948 1214 1199 1277 admitti
1222 1213 1288 1277 in
1312 1214 1450 1279 Deo
1479 1216 1780 1298 regulans
1796 1214 1865 1278 in
1890 1215 2273 1299 regulatum.
2302 1211 2421 1278 III.
2448 1212 2572 1278 Sed
2596 1218 2783 1299 urget
2806 1236 3097 1282 necessa-

135 1302 244 1366 rio
281 1301 363 1366 ad
409 1303 828 1366 extrinsecum
857 1303 1111 1385 aliquod
1137 1304 1436 1386 regulans
1462 1303 1926 1368 admittendum
1957 1326 2071 1368 nos
2097 1303 2411 1386 compelli,
2436 1302 2587 1386 quia
2612 1303 2745 1386 ipse
2770 1305 2963 1388 neget
2986 1325 3097 1367 ex-

135 1391 502 1454 trinsecum
539 1391 700 1454 illud
737 1391 804 1454 in
850 1392 1155 1456 creaturis
1179 1395 1292 1455 aut
1313 1393 1480 1456 circa
1503 1396 1842 1471 creaturas,
1870 1393 2143 1476 pendere
2169 1395 2207 1455 e.
2228 1395 2457 1456 natura
2481 1391 2625 1468 Dei,
2652 1392 2933 1474 adeoque
2960 1414 3097 1456 esse

137 1478 532 1563 petitionem
563 1479 876 1563 principii,
911 1501 1051 1544 cum
1089 1503 1200 1544 nos
1245 1479 1366 1546 hoc
1405 1481 1818 1545 affirmamus·
1851 1484 2026 1565 Hesp.
2052 1480 2295 1544 Eodem
2318 1480 2527 1545 halitu
2550 1480 2765 1544 omnia
2788 1481 3099 1544 attributa

140 1568 396 1646 divina,
444 1590 606 1650 quae
629 1572 982 1653 respectum
1007 1569 1225 1633 dicunt
1249 1571 1329 1633 ad
1359 1574 1678 1634 creaturas
1705 1571 1999 1655 neganda
2022 1573 2264 1643 essent;
2291 1573 2552 1652 totaque
2582 1569 2869 1633 doctrina
2890 1569 3098 1652 philo-

141 1656 420 1740 sophica
451 1657 498 1720 8z
526 1657 886 1741 theologica
915 1659 992 1722 de
1039 1657 1470 1741 implicatione
1515 1659 2050 1736 contradictioniS,
2083 1659 2283 1741 deque
2328 1657 2704 1742 simpliciter
2732 1658 2779 1722 81
2811 1658 3099 1722 absolute

143 1744 536 1828 impossibili
587 1747 1008 1811 subvertenda
1045 1750 1228 1810 esset.
1255 1747 1424 1812 Fons
1449 1747 1678 1813 erroris
1705 1753 1819 1817 est,
1840 1749 2007 1830 quod
2033 1770 2195 1830 quae
2219 1748 2301 1811 ab
2323 1747 2495 1811 intra
2526 1751 2693 1825 sunt,
2720 1747 3009 1830 quamvis
3034 1747 3099 1810 in

145 1835 380 1900 ordine
429 1834 476 1898 81
522 1857 664 1898 011111
686 1839 975 1918 respectu
1000 1835 1213 1918 aliquo
1239 1838 1318 1900 ad
1345 1842 1543 1914 extra,
1569 1837 1961 1920 quaequeab
1986 1837 2125 1919 ipsa
2154 1839 2383 1900 natura
2406 1841 2597 1918 atque
2622 1835 2947 1900 attributis
2978 1835 3099 1900 Dei

148 1923 519 2006 dependent
547 1923 830 2006 proxime
847 1924 1434 2007 atqueimmediate‚
1464 1947 1588 2009 quo
1611 1925 1822 1990 minus
1846 1949 1923 1990 ea
1949 1927 2135 1990 aliter
2159 1947 2347 2008 quam
2374 1923 2464 1989 sic
2488 1924 2737 2008 operari
2759 1928 2871 1988 aut
2892 1924 3101 1988 facere

157 2013 366 2096 possit
393 2035 409 2087 3
434 2016 741 2094 putantur
763 2035 900 2076 esse
925 2013 1006 2076 ab
1029 2017 1229 2089 extra,
1256 2019 1446 2096 atque
1473 2015 1616 2078 inde
1641 2014 1927 2098 proxime
1952 2019 2143 2099 atque
2168 2013 2533 2077 immediate
2558 2013 2926 2096 dependere:
2952 2013 3103 2095 quia

157 2101 304 2166 scil.
339 2101 558 2164 dicunt
581 2123 692 2165 seu
715 2101 1048 2166 involvunt
1063 2107 1418 2186 respectum
1437 2104 1516 2168 ad
1535 2106 1714 2168 extra
1731 2108 1923 2187 atque
1938 2104 2085 2166 inde
2102 2102 2677 2167 denominationem
2694 2101 2973 2186 aliquam
2992 2124 3101 2165 ex-

155 2189 508 2253 trinsecam
556 2190 886 2273 recipiunt.
933 2189 1196 2269 Deinde,
1248 2192 1414 2274 quod
1461 2215 1790 2276 perperam
1823 2195 2105 2276 putatur,
2138 2190 2645 2274 quidquid-extra
2666 2187 2876 2254 Deum
2904 2189 3103 2254 habet

158 2278 483 2342 rationem
522 2279 799 2355 termini,
841 2283 954 2343 aut
985 2279 1216 2361 objecti
1241 2303 1376 2344 esse
1401 2304 1658 2346 causam
1685 2287 1796 2346 aut
1827 2281 2202 2345 antecedens
2228 2279 2484 2363 aliquod
2508 2282 2545 2342 e
2569 2300 2693 2361 quo
2725 2278 2899 2343 Deus
2944 2301 3101 2362 pen-

159 2369 316 2432 deat
331 2371 638 2450 tanquam
662 2368 978 2451 posterius
1011 2372 1048 2432 a
1076 2368 1293 2452 priori,
1326 2371 1810 2434 determinabile
1835 2374 1872 2434 e
1896 2369 2376 2448 determinante,
2403 2368 2763 2453 regulatum
2788 2371 2826 2431 ξι
2857 2368 3101 2453 regula,

163 2459 466 2523 effectum
497 2460 534 2520 {2
559 2479 768 2532 causa,
795 2458 1115 2541 passivum
1144 2460 1223 2523 ab
1250 2460 1475 2525 activ0.
1502 2459 1688 2524 Prior
1712 2460 1877 2525 falsa
1906 2458 2301 2543 hypothesiS,
2335 2479 2447 2521 seu
2470 2458 2707 2521 falsum
2737 2457 2969 2521 lemma
2985 2458 3102 2522 eli-

159 2548 343 2612 ditur
367 2547 450 2609 ab
473 2547 766 2610 omnibus
791 2549 1070 2611 locorum
1096 2550 1522 2613 communium
1549 2548 1981 2633 scriptoribuS,
2008 2550 2053 2614 81
2076 2546 2550 2631 Metaphysicis,
2576 2569 2719 2611 cum
2744 2546 2959 2610 dicunt
2973 2546 3104 2610 tale

163 2638 270 2701 vel
298 2636 428 2699 tale
451 2636 602 2718 quid
625 2658 987 2721 repugnans
1012 2636 1078 2699 in
1103 2637 1392 2701 terminis
1418 2640 1462 2703 &
1488 2638 2044 2702 contradictorium
2068 2660 2195 2701 non
2220 2658 2403 2719 posse
2420 2634 2610 2699 aDeo
2626 2634 2785 2712 fieri,
2802 2634 2953 2718 quia
2968 2636 3103 2699 scil.

163 2728 490 2809 repugnat
533 2729 800 2788 naturae
826 2725 1103 2800 veritati,
1125 2726 1400 2789 bonitati
1425 2728 1471 2790 &
1495 2726 1871 2809 perfectioni
1895 2726 2192 2791 divinae
2176 2748 2241 2788 111
2266 2725 2505 2788 lumine
2537 2728 2801 2788 naturae
2832 2723 2877 2789 81
2902 2724 3100 2808 scrip-

161 2820 356 2879 turae
403 2813 585 2877 nobis
623 2814 958 2877 revelatae
1013 2813 1238 2897 Neque
1286 2816 1456 2879 enim
1478 2819 1687 2898 potest
1716 2815 1892 2880 Deus
1916 2814 2232 2897 operando
2264 2818 2443 2877 extra
2473 2836 2559 2887 se,
2588 2813 2906 2898 abnegare
2938 2813 3105 2896 seip-

165 2926 336 2969 sum.
363 2901 488 2967 Sed
512 2902 816 2985 exemplis
841 2902 915 2965 de
941 2902 1170 2984 quibus
1192 2904 1359 2967 inter
1382 2927 1494 2968 nos
1519 2904 1830 2981 convenit,
1856 2926 1990 2967 rem
2024 2903 2435 2967 declaremus·
2457 2900 2607 2965 Non
2637 2904 2847 2986 potest
2870 2903 3104 2985 produ-

167 3015 314 3057 cere
359 2992 707 3055 humanam
753 2994 1046 3055 naturam
1073 2990 1432 3055 infinitam
1415 2996 1528 3056 aut
1559 2992 1756 3056 alium
1782 3014 1971 3075 quem
1996 2990 2225 3069 Deum,
2252 2995 2363 3055 aut
2394 2995 2747 3055 creaturam
2781 2991 3107 3055 moraliter

169 3082 412 3146 malam
463 3084 574 3144 aut
605 3084 866 3143 motum
880 3102 990 3144 seu
1023 3081 1561 3163 praemotionem
1545 3103 1610 3144 m
1639 3082 1818 3183 [pag.
1845 3081 2007 3166 382]
2032 3082 2321 3145 creatura
2345 3079 2639 3144 rationali
2675 3080 2755 3143 ad
2779 3083 3105 3162 peccatum

171 3194 306 3255 qua
351 3169 524 3245 tale3
566 3192 689 3233 non
717 3174 942 3252 potest
973 3169 1259 3233 accidens
1291 3191 1661 3234 conservare
1693 3170 1828 3234 sine
1854 3192 1969 3233 sua
1992 3169 2371 3247 substantia,
2396 3190 2512 3233 nec
2534 3168 2775 3233 factum
2799 3168 3107 3232 infectum

174 3260 458 3337 reddere,
484 3281 598 3322 nec
621 3261 870 3322 mutare
891 3258 1181 3339 aliquid
1163 3282 1229 3321 111
1261 3260 1729 3342 praeexistens:
1765 3280 1890 3322 non
1916 3262 2125 3341 potest
2146 3258 2541 3321 voluntatem
2565 3256 2842 3321 hominis
2866 3257 2955 3321 sic
2978 3279 3110 3321 mo-

177 3370 330 3414 vere
379 3350 426 3413 81
473 3370 616 3410 011111
640 3354 715 3411 ea
739 3347 830 3410 sic
854 3368 1242 3425 concurrere,
1271 3348 1380 3411 ut
1363 3371 1404 3410 1·
1411 3372 1428 3411 1
1457 3347 1830 3412 eliciendam
1856 3347 2103 3411 actione
2127 3368 2241 3411 sua
2264 3346 2393 3409 vim
2424 3347 2707 3429 patiatur
2729 3348 2841 3409 aut
2864 3345 3106 3409 violen-

177 3442 354 3502 tetur
385 3437 490 3521 (de
538 3458 662 3518 quo
697 3438 956 3518 operose
1001 3438 1218 3520 Vct-squ.
1257 3437 1360 3500 ad.
1402 3439 1458 3499 1.
1509 3437 1568 3499 2.
1612 3437 1774 3519 disp,
1811 3437 1917 3499 26.
1946 3438 1993 3501 81
2017 3438 2066 3502 Ι.
2103 3436 2399 3519 Alphea-3.
2433 3437 2642 3500 Curtel
2665 3436 2734 3499 in
2756 3433 3001 3499 lecturis
3023 3435 3109 3498 ad

183 3530 242 3590 1.
287 3528 348 3587 2.
377 3547 438 3610 q.
473 3524 529 3586 6.
565 3537 681 3589 art.
713 3524 803 3605 4.)
831 3522 954 3588 Hic
1001 3524 1250 3607 passive
1274 3524 1340 3587 in
1367 3525 1612 3609 objecto
1637 3524 1980 3590 &termino
2004 3525 2084 3588 ad
2116 3546 2325 3607 quem,
2358 3545 2466 3587 seu
2494 3527 2531 3587 ὲ
2554 3527 2733 3607 parte
2758 3526 3106 3601 creaturae,

185 3638 298 3680 seu
324 3613 420 3678 rei
444 3612 877 3696 producibiliS,
903 3612 968 3675 in
994 3618 1120 3695 qua
1145 3612 1503 3677 formaliter
1535 3617 1651 3690 est,
1676 3612 1730 3677 si
1755 3612 2144 3697 possibilitas
2172 3612 2432 3676 effectus
2456 3611 2729 3695 quaesiti
2752 3610 3107 3675 considere-

184 3709 311 3781 tur,
330 3702 562 3767 dicitur
582 3724 716 3765 esse
739 3701 1166 3785 repugnantia
1189 3701 1255 3766 in
1281 3701 1603 3765 terminis:
1631 3702 1730 3765 sin
1750 3723 1900 3766 vero
1925 3702 2128 3766 active
2152 3723 2263 3765 seu
2287 3700 2728 3784 principiative
2739 3699 2811 3763 in
2836 3699 3109 3763 termino

187 3797 224 3857 a
251 3814 378 3874 quo
413 3812 524 3855 seu
553 3794 592 3853 e.
615 3794 796 3873 parte
823 3789 942 3853 Dei
968 3790 1323 3873 productivi
1355 3795 1466 3853 aut
1483 3790 1877 3873 productoris
1900 3789 2342 3873 possibilitatis
2369 3789 2645 3872 ejusdem
2673 3788 2765 3851 rei
2789 3810 2901 3851 seu
2924 3788 3107 3852 effec-

187 3888 290 3945 tus
338 3879 610 3961 quaesiti
665 3878 1114 3957 consideretur,
1161 3878 1391 3943 dicitur
1439 3898 1796 3963 repugnare
1843 3883 2109 3943 naturae
2132 3878 2179 3942 ἃ
2202 3877 2574 3961 perfectioni
2599 3877 2891 3941 divinae:
2920 3876 2965 3940 &
2988 3875 3111 3941 hoc

189 3972 286 4034 est
323 3968 390 4031 in
439 3968 606 4050 quod
647 3967 876 4031 ultimo
909 3966 1250 4031 resolvitur
1273 3970 1320 4033 81
1343 3967 1666 4032 reducitur
1688 3966 2171 4051 impossibilitas
2191 3988 2424 4044 rerum,
2450 3966 2683 4049 quippe
2708 3965 2981 4049 primam
3004 3988 3108 4029 ra-

189 4058 413 4135 dicem,
445 4056 756 4120 rationem
804 4058 848 4121 81
874 4078 1258 4120 memsuram
1280 4056 1485 4119 omnis
1511 4056 1955 4139 possibilitatis
1980 4076 2212 4133 rerum,
2239 4054 2491 4155 guippe
2508 4053 2781 4138 primam
2812 4054 3109 4135 radicem,

189 4146 502 4210 rationem
545 4146 592 4210 ἃ
629 4166 1012 4208 memsuram
1043 4144 1250 4207 omnis
1273 4144 1716 4227 possibilitatis
1738 4144 2121 4227 producendi
2144 4142 2369 4220 active,
2396 4142 2498 4207 cui
2530 4146 2985 4226 consequenter
3008 4166 3109 4207 re-

193 4233 458 4318 spondet
503 4232 892 4317 possibilitas
939 4236 1052 4295 aut
1097 4232 1578 4315 impossibilitas
1624 4232 1947 4315 producti(
1955 4233 2075 4310 nis,
2102 4231 2371 4315 passive,
2398 4235 2589 4314 atque
2614 4232 2769 4295 adeo
2792 4232 3111 4315 possibilis
3189 4282 3209 4296 .

195 4321 566 4388 existentiae
590 4342 822 4385 rerum.
849 4320 1027 4385 Haec
1053 4322 1337 4385 doctrina
1361 4325 1676 4391 constans,
1701 4325 1895 4403 atque
1920 4321 2087 4404 apud
2102 4342 2319 4384 omnes
2335 4320 2405 4383 in
2416 4320 2729 4386 confesso:
2757 4342 2949 4403 quam
2966 4342 3109 4383 cum

195 4412 296 4477 hic
319 4410 906 4496 praesupponimus,
945 4409 1172 4475 alibi&
1195 4432 1308 4475 suo
1334 4411 1469 4476 loco
1495 4413 1534 4474 e.
1555 4409 1738 4475 nobis
1759 4410 2141 4496 explicatam
2173 4410 2219 4474 a
2250 4408 2585 4495 probatam
2606 4409 2675 4473 in
2696 4410 2858 4493 disp.
2885 4408 2963 4473 de
2986 4410 3111 4507 Po-

2922 4507 3113 4564 ceneta
