3694 4871
628 303 753 369 154
1000 302 1213 367 DrsP.
1264 302 1381 367 VI.
1430 301 1539 366 Dr:
1588 301 2208 367 ΡιιοΡΑεεΛτιοιιε
2257 301 2598 368 Pace-im
2649 302 3157 366 ORIGINALls.

622 491 899 568 traduce,
918 489 1209 574 quamvis
1226 489 1353 554 sibi
1370 490 1871 554 contradicentes
1889 490 2389 554 moderationem
2409 495 2522 555 aut
2539 489 2764 569 ἐποχὴν
2779 491 3066 572 profiteri
3077 491 3465 563 videantur,
3485 512 3582 551 ne-

618 579 959 644 cessariam
984 577 1249 644 faciunt.
1272 576 1379 644 Sic
1406 578 1573 643 enim
1600 581 1753 643 tom.
1782 580 1840 642 2.
1869 579 2030 662 disp.
2058 576 2493 644 Giessensium
2512 579 2678 662 disp.
2697 577 2802 643 12.
2819 578 2992 643 thesi
3009 579 3117 643 65.
3139 602 3208 662 p.
3229 578 3376 643 423
3417 577 3502 643 ab
3515 578 3582 644 ea'

620 680 829 734 tamen
872 669 1195 746 sententia,
1242 688 1405 754 quae
1422 669 1653 752 peccati
1672 669 2189 753 propayationem
2217 681 2444 743 tuetur,
2478 665 2542 734 ἃ·
2565 669 2777 733 inieris
2801 667 3136 734 hominum
3161 669 3580 752 armatior-um

620 758 801 822 vanis
832 756 896 823 a·
926 757 1200 838 spinosis
1230 757 1714 842 quaestionibus,
1749 756 1932 842 [pag.
1984 755 2183 841 1095]
2217 758 2675 842 simplicitatem
2705 767 2992 835 sectatur,
3016 757 3342 823 discedere
3367 756 3582 842 retiqio

622 845 796 910 'tobis
812 857 920 910 est.
938 847 1015 910 Et
1032 845 1400 928 huj-asmodi
1413 867 1493 913 ea*
1506 866 1652 910 onm
1662 846 1801 910 ibas
1816 847 1962 911 aliie
1977 867 2050 910 ea
2065 847 2200 911 sola
2215 859 2321 926 est,
2339 867 2497 933 quae
2513 847 2832 912 traducem
2843 867 3010 929 prop
3017 847 3576 930 uynat‚eententia.

622 933 710 998 Et
757 933 925 998 thesi
950 933 1058 999 46.
1082 957 1144 1018 p.
1171 933 1321 998 417.
1360 935 1799 1000 Omnes-etiam
1822 936 1940 1020 qui
1965 936 2282 1001 traducem
2313 947 2564 1020 neyant,
2597 933 2660 1000 ἃ
2681 935 2987 1018 oriyinem
3005 937 3248 1019 peccati
3265 936 3344 999 in
3363 935 3574 999 areima

623 1023 908 1089 naturali
917 1024 1051 1107 ejas
1068 1044 1211 1089 cum
1227 1044 1480 1107 corpore
1494 1025 1637 1107 conj
1638 1045 1747 1089 am
1760 1035 1780 1088 t
1786 1024 1917 1088 ioni
1931 1036 2243 1108 acceptam
2253 1027 2486 1110 serunt,
2498 1026 2654 1110 quid
2659 1045 3001 1109 consequen
3008 1025 3306 1108 teratiud
3313 1025 3573 1108 saciant,

624 1133 815 1198 qnam
832 1113 1041 1177 Deum
1056 1113 1284 1196 peccati
1300 1113 1631 1195 oriqinatis
1646 1113 1976 1178 authorem
1993 1111 2058 1178 ἃ·
2071 1134 2267 1196 paren
2277 1125 2396 1179 tem
2412 1114 2798 1178 constituunt
2809 1113 2842 1177 ?
2857 1111 2948 1176 Et
2959 1112 3050 1176 sic
3062 1112 3202 1177 fere
3223 1114 3572 1178 Meisneras

624 1200 992 1285 Anthropot.
1016 1201 1227 1266 decad.
1251 1202 1309 1263 1.
1329 1201 1490 1284 disp.
1512 1201 1570 1264 5.
1592 1222 1697 1286 qa.
1720 1203 1779 1264 3.
1806 1208 1862 1284 ς.
1882 1201 1946 1266 4.
1963 1200 2052 1266 Et
2065 1201 2436 1268 Ecldtardas
2455 1203 2522 1266 in
2538 1203 2834 1286 fasciculo
2850 1222 2986 1284 cap.
3011 1203 3116 1265 10.
3135 1203 3498 1288 appendice
3509 1203 3574 1266 de
3664 1233 3667 1246 =

626 1291 881 1355 traduce
922 1309 1173 1374 aryum.
1219 1292 1277 1352 2.
1302 1311 1365 1374 p.
1396 1291 1544 1352 259.
1581 1291 1940 1367 Undecima,
1971 1291 2080 1354 sed
2105 1291 2352 1355 animas
2379 1295 2418 1354 a
2438 1290 2576 1354 Deo
2601 1291 2802 1354 creari
2825 1293 2872 1355 a
2895 1291 3174 1355 creando
3201 1290 3572 1372 corporibus
3664 1295 3667 1328 ¹

622 1378 792 1443 uniri
817 1401 943 1443 uno
960 1379 1308 1462 eodemque
1323 1378 1609 1454 instanti3
1628 1379 1720 1442 ita
1737 1382 1811 1442 ut
1824 1383 2148 1444 momenta
2164 1380 2416 1463 quidem
2443 1378 2709 1443 rationis
2727 1401 2835 1442 seu
2857 1381 3129 1443 naturae
3147 1379 3261 1443 hic
3277 1379 3569 1444 distinete

623 1467 949 1532 observari
973 1466 1265 1545 debeant,
1299 1467 1478 1530 nulla
1502 1472 1650 1532 vero
1675 1467 1986 1532 instantia
2007 1469 2314 1552 temporis
2342 1491 2454 1552 per
2483 1468 2661 1550 prius
2685 1471 2798 1530 aut
2821 1467 3146 1550 posterius
3163 1469 3464 1552 concipi:
3489 1467 3569 1530 ita

626 1560 697 1620 ut
720 1556 895 1621 Deus
928 1557 958 1618 1
973 1605 988 1620 .
1018 1559 1189 1620 creet
1216 1555 1515 1620 animam.
1545 1557 1605 1620 2.
1624 1555 1825 1621 Uniat
1840 1579 1982 1620 eam
2002 1557 2270 1641 corpori.
2289 1559 2348 1622 3.
2371 1557 2608 1621 Anima
2623 1555 2926 1620 informet
2942 1557 2990 1621 δε
3007 1559 3232 1620 actuet
3247 1556 3418 1620 illud
3443 1578 3565 1620 cor-

626 1667 765 1728 pus.
794 1645 854 1708 4.
884 1643 1097 1728 Atque
1126 1645 1220 1708 ita
1242 1644 1388 1708 inde
1414 1645 1680 1709 resultet
1706 1646 1752 1710 ἃ
1779 1645 2015 1709 existat
2030 1645 2242 1728 ipsum
2261 1645 2676 1729 compositum
2691 1667 2802 1710 seu
2817 1645 3154 1728 generatio
3171 1647 3222 1710 8z
3238 1643 3566 1734 productio

624 1733 987 1818 compositi:
1036 1734 1274 1797 Contra
1297 1733 1659 1816 opinionem
1686 1733 1994 1811 Platonis,
2022 1731 2340 1818 OrigeniS,
2367 1734 2836 1800 Cabalistarum
2859 1733 2972 1818 qui
2997 1737 3304 1798 statuunt
3327 1734 3568 1798 animas

626 1827 773 1886 ante
798 1844 1063 1905 corpora
1086 1844 1197 1887 seu
1222 1823 1643 1905 compositum
1674 1823 2013 1905 productas
2039 1845 2174 1886 esse
2201 1825 2246 1888 St
2269 1827 2554 1908 tempore
2579 1823 2793 1905 aliquo
2819 1821 3164 1900 exstitisse,
3189 1823 3369 1906 quod
3395 1823 3564 1886 ulcus

628 1910 957 1995 tetigimus
974 1910 1041 1974 in
1057 1911 1487 1976 dissertatione
1500 1915 1717 1975 nostra
1732 1912 1808 1976 de
1824 1912 2092 1977 termino
2107 1913 2283 1978 vitae.
2308 1911 2498 1976 Nunc
2513 1911 2798 1976 videmus
2816 1910 3138 1992 opinionis
3158 1912 3452 1995 ejusdem
3469 1911 3564 1974 de·

624 1999 977 2063 sensionem
1002 2022 1080 2064 ex
1104 1999 1417 2083 scriptura
1440 1999 1753 2064 venditari
1781 2005 1817 2064 Ξ]
1838 2000 2080 2064 recenti
2100 1999 2143 2065 J
2148 2001 2490 2065 udaeorum
2516 1999 2821 2082 scriptore
2841 2001 3128 2064 Menasse
3142 2000 3268 2065 ben
3289 2002 3492 2065 Israel
3505 2000 3563 2063 iu

619 2088 1053 2172 problematib.
1070 2089 1145 2154 de
1169 2087 1506 2155 Creatione.
1524 2089 1755 2154 Confer
1769 2090 1934 2174 disp.
1953 2090 2362 2168 decreatione,
2385 2089 2864 2156 &Scholasticos
2880 2089 2968 2153 ad
2989 2089 3046 2152 1.
3065 2109 3156 2174 qa
3175 2091 3204 2152 1
3227 2089 3333 2154 18.
3357 2101 3482 2154 art.
3511 2089 3563 2150 3.

624 2178 1029 2256 Duodecimn,
1056 2175 1427 2260 Subjectum
1452 2178 1817 2242 absolutum
1840 2179 2084 2261 peccati
2109 2179 2174 2244 in
2199 2200 2452 2263 genere,
2479 2181 2550 2242 ut
2575 2179 2621 2243 &
2645 2177 2888 2261 peccati
2913 2177 3258 2262 originalis
3283 2199 3416 2242 non
3439 2201 3566 2242 esse

623 2266 925 2344 animam,
952 2270 1066 2330 aut
1088 2271 1337 2349 partem
1362 2267 1725 2331 inferiorem
1754 2266 2005 2331 animae
2029 2271 2302 2346 tantum,
2329 2270 2441 2331 aut
2465 2289 2710 2350 corPUS,
2730 2266 2840 2330 sed
2857 2269 3068 2330 totum
3092 2265 3458 2342 hominem,
3482 2269 3567 2329 to·

624 2359 764 2419 tum
788 2354 1210 2432 compositum
1225 2379 1241 2431 ς
1262 2355 1617 2439 subiectum
1634 2378 1784 2420 vero
1801 2377 1951 2441 qu0,
1968 2378 2153 2421 secun
2161 2356 2310 2420 dum
2328 2355 2501 2440 quid,
2521 2378 2631 2420 seu
2650 2354 2998 2420 limitatum
3017 2354 3066 2419 St
3081 2353 3350 2439 quidem
3365 2355 3568 2439 primo

628 2446 675 2511 δι
712 2444 1068 2509 tormaliter
1094 2467 1230 2510 esse
1260 2444 1656 2509 intellectum
1698 2447 1742 2511 ἃ.
1765 2445 2210 2521 {voluntatem3
2238 2445 2507 2511 secando
2537 2444 2599 2511 ἃ·
2616 2443 3050 2530 participative
3071 2466 3210 2509 esse
3235 2444 3568 2510 inferiores

627 2532 878 2597 animae
924 2532 1264 2597 facultates
1310 2556 1421 2598 seu
1468 2534 1970 2612 sensualitatem,
2017 2537 2324 2617 tanquam
2349 2534 2702 2617 potentiam
2727 2532 3172 2597 executricem.
3219 2531 3402 2597 Nam
3433 2555 3564 2597 cor-

630 2622 842 2706 ruptio
902 2626 1167 2686 naturae
1230 2645 1423 2705 quam
1484 2622 1936 2700 contraximuS,
1991 2644 2106 2705 per
2150 2627 2478 2706 peccatum
2525 2622 2716 2706 primi
2761 2620 3067 2704 parentis,
3118 2644 3199 2685 ex
3247 2621 3564 2686 communi

628 2711 947 2775 sententia
962 2714 1322 2776 nostrorum
1342 2712 1387 2776 8]
1403 2711 1886 2775 Pontificiorum
1903 2711 2174 2797 (fatente
2191 2713 2435 2778 Becano
2450 2712 2517 2777 in
2543 2711 2743 2777 Theot-
2763 2708 3120 2776 Schola-stic.
3141 2723 3320 2795 part.
3339 2712 3402 2775 2.
3421 2722 3560 2776 tom.

632 2799 689 2863 1.
712 2810 883 2865 tract.
911 2802 972 2864 2.
996 2822 1103 2885 qu.
1124 2800 1215 2883 3.)
1248 2800 1691 2883 complectitur
1718 2804 1994 2883 quatuor
2023 2799 2139 2863 illa
2177 2805 2442 2865 naturae
2474 2801 2762 2867 vulnera.
2793 2819 2959 2881 quae
2977 2804 3320 2863 enumerat
3353 2799 3561 2865 ΊῚιοηι.

632 2887 690 2951 1.
718 2890 778 2952 2.
804 2910 912 2973 qa.
961 2887 1064 2952 85.
1114 2900 1232 2953 art.
1283 2890 1343 2952 3.
1394 2910 1620 2972 nempe
1666 2888 2096 2973 ignorantiam
2132 2890 2200 2952 in
2223 2888 2574 2965 intellecta,
2599 2888 2916 2953 malitiam
2940 2909 3053 2952 seu
3081 2888 3480 2953 aversionem
3503 2886 3558 2949 in

626 2977 976 3055 voluntate,
1012 2977 1451 3041 infirmitatem
1476 2978 1543 3040 in
1574 2978 1866 3061 appetitu
1889 2976 2215 3056 irascibili,
2239 2984 2282 3039 δι
2307 2976 2880 3060 concupiscentiam
2903 2975 2970 3039 in
3004 2976 3305 3059 appetitu
3337 2999 3556 3041 concu-

628 3064 927 3153 piscibili.
974 3064 1483 3131 consectarium:
1530 3064 1747 3130 Minus
1792 3068 2085 3130 accurate
2110 3069 2221 3130 aut
2245 3065 2497 3149 proprie
2523 3066 2645 3129 dici
2672 3064 2917 3129 videtur
2939 3064 2980 3127 ὰ
3019 3064 3262 3131 Thomu
3291 3067 3352 3130 1.
3376 3066 3437 3128 2.
3461 3085 3558 3150 qu.

630 3154 734 3218 83.
758 3166 882 3219 art.
896 3156 968 3218 2.
992 3167 1304 3238 peccatum
1328 3155 1635 3239 oriyinate
1648 3176 1773 3219 esse
1781 3155 2096 3238 primario
2111 3156 2180 3219 in
2193 3155 2460 3222 essentia
2473 3155 2740 3232 animae,
2757 3153 3131 3219 secundario
3149 3153 3222 3218 in
3235 3156 3560 3221 voluntate.

718 3240 785 3311 3.
838 3242 959 3307 His
982 3244 1346 3326 praemissis
1369 3244 1723 3309 accedimus
1750 3244 1831 3307 ad
1851 3243 2054 3326 ipsam
2083 3244 2472 3328 quaestionis
2496 3247 2748 3308 nostrae
2775 3240 3243 3307 enodationem.
3263 3242 3555 3307 Praemo-

627 3354 851 3397 nemus
901 3336 1137 3411 autem,
1162 3355 1241 3395 ne
1264 3332 1522 3397 fallacia
1552 3334 2003 3408 πολυζητήσδως
2025 3332 2462 3397 committatur
2485 3332 2678 3417 (quod
2703 3335 2850 3395 ante
2876 3330 3001 3395 hac
3023 3354 3152 3396 non
3179 3354 3324 3396 raro
3347 3330 3556 3397 confu-

630 3421 875 3485 sionem
892 3421 939 3488 δι
952 3420 1407 3485 obscuritatem
1420 3420 1527 3485 hic
1542 3421 1817 3505 peperit)
1834 3420 2256 3485 bimembrem
2273 3442 2408 3485 esse
2425 3421 2590 3486 hanc
2598 3423 2838 3503 quaest.
2849 3470 2862 3498 ‚
2874 3442 2986 3484 seu
3000 3420 3162 3485 duas
3173 3443 3310 3486 esse
3325 3422 3554 3503 quaest.

629 3509 969 3574 admodum
1014 3508 1368 3586 distinctae,
1408 3532 1679 3593 quarum
1702 3509 1910 3593 prior:
1951 3510 2273 3592 Quomodo
2298 3510 2366 3574 in
2385 3508 2918 3595 posterosAdami
2946 3522 3362 3593 propayetur,
3393 3508 3455 3574 ἃ·
3473 3506 3554 3571 ad

628 3618 845 3663 omnes
890 3598 1172 3663 homines
1216 3609 1491 3665 transeat
1535 3597 1791 3664 morbus
1840 3600 1942 3664 itte
1992 3598 2338 3683 Oriyinatie
2361 3621 2472 3663 seu
2500 3620 2659 3685 quae
2681 3597 2742 3664 a·
2763 3598 2972 3683 quatis
2997 3599 3079 3663 sit
3101 3600 3244 3682 ejas
3271 3598 3462 3682 oriyo,
3497 3593 3552 3660 a

628 3706 945 3772 quaenam
966 3688 1053 3751 ad
1083 3687 1261 3752 illam
1282 3699 1681 3753 concurrant.
1708 3688 1885 3763 Quae
1908 3709 2128 3751 rursus
2151 3687 2524 3751 bimembris
2549 3692 2678 3753 est:
2711 3687 2767 3750 1.
2794 3686 2899 3751 An
2913 3686 2993 3751 sit
3003 3707 3123 3771 per
3137 3687 3551 3759 imitationem,

630 3774 691 3840 ἃ·
732 3795 851 3860 per
893 3775 1135 3842 crebros
1174 3787 1351 3842 actus
1374 3798 1448 3841 ae
1466 3777 1978 3842 consuetudinem
1999 3786 2386 3841 contractu-m
2412 3777 2590 3863 [pag.
2627 3775 2832 3859 10961
2865 3776 2967 3860 (ut
2991 3776 3222 3840 volunt
3253 3773 3550 3859 antiqui&

629 3863 779 3929 novi
822 3863 1220 3949 Pelagiani):
1258 3886 1348 3931 an
1368 3886 1512 3930 vero
1540 3885 1654 3949 per
1682 3866 2146 3950 qeneratiorwm
2163 3877 2588 3951 prepoqatam
2606 3864 2638 3929 ?
2684 3864 2744 3928 2.
2771 3865 2872 3929 An
2891 3864 3320 3949 yenerationis
3341 3862 3550 3928 modas

630 3952 707 4017 sit
758 3972 871 4035 per
913 3953 1168 4020 animae
1209 3955 1551 4032 traducem,
1598 3966 1781 4039 atque
1824 3954 1940 4019 hac
1977 3954 2236 4033 ratione,
2290 3952 2353 4020 ἃ
2389 3974 2522 4020 ηοη
2543 3954 2674 4019 alia
2696 3956 2804 4042 fiat
2821 3953 3053 4037 peccati
3071 3952 3436 4039 propaqatio
3458 3953 3551 4035 (ut

631 4040 854 4105 volunt
869 4040 1155 4107 hodierni
1171 4042 1571 4119 Lutherani):
1596 4064 1687 4107 an
1700 4064 1843 4108 vero
1857 4063 1974 4127 per
1987 4044 2238 4109 animae
2251 4044 2342 4108 im
2349 4044 2680 4109 mediatam
2695 4042 3064 4109 creationem
3081 4040 3147 4109 ἃ·
3161 4042 3546 4127 inlusionem.

632 4126 957 4194 Posterior
980 4135 1104 4196 est:
1137 4134 1365 4211 Posito,
1388 4132 1806 4217 qenerationis
1828 4132 2093 4198 modum
2115 4152 2242 4197 esse
2260 4149 2378 4217 per
2397 4134 2648 4198 animae
2668 4132 3039 4197 creationem
3061 4132 3124 4197 ἃ·
3157 4131 3546 4212 infusionem,

636 4217 965 4297 Quaenam
1013 4231 1159 4285 tunc
1201 4222 1429 4305 peccati
1450 4222 1664 4307 hujuS,
1698 4242 1807 4286 sea
1829 4220 2186 4286 existentiae
2208 4221 2397 4306 haja-3
2419 4222 2643 4307 peccati
2671 4240 2860 4286 caasa
2880 4220 3152 4305 propria
3183 4219 3249 4285 ἃ·
3269 4218 3544 4303 proxima

632 4304 855 4369 directe
900 4307 1171 4395 efficiens
1202 4309 1524 4393 (deficiens
1548 4309 1713 4392 scil.)
1738 4312 1829 4376 vet
1851 4310 2176 4395 quodnam
2205 4311 2283 4375 sit
2301 4311 2694 4394 principium
2724 4308 2786 4375 ἃ·
2808 4308 2978 4394 quod
3007 4306 3070 4374 ἃ
3089 4330 3242 4394 qao,
3263 4328 3376 4393 per
3393 4304 3546 4393 quod

632 4391 853 4460 existat
872 4396 1182 4479 primam,
1214 4396 1275 4463 st*
1296 4398 1612 4465 inhaereat
1629 4410 1949 4483 peccatum
1979 4398 2286 4483 oriyinate
2309 4398 2480 4465 Titio
2505 4403 2616 4465 aut
2639 4396 2911 4478 Maevio,
2933 4396 3030 4462 ita
3051 4401 3128 4462 ut
3149 4398 3286 4482 ejus
3309 4396 3391 4462 sit
3409 4415 3544 4478 pec-
