3694 4871
874 327 2249 436 DocnnrrsnuSS.Tain1rArs.
2947 333 3028 404 77

104 519 405 584 inculcavi
435 519 503 582 in
532 520 778 603 Dispnt.
807 521 883 584 de
906 521 1201 585 Articulis
1230 519 1292 586 ἃ·
1314 520 1633 586 erroribus
1666 521 2315 588 Fundamentalibus:
2348 526 2474 605 qua
2505 521 2720 587 omnia
2743 520 3024 586 Remon-

108 607 437 672 strantium
485 608 885 689 κρησφύγετκ,
916 611 961 674 81
985 609 1368 673 stramineae
1394 609 1881 692 consequentiae
1913 632 2026 693 pro
2061 611 2291 674 unione
2322 615 2636 675 sectarum
2662 611 3027 675 indistincte

108 699 149 761 ἃ
198 696 457 760 subdole
504 696 585 760 ab
633 697 788 780 ipsis
819 701 1149 780 tantopere
1169 697 1412 780 jactata
1436 721 1451 772 3
1479 698 1717 762 adhaec
1748 721 1862 781 pro
1887 699 2242 763 retentione
2274 699 2714 764 ministrorum
2746 697 3026 764 Remen-

108 785 437 848 strantium
494 786 559 849 in
614 786 1051 849 communione
1098 787 1144 850 8⁶
1189 786 1544 850 ministerio
1576 786 1986 850 ecclesiarum
2011 786 2418 872 Belgicarum
2445 793 2692 863 (contra
2719 787 3027 872 judicium

109 873 331 956 Synodi
377 872 841 950 Dordracenae)
892 874 1097 938 valide
1139 875 1481 952 eliduntur,
1507 874 1755 958 ipsique
1788 879 2034 939 remoto
2057 879 2399 956 προφὰτεων
2429 897 2702 959 supparo
2735 877 2800 939 in
2823 875 3030 940 lucem

108 961 575 1044 protrahuntur.
631 961 1123 1026 Distinctionem
1169 963 1366 1027 talem
1420 964 1619 1027 velint
1666 964 1875 1027 nolint
1921 963 2259 1027 admittere
2305 963 2429 1046 ipsi
2470 969 2786 1050 coguntur
2808 963 2932 1028 nisi
2963 964 3032 1027 in

110 1049 287 1108 ἅλω-α
311 1051 357 1115 81
381 1051 585 1110 ἄτοπα
617 1051 1085 1134 quamplurima
1117 1052 1437 1136 compingi
1464 1052 1683 1116 velint.
1709 1052 1830 1116 Ex.
1857 1075 1954 1137 gr.
1991 1051 2094 1116 An
2119 1052 2183 1114 in
2217 1053 2722 1118 communionem
2745 1057 2962 1118 coetus
2985 1055 3032 1118 81

110 1139 436 1203 ministerii
462 1140 563 1204 sui
594 1139 903 1224 recipiant
925 1138 1449 1204 Remonstrantes
1482 1139 1914 1205 Christianum
1940 1141 2220 1222 aliquem
2243 1163 2320 1204 ex
2345 1145 2586 1224 papatu
2605 1163 2808 1225 nuper
2826 1163 3031 1206 emer-

109 1249 256 1305 sum,
302 1228 621 1311 siquidem
644 1228 959 1292 mordicus
983 1228 1189 1292 adhuc
1220 1229 1513 1306 retineat,
1546 1251 1669 1292 non
1698 1230 1955 1311 quidem
1980 1228 2294 1312 imagines
2327 1230 2498 1311 ipsas
2524 1230 2701 1294 cultu
2729 1230 3034 1315 religioso

108 1317 469 1388 adorandas,
515 1317 627 1380 sed
671 1315 997 1381 Christum
1028 1338 1140 1401 per
1172 1317 1519 1401 imaginem
1544 1317 1825 1380 crucifixi
1852 1321 1963 1380 aut
1988 1317 2190 1381 crucis
2213 1317 2622 1398 adorandum,
2651 1323 2842 1402 atque
2868 1319 3030 1382 adeo

110 1405 403 1487 ejusmodi
448 1405 765 1490 imagines
810 1404 877 1468 in
926 1406 1182 1488 templis
1207 1406 1561 1490 erigendae,
1589 1410 1659 1469 ut
1694 1408 1739 1472 a
1764 1406 2111 1490 imaginem
2137 1404 2303 1488 Spir.
2333 1429 2382 1468 s,
2412 1410 2603 1488 atque
2631 1408 2787 1472 adeo
2812 1429 3028 1472 coram

108 1493 179 1556 iis
218 1494 695 1572 incurvandum,
754 1499 825 1557 ut
871 1492 1195 1558 Christum
1241 1516 1355 1578 per
1400 1494 1571 1577 ipsas
1596 1498 1662 1558 ta
1676 1499 1785 1557 nto
1816 1495 2040 1578 majori
2067 1515 2211 1558 cum
2237 1496 2589 1559 attentione
2624 1498 2669 1562 &
2697 1496 3030 1560 devotione

112 1582 449 1646 adoremus,
500 1581 679 1658 Quod
726 1582 783 1645 si
826 1604 953 1646 non
1001 1583 1329 1665 recipiant,
1380 1605 1462 1646 an
1486 1604 1639 1667 ergo
1665 1583 1745 1646 ab
1772 1583 1944 1646 omni
1970 1581 2479 1662 Christianismo,
2507 1583 2589 1647 ab
2621 1583 2794 1648 omni
2819 1584 3026 1648 salute

112 1669 477 1754 simpliciter
519 1671 705 1734 illum
750 1671 1125 1734 excludant?
1174 1669 1451 1734 Rursum
1498 1693 1733 1754 quaero
1783 1694 1866 1735 an
1897 1669 2512 1735 Anti-Trinitarium
2537 1672 2817 1755 aliquem
2843 1695 2897 1737 0.
2933 1694 3030 1757 gr.

112 1756 519 1822 Valentinum
568 1759 887 1823 Gentilem
906 1810 919 1833 ,
968 1757 1301 1823 Servetum
1323 1809 1337 1837 ,
1388 1757 1705 1837 Socinum,
1757 1758 2157 1836 Ostorodum,
2207 1759 2609 1838 Voidovium,
2659 1760 3028 1839 Smalcium,

114 1846 403 1911 Crellium
430 1848 770 1932 (siquidem
797 1847 1291 1912 moderationem
1316 1850 1361 1914 81
1385 1870 1625 1930 pacem,
1650 1848 1979 1932 proprium
2004 1849 2160 1912 illud
2185 1848 2544 1932 symbolum
2569 1847 3028 1914 Remonstran-

114 1935 261 1999 tium
276 1937 469 2019 juxta
492 1958 635 2000 cum
666 1936 797 2000 illis
822 1935 1264 2019 profiteantur)
1297 1937 1365 2000 in
1396 1940 1689 2000 coetuum
1716 1959 1996 2008 suorum,
2023 1941 2135 2001 aut
2159 1937 2354 2000 etiam
2381 1937 2719 2001 ministerii
2749 1938 3029 2002 societa-

112 2027 230 2087 tem
280 2025 599 2108 recepturi
646 2024 795 2102 sint,
847 2047 969 2088 non
1022 2025 1423 2089 obstantibus
1478 2025 1818 2089 haereticis
1853 2029 1897 2091 &
1929 2025 2318 2110 blasphemis
2345 2027 2446 2110 (ut
2469 2047 2584 2089 nos
2617 2025 3029 2109 arbitramur)

112 2112 281 2176 dictis
311 2135 384 2176 ac
410 2113 667 2196 scriptis
693 2135 908 2177 eorum
941 2114 1017 2176 de
1050 2112 1385 2178 Trinitate.
1449 2112 1518 2177 Si
1543 2115 1757 2178 dicant
1780 2137 1847 2178 se
1872 2137 1999 2178 non
2025 2117 2408 2196 recepturOS,
2435 2115 2566 2177 sive
2597 2118 2858 2198 propter
2879 2135 3030 2178 con-

114 2201 425 2266 scientiam
488 2202 779 2278 aliorum,
829 2202 961 2265 sive
1010 2201 1091 2265 ob
1117 2202 1409 2285 politicas
1441 2202 1573 2266 sive
1598 2203 1679 2266 ob
1708 2202 2164 2266 ecclesiasticas
2189 2201 2487 2280 rationes,
2513 2203 2833 2266 declarent
2857 2223 3028 2288 ergo,

113 2311 183 2352 an
232 2295 403 2354 certo
428 2313 515 2354 ex
544 2290 737 2354 verbo
760 2289 886 2354 Dei
912 2291 1198 2374 persuasi
1231 2291 1360 2354 sint
1381 2291 1736 2374 praedictos
1762 2291 1908 2354 illos
1935 2289 2509 2354 Anti-Trinitarios
2533 2312 2658 2354 non
2684 2313 2868 2374 posse
2899 2291 3026 2355 sal-

114 2378 254 2458 vari,
276 2379 367 2444 sic
390 2383 605 2445 stante
628 2379 911 2463 ipsorum
936 2379 1076 2443 fide.
1128 2377 1252 2444 Sed
1276 2401 1400 2444 non
1427 2382 1523 2444 est
1547 2380 1713 2463 quod
1739 2402 1845 2445 eos
1871 2380 2042 2444 ultra
2069 2399 2410 2464 urgeamus
2433 2402 2448 2454 ς
2481 2379 2604 2463 ipsi
2628 2379 2752 2445 sibi
2775 2383 3029 2445 contra-

112 2466 372 2532 dicentes
428 2469 903 2533 distinctionem
935 2467 1098 2532 hanc
1122 2472 1339 2552 aperte
1371 2471 1801 2551 proponunt&
1831 2470 2156 2553 proposito
2183 2490 2296 2533 suo
2325 2472 2545 2552 (quam
2568 2472 2738 2533 recte
2761 2469 2868 2544 hic
2899 2492 3025 2533 non

114 2555 537 2639 disquirimus)
584 2556 907 2639 applicant
952 2556 1019 2619 in
1075 2556 1329 2621 Vedelio
1378 2558 1557 2642 [pag.
1614 2557 1777 2641 471]
1828 2556 2170 2640 Rhapsodo
2218 2557 2330 2621 lib.
2382 2559 2447 2622 2.
2493 2579 2629 2641 cap.
2683 2559 2744 2622 5.
2785 2580 2846 2641 p.
2879 2559 3026 2621 121.

118 2644 397 2711 Nostrum
448 2658 661 2711 tamen
708 2666 840 2711 non
891 2666 1017 2709 esse
1056 2647 1295 2711 tristius
1326 2646 1678 2731 quidquam
1703 2646 2023 2710 decernere
2043 2658 2258 2711 contra
2281 2666 2380 2709 eos
2404 2646 2514 2731 qui
2535 2666 2882 2711 necessaria
2911 2648 3030 2713 ista

114 2737 445 2801 oerivellunc
479 2733 591 2799 stc.
620 2734 955 2801 Praestare
985 2735 1191 2821 itaque
1214 2736 1283 2797 in
1306 2735 1619 2799 mitiorem
1642 2755 1887 2819 semper
1909 2747 2154 2818 partem
2179 2735 2554 2799 inclinemus
2583 2732 2695 2800 stc.
2734 2736 2862 2801 Deo
2891 2756 3028 2802 cor-

114 2822 277 2887 dium
300 2824 635 2909 inspectori
657 2824 1071 2908 relinquentes
1102 2844 1476 2907 supremum
1500 2824 1576 2889 de
1598 2824 1673 2888 eci
1683 2824 2038 2906 just-icium,
2071 2824 2134 2891 ἃ·
2155 2826 2438 2909 sufficere
2463 2825 2608 2902 rati,
2633 2826 2793 2889 utab
2809 2846 3028 2891 corum

113 2914 539 2978 communione
579 2911 1007 2979 abstineamus
1053 2933 1128 2977 ex
1174 2914 1298 2995 leqe
1352 2910 1415 2977 st·
1462 2913 1843 2997 praescripto
1899 2912 2143 2977 domini
2193 2914 2360 2990 decu,
2407 2914 2568 2978 ciera
2597 2914 2799 2978 ullam
2830 2914 3027 2979 aliam

117 3019 352 3065 noxam.
402 2998 525 3065 ΙΙΙ.
576 2998 1065 3065 praemonemus
1112 3004 1489 3085 argumenta
1539 3004 1757 3064 nostra
1806 3001 2140 3085 (quidquid
2165 3000 2330 3064 forte
2355 3006 2575 3065 contra
2607 3024 2682 3065 ea
2707 2999 3029 3066 Sociniani

118 3090 441 3173 exceperit)
490 3088 859 3153 concludere
908 3089 1229 3153 evidenter
1252 3092 1299 3155 a
1324 3087 1837 3163 αἰτοκατακρὶτως
1860 3092 2082 3153 contra
2103 3087 2344 3153 Remon
2353 3094 2648 3153 strantes
2699 3088 2834 3173 Ipsi
2860 3091 3030 3155 enim

118 3178 275 3241 nullo
320 3178 763 3261 exceptionum
810 3178 1018 3241 colore
1059 3182 1171 3241 aut
1193 3176 1407 3241 omnia
1432 3180 1543 3239 aut
1574 3176 1789 3257 aliqua
1812 3176 2192 3262 impugnare
2220 3183 2481 3259 queunt,
2507 3178 2632 3242 nisi
2655 3182 2894 3263 negent
2918 3183 3030 3243 aut

118 3262 225 3328 Dei
248 3268 580 3340 unitatem,
608 3268 720 3328 aut
742 3263 813 3324 τὸ
836 3265 1136 3341 buceio-ew
1158 3266 1277 3330 filii
1300 3268 1345 3332 &
1370 3264 1536 3345 Spir.
1563 3287 1634 3343 s.‚
1662 3269 1855 3347 atque
1879 3266 1972 3330 ita
1996 3270 2214 3349 aperte
2238 3267 2304 3330 in
2321 3264 2804 3331 Socinianorum
2820 3271 3029 3332 castra

119 3354 495 3439 profugiant.
2857 3430 2864 3437 ,

196 3441 263 3510 3.
307 3442 357 3509 Ι.
391 3446 655 3528 Δν9αηῑ.
681 3444 783 3507 Ex
809 3444 1019 3509 Mami.
1052 3445 1155 3507 28.
1188 3444 1289 3507 19.
1323 3444 1464 3507 0011.
1500 3462 1643 3505 cum
1676 3444 1870 3507 Marc.
1903 3443 2004 3508 16.
2037 3444 2137 3507 16.
2179 3445 2233 3507 1.
2259 3444 2533 3508 ΙοΙιαηη.
2564 3445 2624 3507 5.
2662 3444 2723 3510 7.
2747 3444 2860 3508 ubi
2880 3466 3028 3527 pro-

120 3531 357 3611 ponitur
387 3533 509 3597 hoc
536 3533 765 3616 dogma
788 3538 1093 3616 tanquam
1117 3532 1279 3596 scitu
1311 3535 1357 3599 81
1380 3530 1623 3595 creditu
1647 3531 1726 3594 ad
1750 3532 2024 3595 salutem
2055 3532 2497 3596 necessarium.
2526 3530 2610 3596 ΙΙ.
2639 3534 2898 3617 Arqum.
2929 3532 3031 3598 Ex

121 3626 319 3702 aperto
349 3621 718 3685 testimonio
762 3622 985 3685 Ionan.
1038 3622 1137 3684 17.
1189 3622 1249 3683 3.
1298 3621 1439 3683 coll.
1466 3640 1609 3683 cum
1633 3640 1683 3683 c.
1718 3620 1812 3682 14.
1853 3624 1904 3683 l.
1939 3619 2048 3685 «510.
2079 3623 2182 3684 20.
2211 3622 2318 3687 31.
2351 3618 2414 3685 ἃ·
2444 3622 2500 3685 1.
2527 3620 2667 3686 Joh.
2695 3623 2754 3683 5.
2784 3620 2888 3683 20.
2921 3620 3029 3684 ubi

122 3707 189 3771 de
228 3709 377 3789 filio,
428 3712 475 3775 81
522 3711 585 3773 2.
640 3710 917 3775 Corinth.
974 3711 1073 3773 13.
1112 3711 1215 3774 13.
1243 3710 1353 3772 ubi
1384 3710 1459 3772 de
1492 3706 1657 3789 Spir.
1686 3729 1735 3770 s.
1772 3706 1887 3772 ΠΙ.
1917 3712 2180 3794 Arqum.
2208 3708 2355 3772 Non
2379 3712 2630 3773 tantum
2655 3730 2907 3773 necesse
2933 3714 3032 3774 est

123 3816 480 3880 cognoscere
504 3820 586 3861 an
624 3820 737 3862 seu
768 3799 933 3881 quod
960 3798 1045 3861 sit
1081 3798 1277 3873 DeuS,
1304 3798 1413 3861 sed
1438 3797 1633 3861 etiam
1658 3798 1801 3877 quis
1832 3798 1917 3861 sit
1947 3798 2058 3862 ille
2081 3819 2268 3863 verus
2299 3797 2492 3875 Deus,
2519 3798 2802 3881 alioquin
2825 3798 3028 3863 homi-

124 3905 222 3948 nes
264 3906 405 3950 cum
451 3886 783 3951 Pharaone
814 3890 1211 3969 quaererent,
1238 3887 1380 3969 quis
1406 3886 1492 3949 sit
1515 3884 1689 3947 Deus
1716 3882 2174 3952 Israelitarum.
2200 3885 2242 3950 J
2247 3910 2350 3950 am
2381 3908 2529 3950 vero
2559 3886 2850 3970 proprius
2876 3887 3030 3951 arti-

126 3973 285 4038 culus
330 3974 721 4059 Theologiae
768 3975 1291 4059 supernaturalis,
1348 3996 1473 4057 quo
1522 3973 1717 4037 etiam
1739 3974 2054 4058 imprimis
2079 3978 2118 4039 ὲ.
2141 3976 2422 4039 naturali
2447 3975 2898 4059 distinguitur:
2935 3980 3033 4063 est

126 4063 381 4146 cognitio
407 4087 422 4127 ε
459 4062 639 4139 Quod
685 4086 868 4127 verus
899 4062 1073 4127 Deus
1118 4064 1202 4127 sit
1224 4067 1423 4146 pater,
1451 4063 1643 4137 filius,
1686 4060 1852 4145 Spir.
1874 4086 1926 4127 s.
1951 4084 2125 4147 ergo,
2151 4062 2266 4127 IV.
2294 4066 2556 4148 Arqum.
2583 4063 3031 4129 Necessarium

130 4154 213 4212 est
252 4154 497 4216 credere
530 4173 729 4215 unum
774 4174 991 4216 verum
1037 4152 1247 4216 Deum
1293 4173 1429 4215 esse
1462 4155 1731 4235 patrem,
1762 4152 1928 4233 quod
1961 4152 2154 4215 etiam
2199 4151 2324 4234 ipsi
2355 4150 2675 4217 Sociniani
2706 4152 2772 4216 in
2797 4174 3030 4238 genere

128 4234 299 4303 fateri
321 4245 653 4325 coguntur,
686 4240 834 4304 dum
866 4240 1047 4304 libris
1072 4240 1203 4304 suis
1235 4240 1693 4322 praescribunt,
1722 4240 1815 4305 De
1843 4260 1975 4306 uno
1999 4240 2130 4305 Deo
2149 4253 2367 4323 φαίνω
2390 4240 2586 4305 etiam
2605 4241 3032 4306 necessarium

132 4330 217 4388 est
234 4329 476 4394 credere
499 4329 705 4394 filium
730 4330 883 4413 ejus,
910 4336 950 4390 &
977 4327 1087 4412 Sp.
1112 4352 1161 4393 S.
1190 4326 1381 4393 Ratio
1407 4333 1521 4408 est,
1548 4330 1699 4413 quia
1722 4328 1893 4393 filius
1918 4332 2015 4392 est
2039 4350 2201 4393 unus
2218 4328 2512 4412 idemque
2529 4328 2640 4393 ille
2657 4352 2842 4395 verus
2859 4328 3031 4395 Deus

132 4433 257 4479 eum
300 4425 495 4499 patre,
531 4423 602 4481 ut
624 4418 671 4482 81
702 4416 811 4502 Sp.
838 4441 887 4481 s,
920 4417 1009 4482 Et
1034 4418 1143 4500 qui
1176 4422 1425 4500 patrem
1454 4418 1797 4503 cognoscit,
1822 4420 2038 4501 negat,
2066 4415 2300 4501 diligit,
2325 4418 2480 4497 odit,
2505 4416 2570 4481 in
2597 4418 2782 4482 illum
2811 4418 3029 4496 credit,

2886 4526 3030 4569 cum
