3694 4871
639 323 765 387 188
858 316 1078 383 D1sr.
1127 308 1276 382 VII.
1324 317 2000 387 Pnosnnusruu
2045 336 2141 380 nr
2185 312 2540 384 Mani-ro
2587 316 2968 385 Onn1srl
3011 313 3252 383 Pras
3301 314 3396 383 Π.

628 504 824 570 etiam
871 502 1156 588 plerique
1202 497 1517 591 Theologi
1542 504 1892 584 reformati,
1919 526 1996 569 ex
2017 505 2166 571 Luc.
2194 503 2298 571 24.
2326 504 2432 571 26.
2459 502 2702 588 Philip.
2726 502 2787 569 2.
2825 504 2884 567 7.
2909 502 3093 568 Hebr.
3121 503 3185 566 9.
3218 503 3334 567 11.
3365 522 3568 588 usque
3674 542 3676 545 -

629 592 733 657 24.
762 589 1067 667 Quamvis
1098 587 1400 658 Patribus
1430 600 1475 655 Su
1497 592 1871 673 Pontificiis,
1905 594 2100 658 etiam
2131 592 2274 657 aliis
2305 592 2514 659 simile
2538 592 2692 677 quid
2714 590 3037 657 exciderit.
3087 589 3257 656 Vide
3291 590 3572 675 Alcinqii

622 680 989 767 problemat.
1030 690 1200 763 part.
1250 680 1311 745 1.
1343 682 1545 764 probl.
1594 684 1697 747 41.
1746 680 1873 747 Sed
1901 681 2068 746 forte
2091 681 2184 746 ita
2206 681 2558 765 loquentes,
2586 680 2641 745 si
2672 702 2795 745 non
2824 701 3041 744 omnes
3073 679 3314 743 saltem
3343 678 3568 761 aliqui,

628 767 951 833 conciliari
999 770 1277 850 possent,
1324 772 1436 834 aut
1480 770 1709 835 saltem
1754 769 1989 854 corrigi
2037 769 2357 848 deberent,
2405 768 2809 834 distinctione
2853 768 2988 847 illa,
3035 789 3232 850 quam
3287 767 3566 832 Thomas

627 854 899 941 quodlib.
933 856 994 919 2.
1027 855 1202 921 artic.
1228 856 1287 921 2.
1314 857 1361 924 δυ
1382 880 1527 923 cum
1551 881 1625 923 eo
1648 858 2029 924 recentiores
2054 858 2359 922 adhibent
2383 858 2578 941 (apud
2619 856 2959 923 Valentiam
2980 856 3067 921 ad
3087 856 3149 920 3.
3176 868 3432 941 quaest.
3463 856 3564 919 22.

620 955 856 1029 puncto
909 943 963 1007 1.
1028 943 1297 1029 Vasquez
1342 946 1506 1031 disp.
1560 946 1661 1012 12.
1700 968 1837 1031 cap.
1865 948 1926 1011 2.
1953 968 2134 1013 num.
2166 947 2264 1009 12.
2294 946 2616 1011 Becanum
2637 946 2710 1010 in
2745 944 2944 1010 Theol.
2968 944 3272 1010 scholast.
3295 955 3477 1029 parc.
3501 944 3564 1007 3.

598 1064 605 1071 ·
628 1042 806 1099 tract.
858 1033 915 1095 1.
962 1052 1095 1115 cap.
1136 1031 1238 1097 14.
1286 1046 1522 1119 quaest.
1548 1035 1637 1118 3.)
1662 1034 1830 1099 inter
1852 1034 2174 1100 infinitum
2201 1034 2481 1099 valorem
2504 1056 2615 1100 seu
2647 1034 3047 1119 dignitatem,
3071 1033 3118 1097 ὦ
3141 1032 3319 1096 inter
3347 1032 3564 1096 infini-

623 1124 763 1185 tum
807 1120 1135 1184 meritum:
1183 1142 1452 1204 quorum
1496 1122 1655 1187 illud
1677 1122 2087 1187 tribuendum
2117 1123 2202 1187 sit
2224 1122 2496 1207 singulis
2528 1121 2768 1188 Christi
2798 1120 3187 1197 actionibus;
3221 1119 3410 1184 istud
3433 1142 3558 1184 non

624 1206 749 1273 nisi
779 1208 1072 1273 omnibus
1096 1208 1451 1275 actionibus
1496 1211 1688 1276 simul
1714 1212 1942 1276 sumtis
1968 1213 2015 1278 δῦ
2037 1232 2151 1295 per
2175 1210 2601 1276 voluntariam
2624 1209 2824 1293 ipsius
2849 1213 3118 1273 mortem
3143 1230 3558 1273 consumma-

622 1295 728 1375 tis,
776 1318 853 1360 ex
890 1296 1119 1363 Johan.
1176 1296 1274 1364 12.
1303 1298 1409 1363 24.
1436 1300 1542 1364 32.
1563 1299 1728 1366 Jesa.
1762 1300 1868 1364 53.
1897 1300 2000 1363 10.
2025 1298 2252 1384 Ephes.
2290 1299 2345 1362 1.
2377 1297 2434 1363 7.
2468 1298 2656 1364 Hebr.
2685 1297 2747 1363 6.
2779 1318 2839 1363 v.
2869 1297 2971 1361 15.
2999 1297 3102 1359 22.
3138 1296 3247 1360 28.
3301 1295 3479 1361 Addi
3503 1297 3556 1359 si

623 1384 830 1467 placet
854 1384 1135 1469 Philipp.
1169 1385 1230 1449 2.
1260 1406 1418 1451 vers.
1454 1387 1515 1453 8.
1548 1386 1610 1452 9.
1660 1386 1791 1453 Ubi
1814 1386 2176 1452 voluntaria
2198 1409 2368 1452 mors
2391 1386 2670 1471 ponitur,
2694 1390 3002 1469 tanquam
3027 1384 3308 1450 conditio
3334 1384 3554 1468 requi-

622 1472 747 1537 sita
793 1473 874 1538 ad
916 1472 1219 1538 meritum
1257 1472 1517 1555 Christi,
1541 1498 1654 1559 per
1684 1498 1878 1559 quam
1906 1497 2126 1540 omnes
2151 1475 2286 1558 ejus
2310 1474 2588 1540 actiones
2615 1473 2806 1540 simul
2838 1478 3086 1538 sumtae
3107 1473 3382 1538 fuerunt
3406 1494 3550 1537 con-

622 1563 1009 1625 summatae:
1062 1560 1244 1642 Quod
1283 1562 1524 1648 factum
1572 1563 1695 1649 (uti
1728 1565 1844 1629 loc.
1872 1565 1978 1628 cit.
2005 1564 2098 1628 ait
2123 1562 2437 1645 Becanus)
2459 1583 2592 1629 non
2621 1584 2697 1629 ex
2715 1563 2953 1629 natura
2983 1562 3092 1641 rei,
3117 1560 3228 1627 sed
3257 1582 3338 1627 ex
3361 1560 3551 1627 libero

620 1658 796 1731 pacto
818 1645 897 1749 ,ἃ
916 1648 1347 1731 promissione.
1398 1651 1564 1718 Nam
1587 1652 1762 1717 Deus
1786 1672 1918 1717 non
1939 1652 2135 1718 voluit
2163 1650 2404 1718 Christo
2423 1652 2783 1736 promittere
2804 1650 3248 1717 redemtionem
3271 1648 3548 1716 humani

616 1756 862 1820 yenens
903 1756 1017 1820 per
1052 1736 1310 1803 modum
1336 1740 1626 1823 praemii,
1651 1741 1780 1806 nisi
1802 1738 2219 1826 dependenter
2239 1740 2317 1805 ab
2342 1740 2546 1824 ipsius
2569 1750 2766 1805 morte
2801 1738 2864 1805 ἃ·
2884 1738 3194 1824 passione.
3241 1736 3428 1802 Haec
3451 1736 3546 1800 di-

616 1824 874 1889 stinctio
920 1824 1172 1889 videtur
1203 1825 1339 1891 fere
1362 1826 1711 1894 coincidere
1742 1852 1889 1894 cum
1919 1829 2052 1909 illa,
2079 1851 2272 1913 quam
2301 1828 2472 1893 infra
2495 1827 2622 1893 alia
2651 1828 2719 1892 in
2741 1826 3109 1911 quaestione
3141 1825 3542 1901 adhibemus,

616 1910 784 1977 inter
798 1912 1098 1978 meritum
1112 1914 1460 1997 potentiale
1474 1916 1523 1981 ἅ
1539 1917 1810 1983 actuale.
1825 1915 1952 1982 Sed
1972 1922 2125 1983 tunc
2148 1916 2486 1982 admodum
2507 1915 2956 1981 catechrestice
2980 1918 3092 1980 aut
3105 1914 3272 1979 falso
3291 1913 3540 1990 dicitur,

614 2021 810 2065 unam
834 2001 934 2066 vel
959 2000 1291 2067 minimam
1314 2002 1480 2069 hanc
1502 2008 1615 2070 aut
1631 2005 1810 2070 illam
1823 2004 2064 2071 Christi
2081 2005 2394 2070 actionem
2410 2008 2523 2070 aut
2535 2004 2896 2089 passionem
2919 2006 3067 2068 actu
3081 2000 3377 2067 sufficere
3393 2001 3540 2067 huic·

617 2092 731 2152 aut
746 2088 845 2153 illi
860 2089 1178 2173 peccatori
1194 2090 1577 2172 redimendO,
1603 2093 1649 2159 ἃ
1666 2098 2123 2177 consequenter
2138 2115 2473 2178 perperam
2489 2093 2732 2177 petitur
2748 2095 2788 2156 a
2803 2090 2940 2157 Deo
2955 2094 3028 2155 ut
3051 2113 3125 2155 ea
3139 2091 3280 2155 sola
3295 2112 3369 2155 ac
3381 2111 3540 2155 seor·
3673 2116 3676 2149 1

617 2175 738 2241 sim
756 2180 1065 2261 tanquam
1081 2177 1403 2245 sufficiens
1420 2180 1662 2246 lutrum
1686 2185 1799 2246 aut
1814 2182 2116 2247 meritum
2135 2181 2258 2246 sibi
2275 2181 2355 2246 ad
2372 2182 2646 2247 salutem
2671 2180 2940 2245 donetur
2954 2183 3146 2263 atque
3161 2178 3532 2263 applicetur.

703 2262 777 2333 3.
823 2262 966 2330 XV.
1005 2264 1112 2331 An
1138 2288 1290 2351 ergo
1314 2267 1605 2335 Christus
1634 2291 1852 2335 omnes
1883 2292 2118 2353 poenas
2143 2270 2189 2336 &
2219 2269 2620 2350 afflictioneS‚
2646 2290 2806 2352 quas
2829 2290 2943 2352 per
2967 2288 3219 2334 omnem
3243 2266 3447 2332 vitam
3469 2265 3532 2330 in

615 2351 832 2417 anima
870 2353 916 2419 &
960 2374 1221 2440 corpore
1264 2356 1553 2441 pertulit,
1598 2360 1739 2423 tum
1784 2358 1855 2423 in
1900 2357 2108 2423 forma
2154 2379 2225 2423 ac
2266 2358 2494 2443 specie,
2521 2361 2658 2423 tum
2681 2356 2750 2421 in
2773 2355 3134 2442 quantitate
3159 2354 3344 2442 [pag.
3373 2355 3501 2419 248

614 2439 926 2508 intensive
968 2442 1015 2507 85
1054 2445 1375 2510 extensive
1407 2446 1497 2511 sic
1518 2445 1687 2512 ferre
1719 2447 2028 2527 debuerit,
2055 2450 2102 2515 δῦ
2122 2447 2388 2526 tamdiu,
2414 2469 2541 2513 non
2561 2450 2814 2511 tantum
2845 2468 2924 2512 ex
2952 2444 3226 2510 Decreto
3259 2443 3404 2524 Dei,
3429 2467 3460 2509 s

614 2528 808 2594 etiam
839 2553 917 2595 ex
940 2531 1002 2596 vi
1023 2533 1335 2598 naturalis
1351 2533 1643 2618 justitiae
1664 2535 1937 2614 divinae,
1965 2535 2249 2619 alioquin
2273 2534 2774 2601 satisfactionem
2797 2533 2934 2599 Deo
2960 2535 3007 2600 ἃ
3027 2532 3330 2620 meritum
3351 2531 3534 2598 nobis

612 2638 740 2681 non
761 2619 1206 2701 praestiturus.
1253 2623 1433 2709 Hesp.
1460 2621 1607 2688 Non
1630 2627 1787 2707 puto
1810 2624 1893 2689 ab
1925 2624 2137 2706 aliquo
2163 2624 2546 2688 sententiam
2569 2626 2914 2708 negantem
2938 2622 3030 2687 sic
3053 2620 3448 2706 propositam
3469 2621 3530 2684 in

613 2703 878 2770 dubium
923 2706 1117 2786 trahi,
1163 2712 1277 2773 aut
1306 2709 1375 2774 in
1398 2711 1606 2776 medio
1630 2711 1928 2796 relinqui.
1976 2711 2102 2779 Sed
2123 2711 2468 2778 difficultas
2501 2733 2628 2790 303,
2661 2711 2826 2777 circa
2849 2713 3119 2775 mortem
3143 2732 3215 2774 co
3333 2709 3528 2774 ralem

612 2814 685 2857 ac
730 2792 1130 2876 spiritualem
1174 2798 1449 2880 peccatis
1492 2799 1728 2864 nostris
1774 2800 2057 2865 debitam
2102 2800 2205 2887 (de
2252 2822 2379 2884 quo
2425 2822 2619 2884 supra
2647 2799 2902 2884 probL),
2950 2798 3056 2864 An
3093 2798 3229 2863 scil.
3303 2817 3528 2882 ponsor

613 2881 1006 2955 3⁵&v3moc
1050 2883 1115 2948 in
1160 2883 1368 2950 forma
1390 2887 1436 2952 81
1464 2887 1671 2970 specie
1695 2910 1837 2952 eam
1861 2893 2122 2973 gustare
2151 2888 2462 2968 debuerit,
2487 2892 2561 2954 ut
2581 2887 2867 2972 justitiae
2896 2886 3021 2952 Dei
3051 2885 3427 2963 satisfieret3
3451 2906 3526 2948 an

610 2990 759 3033 vero
804 2990 921 3052 per
940 2973 1519 3054 compensationem
1541 2974 1766 3040 &lutri
1798 2976 2334 3060 aequivalentiam
2359 2976 2524 3041 aliae
2547 2976 2872 3060 passiones
2897 2977 2945 3041 ἃ
2967 2997 3209 3058 poenae
3239 2973 3524 3038 sufficere

607 3055 983 3157 potuissent,
1015 3063 1276 3142 propter
1298 3061 1615 3128 infinitam
1638 3086 1944 3148 personae
1967 3064 2271 3148 patientis
2295 3064 2698 3150 dignitatem,
2723 3063 3034 3148 siquidem
3059 3060 3185 3128 Dei
3209 3061 3524 3126 decretum

605 3165 733 3208 non
779 3145 1151 3211 obst1tisset.
1197 3146 1489 3214 Breviter
1534 3150 1658 3216 huc
1701 3152 1929 3218 recidit
1952 3152 2259 3237 quaesti0,
2291 3153 2396 3218 An
2426 3151 2600 3217 Deus
2631 3174 2748 3235 per
2770 3151 3127 3216 absolutam
3155 3149 3525 3234 potentiam,

606 3231 787 3297 salva
820 3229 1079 3334 leSffiffifl·
1125 3236 1171 3302 ἃ
1215 3240 1447 3302 natura
1490 3261 1625 3319 sua,
1674 3240 1984 3324 potuisset
2029 3241 2360 3306 decernere
2391 3245 2464 3304 ut
2493 3239 2784 3304 Christus
2809 3261 2925 3323 pro
2947 3238 3318 3304 hominibus
3339 3236 3523 3302 morti

605 3320 916 3401 obnoxus,
962 3343 1089 3386 non
1134 3328 1404 3390 mortem
1450 3330 1820 3412 utramquez
1870 3328 1979 3394 sed
2007 3333 2118 3394 aut
2149 3329 2528 3394 alterutram
2549 3330 2825 3408 tantum,
2850 3330 2963 3392 aut
2989 3330 3304 3405 neutram,
3336 3325 3522 3392 aliam

604 3407 740 3474 scil.
772 3431 1063 3493 poenam,
1090 3414 1202 3476 aut
1233 3412 1392 3478 alias
1414 3435 1643 3499 graves
1667 3438 1904 3500 poenas
1926 3416 2245 3495 subiisset,
2271 3417 2318 3482 δι
2341 3415 2432 3482 sic
2454 3416 2520 3482 vi
2547 3415 2779 3482 valoris
2805 3413 3202 3501 &dignitatis
3220 3413 3522 3478 &infinita

603 3496 819 3562 divina
862 3501 1094 3564 natura
1139 3500 1186 3565 81
1230 3521 1500 3585 persona
1543 3503 1612 3568 in
1662 3503 2020 3587 passionem
2065 3504 2246 3570 illam
2287 3503 2782 3570 satisfactoriam
2828 3503 3170 3582 manantis,
3209 3501 3520 3567 sufficiens

604 3583 845 3652 lutrum
866 3608 983 3670 pro
1006 3586 1189 3652 nobis
1213 3590 1602 3657 exsolvisset.
1650 3590 1925 3658 Videtur
1951 3593 2285 3659 Cacechesis
2315 3604 2549 3678 quaest.
2577 3592 2684 3657 40.
2717 3593 2948 3656 saltem
2971 3591 3048 3656 de
3071 3595 3278 3656 morte
3311 3612 3519 3674 corpo⁶

600 3672 723 3736 rali
744 3675 875 3739 tale
900 3674 1053 3758 quid
1076 3697 1377 3744 asserere.
1422 3677 1521 3744 De
1544 3679 1767 3745 mortis
1790 3681 2142 3765 spiritualis
2165 3704 2279 3747 seu
2306 3681 2557 3746 animae
2581 3681 2799 3766 (prout
2821 3701 2896 3744 ea
2922 3683 2960 3744 a
2981 3679 3218 3744 nostris
3242 3677 3516 3744 nomina·

602 3759 723 3825 tim
767 3761 849 3826 ab
871 3762 1116 3829 Amesio
1141 3764 1245 3830 lib.
1284 3765 1339 3830 1.
1372 3767 1679 3833 Medulhte
1699 3789 1833 3853 cap.
1862 3769 1968 3833 22.
1995 3769 2399 3852 describitur)
2427 3769 2718 3833 absoluta
2739 3767 3118 3834 necessitate
3143 3765 3237 3853 (h.
3267 3789 3322 3833 e.
3351 3771 3518 3830 extra

602 3846 649 3913 ἃ
673 3852 821 3915 ante
842 3871 1029 3916 omne
1053 3850 1374 3919 decretum
1398 3853 1547 3938 Dei)
1581 3877 1707 3920 non
1731 3857 1995 3920 memini
2018 3855 2414 3935 Catechesin,
2441 3860 2554 3922 aut
2578 3857 2739 3921 alias
2763 3855 3071 3921 formulas
3096 3855 3395 3920 similiter
3417 3855 3516 3918 de·

600 3937 963 4004 terminare.
1011 3936 1135 4005 Sed
1183 3939 1347 4006 forte
1394 3943 1598 4027 excipi
1642 3948 1876 4027 posset,
1925 3943 2296 4011 catechesin
2338 3945 2512 4029 loqui
2545 3944 2621 4009 de
2643 3948 2849 4009 morte
2873 3943 3205 4028 corporali,
3233 3943 3314 4008 ad
3336 3964 3514 4028 quam

602 4022 927 4091 ferendam
964 4025 1257 4094 Christus
1282 4027 1560 4114 Sponsor
1582 4031 1922 4096 tenebatur
1946 4055 2024 4098 ex
2049 4033 2191 4118 jure
2224 4033 2541 4118 &justitia
2569 4032 2715 4112 Dei,
2741 4055 2902 4116 quae
2936 4032 3284 4098 secundum
3305 4028 3512 4117 primi-

603 4111 860 4195 geniam
905 4114 1117 4201 legem
1155 4119 1271 4197 est,
1293 4123 1339 4180 81
1360 4119 1705 4186 secundum
1726 4119 1949 4186 foedus
1981 4121 2318 4187 creationis
2342 4142 2486 4186 cum
2516 4121 2884 4186 hominibus
2908 4120 2976 4184 in
3000 4119 3252 4186 Adamo
3277 4121 3509 4197 initum,

606 4199 819 4300 qenes.
846 4203 905 4266 2.
929 4222 1087 4268 vers.
1115 4203 1218 4268 17.
1252 4209 1444 4292 atque
1470 4207 1625 4273 adeo
1648 4208 1994 4274 secundum
2015 4208 2141 4274 Dei
2163 4209 2503 4276 decretum.
2528 4209 2842 4296 Altinqius
2864 4209 2950 4274 ad
2969 4207 3274 4275 Caleches.
3291 4215 3506 4297 quaest.

598 4295 697 4350 cat.
724 4291 797 4352 ut
818 4289 865 4354 a
897 4289 970 4354 in
996 4288 1371 4389 Problemm.
1389 4307 1559 4380 part.
1586 4296 1647 4360 2.
1676 4295 1886 4362 Probi.
1920 4297 2026 4362 41.
2074 4295 2292 4363 Verba
2324 4297 2725 4364 catechesios
2757 4296 3016 4382 exponit
3039 4297 3116 4362 de
3133 4296 3394 4382 justitia
3411 4316 3510 4361 na-

597 4372 795 4440 turali
840 4375 1355 4446 contradsstincte
1399 4381 1480 4449 ad
1516 4384 1624 4467 jus
1656 4384 1703 4451 81
1720 4383 2063 4468 justitiam,
2090 4405 2252 4470 quae
2277 4385 2346 4452 in
2369 4386 2503 4452 solo
2527 4385 2778 4453 decreto
2806 4391 2850 4449 δι
2875 4386 3017 4472 lege
3041 4381 3168 4452 Dei
3191 4385 3505 4540 ἒωινᾱαὲω.

3357 4497 3381 4538 1
3417 4493 3512 4538 en·
