3694 4871
896 343 2264 414 D1sp.X.Danam1-:nm10m.
2911 347 3038 410 289

90 529 153 592 6.
215 528 319 591 10.
352 528 429 592 de
461 531 587 610 qua
610 527 799 594 infra.
848 527 1028 593 VIII.
1077 528 1231 594 Post
1262 530 1427 594 lianc
1463 530 1659 594 vitam
1682 530 1930 596 animae
1955 531 2304 610 beatitudo,
2331 529 2704 595 resurrectio
2730 533 3036 615 corporiS,

86 617 325 681 totalis
372 618 417 683 St
464 616 673 681 finalis
720 617 945 700 gloria.
1001 619 1059 681 1.
1112 621 1274 683 Petr.
1308 619 1362 680 1.
1395 619 1454 682 3.
1484 619 1543 682 9.
1572 619 1711 682 coll.
1740 641 1884 682 cuni
1909 619 2145 704 Philip.
2183 623 2242 683 2.
2277 620 2443 684 la&
2471 623 2529 682 3.
2563 619 2664 681 10.
2705 620 2804 684 11.
2834 623 2893 684 2.
2925 623 3039 686 Co-

95 706 305 771 rinth.
356 706 417 767 4.
456 707 557 768 16.
598 706 699 769 17.
748 704 878 770 Ubi
902 711 1338 770 consummata
1362 707 1584 770 fruitio
1612 707 1777 772 vitae
1805 713 2101 774 aeternae
2133 731 2246 774 seu
2270 707 2512 794 gloriae
2538 712 2782 771 exserte
2807 710 3038 773 statui-

88 800 209 857 tur
264 816 406 858 esse
454 794 599 858 finis
623 795 669 858 δι
694 794 783 859 sic
808 794 1023 878 aliquo
1054 796 1240 860 modo
1273 817 1660 878 consequens
1688 796 1982 861 effectum
2007 798 2295 882 proxime
2319 797 2366 862 a
2397 795 2762 860 immediate
2785 797 3040 861 termini

87 881 608 966 regenerationis
632 884 1010 947 consecutivi
1040 906 1151 948 seu
1178 883 1241 947 in
1270 884 1541 949 secundo
1570 888 1923 949 momento:
1951 888 1996 952 81,
2022 888 2480 970 consequenter
2502 883 2760 947 termini
2777 905 3042 970 regene-

86 970 374 1035 rationis
422 969 709 1035 formalis
766 975 904 1056 (seu
956 972 1023 1035 in
1048 972 1254 1055 primo
1279 973 1625 1054 momento)
1654 973 2026 1056 propinque.
2075 974 2400 1050 Quomodo
2431 976 2648 1036 autem
2680 973 2725 1037 δι
2751 995 2876 1055 qua
2899 995 3044 1038 cum

88 1059 516 1123 distinctione
573 1081 649 1124 ex
704 1060 1117 1143 scriptoribus
1162 1060 1525 1124 reformatis
1572 1061 1685 1124 alii
1708 1063 2052 1126 concedant
2082 1062 2191 1126 alii
2216 1065 2452 1147 negent
2484 1061 2798 1125 actualem
2824 1063 2870 1127 a
2893 1083 3041 1126 con-

86 1152 385 1212 stantem
429 1147 686 1230 pietatis
710 1149 935 1230 praxin
960 1148 1177 1232 aliquo
1202 1149 1386 1213 modo
1412 1171 1597 1233 posse
1624 1149 1746 1213 dici
1772 1172 2032 1215 causare
2057 1173 2166 1214 seu
2192 1152 2537 1234 producere
2563 1147 2845 1213 fructum
2870 1151 3044 1214 vitae

84 1241 425 1312 aeternae,
456 1236 686 1300 saltem
716 1259 861 1301 eum
894 1237 1248 1301 necessario
1273 1241 1345 1300 ut
1369 1237 1649 1302 medium
1679 1240 2046 1304 antecedere
2073 1243 2186 1303 aut
2207 1261 2332 1303 non
2361 1237 2765 1309 antecedere:
2794 1261 2871 1302 ex
2900 1260 3046 1321 pro-

84 1325 270 1389 fesso
306 1324 354 1388 ἃ
378 1325 621 1407 prolixe
646 1329 865 1388 contra
882 1325 1272 1390 tenebrionis
1298 1324 1838 1390 Remonstrantici
1865 1326 2302 1392 cavillationes
2329 1326 2746 1409 explicuimus
2771 1326 2834 1389 in
2864 1337 3043 1392 tract.

88 1413 201 1476 cui
232 1413 343 1477 tit.
378 1412 681 1478 Thersites
712 1414 839 1479 Hea
850 1415 1491 1490 utontimoramenos;
1516 1414 1561 1478 δι
1587 1437 1788 1496 nuper
1813 1415 1880 1477 in
1904 1415 2114 1500 dispp.
2140 1417 2216 1481 dc
2239 1415 2468 1480 selectis
2491 1414 2869 1500 quibusdam
2892 1435 3046 1498 pro·

87 1502 411 1568 blematis.
463 1500 865 1567 Problemata
895 1505 1045 1565 sunt
1080 1501 1129 1566 I.
1182 1503 1281 1566 An
1308 1503 1706 1586 regeneratio
1730 1503 2093 1568 intellectus
2124 1526 2238 1588 per
2261 1501 2793 1567 illuminationem
2819 1505 2954 1567 tani
2980 1503 3044 1566 in

84 1592 317 1674 primo
366 1611 555 1672 quam
581 1591 648 1653 in
674 1590 943 1654 secundo
968 1595 1137 1666 actu,
1162 1591 1339 1673 cujus
1364 1591 1675 1655 terminus
1710 1613 1819 1654 seu
1847 1592 2108 1656 effectus
2135 1591 2423 1656 formalis
2448 1595 2544 1654 est
2568 1590 2846 1674 cognitio
2871 1591 2917 1656 8]
2942 1613 3045 1654 as—

88 1701 335 1744 sensus
386 1678 697 1760 veritati8‚
744 1679 1061 1762 sapientia
1108 1677 1516 1764 Theologica,
1549 1679 1885 1763 prudentia
1909 1680 2336 1745 ecclesiastica
2367 1683 2466 1747 διο.
2493 1679 2746 1743 differat
2769 1680 2977 1762 specie
3000 1681 3045 1746 δῦ

90 1768 341 1844 forma,
369 1767 451 1830 ab
500 1767 611 1829 illo
665 1767 905 1830 auxilio
950 1767 1365 1831 communiori
1409 1767 1919 1847 illuminationiS,
1953 1791 2114 1850 quae
2139 1769 2334 1833 etiam
2357 1767 2642 1852 reprobis
2667 1769 3043 1851 quibusdam

89 1855 452 1938 contingit,
480 1859 591 1919 aut
614 1855 833 1919 electis
860 1859 1007 1918 ante
1032 1856 1345 1920 actualem
1372 1857 1843 1920 conversionem
1862 1862 1892 1920 Ρ
1920 1859 2097 1942 Hesp.
2127 1858 2250 1944 Asl.
2278 1879 2354 1922 ex
2385 1859 2441 1922 1.
2469 1855 2610 1922 Joh.
2637 1858 2694 1917 5.
2735 1857 2834 1921 19.
2863 1857 3044 1942 [pag.

92 1945 273 2026 456]
341 1943 446 2007 20.
507 1944 784 2027 Philipp.
843 1944 900 2006 1.
952 1945 1013 2008 9.
1043 1944 1145 2007 10.
1180 1945 1405 2010 Coloss.
1439 1946 1491 2008 l.
1522 1945 1583 2008 9.
1610 1946 1831 2028 Ephe-3.
1866 1946 1922 2009 1.
1957 1947 2058 2011 17.
2089 1945 2194 2011 18.
2217 1945 2418 2011 Jacob.
2447 1945 2508 2008 3.
2543 1945 2642 2007 13.
2673 1945 2774 2009 15.
2807 1945 2908 2008 17.
2936 1945 3044 2009 ubi

90 2033 411 2096 distincte
450 2033 484 2100 ἡ
502 2031 728 2090 ἄνωθεν
748 2037 919 2112 σοφία
951 2033 996 2096 &
1028 2033 1173 2098 Luc.
1218 2033 1275 2096 1.
1308 2033 1408 2097 17.
1442 2033 1705 2112 φρόνησις
1724 2031 1970 2097 δικαίων.
2019 2033 2116 2098 De
2139 2034 2356 2118 quoin
2386 2033 2640 2116 Disput.
2672 2033 2748 2096 de
2778 2033 3043 2116 Simpli-

90 2123 285 2186 citate
335 2119 398 2184 ἃ·
428 2121 698 2205 Hypocr·
746 2119 898 2182 Pari
921 2121 1169 2184 ratione
1202 2120 1308 2184 hic
1332 2121 1851 2206 distinguendum
1885 2126 2202 2206 putamuS,
2231 2145 2304 2186 ac
2329 2123 2402 2186 de
2427 2122 2550 2186 fide
2575 2120 3045 2198 miraculorum,

94 2209 392 2292 aliisque
436 2207 839 2272 charismatis
870 2207 935 2272 in
961 2209 1299 2293 regenitis:
1325 2231 1489 2293 quae
1512 2209 1934 2274 materialiter
1957 2211 2316 2274 communia
2340 2213 2524 2274 sunt:
2549 2208 2906 2272 formaliter
2929 2230 3043 2290 pe-

90 2297 385 2363 culiaria
430 2318 504 2360 ac
548 2295 805 2380 propria
852 2295 919 2359 in
968 2297 1273 2381 regenitis
1299 2301 1343 2364 δι
1372 2320 1513 2362 vere
1547 2298 1864 2363 fidelibus.
1915 2298 2111 2364 Marci
2141 2300 2239 2362 16.
2273 2299 2374 2363 16.
2408 2297 2508 2360 17.
2535 2297 2816 2362 Johann.
2845 2297 2902 2359 7.
2938 2298 3044 2359 28.

89 2389 314 2454 Actor.
378 2385 481 2449 19.
528 2387 589 2449 4.
638 2385 699 2449 5.
727 2385 787 2450 6.
814 2383 1045 2450 Confer
1069 2386 1275 2471 dispp.
1308 2387 1385 2452 de
1415 2387 1756 2465 Miracittis,
1783 2389 1828 2453 δι
1853 2387 1928 2453 de
1948 2387 2364 2453 charismatis.
2415 2385 2516 2450 An
2549 2389 2763 2450 autem
2787 2384 3046 2449 habitus

86 2475 467 2560 sapientiae
490 2473 937 2558 Theologicae,
970 2479 1083 2539 aut
1106 2475 1478 2559 prudentiae
1504 2476 1984 2553 ecclesiasticae,
2011 2476 2077 2539 in
2102 2476 2466 2560 irregenitis
2498 2475 2751 2559 proprie
2779 2477 2824 2539 δι
2847 2474 3042 2557 spec-i-

92 2566 221 2629 fice
257 2564 351 2629 sit
374 2563 673 2628 dicendus
696 2561 967 2639 infusus,
996 2586 1075 2626 an
1104 2586 1249 2628 vero
1282 2563 1649 2646 acquisitus.
1686 2563 1974 2647 Disquiri
1998 2568 2232 2648 posset,
2261 2563 2394 2627 Nos
2419 2564 2485 2627 in
2516 2574 2676 2647 post.
2703 2564 2830 2649 Aff.
2860 2561 3045 2627 incli-

88 2674 377 2717 namus:
405 2652 497 2715 ita
521 2654 595 2715 ut
618 2652 837 2715 eodem
862 2672 1052 2715 censu
1074 2651 1237 2715 tales
1260 2651 1519 2716 habitus
1538 2652 1907 2731 habeamus,
1926 2674 1998 2717 ac
2014 2652 2276 2717 habitus
2293 2652 2633 2716 eorundem
2652 2649 3048 2734 philosophi·
3108 2730 3111 2733 Ι

87 2765 235 2816 cos,
288 2739 591 2816 Mediam,
626 2738 979 2814 historicOS,
1008 2740 1287 2823 poeticos
1313 2742 1411 2805 Sic.
1440 2738 1526 2804 ΙΙ.
1557 2744 1655 2803 An
1678 2739 2042 2805 intellectus
2066 2740 2464 2825 regeneratio
2497 2740 2668 2803 dicat
2689 2738 3046 2803 necessario

86 2851 353 2895 novum
386 2827 599 2892 lumen
621 2828 795 2891 intus
818 2827 1218 2910 impressum,
1246 2850 1355 2892 seu
1382 2828 1675 2892 habitum
1698 2828 2078 2913 cognitionis
2103 2850 2176 2893 ac
2201 2828 2569 2912 sapientiae,
2599 2848 2723 2911 quo
2748 2849 2926 2891 mens
2949 2827 3048 2889 in-

86 2920 397 2983 formata
420 2916 781 2991 inclinetur,
806 2914 1282 2995 determinetur,
1308 2916 1679 2994 facilitetur,
1704 2939 1777 2981 ac
1802 2917 2027 2981 idonea
2050 2918 2350 2982 reddatur
2374 2917 2453 2980 ad
2477 2915 2840 3000 spiritualia
2863 2915 3044 2998 spiri-

82 3006 383 3071 tualiter
426 3003 827 3089 percipienda
874 3024 947 3068 ac
999 3004 1429 3088 dijudicanda:
1478 3028 1561 3069 an
1608 3026 1755 3069 vero
1800 3004 2079 3070 sufficiat
2123 3005 2258 3069 sola
2283 3005 2636 3070 extrinseca
2658 3004 2946 3069 veritatis
2973 3026 3050 3068 ex

84 3095 309 3160 verbo
362 3092 482 3157 Dei
529 3091 877 3176 propositio
909 3092 955 3157 &
980 3092 1305 3176 persuasio
1324 3096 1354 3157 Ρ
1406 3095 1581 3179 Resp.
1610 3095 1755 3177 Neq.
1779 3106 1939 3177 post.
1975 3095 2103 3181 Aff.
2127 3114 2226 3177 pr.
2255 3098 2476 3159 contra
2496 3093 2834 3157 hodiernos
2858 3092 3047 3157 Pela-

87 3180 541 3271 gianos.Vide
563 3180 841 3247 Simonis
856 3182 918 3247 E
954 3181 1174 3265 iscopii
1193 3180 1355 3265 disp.
1382 3182 1703 3264 publicam
1727 3182 1773 3247 δι
1797 3182 2112 3264 privatam
2131 3183 2206 3247 de
2215 3182 2654 3266 perspicuitate
2667 3182 3051 3265 scripturae:

85 3273 221 3337 ubi
276 3270 507 3335 statuit
560 3268 792 3347 omnia,
841 3290 1003 3351 quae
1052 3270 1131 3333 ad
1180 3270 1452 3334 salutem
1478 3270 1663 3347 scitu,
1688 3271 1951 3348 creditu,
1977 3274 2256 3354 speratu,
2286 3271 2460 3335 factu
2489 3270 2846 3334 necessaria
2877 3273 3046 3346 sunt,

81 3380 305 3447 posse
356 3361 394 3422 a
440 3358 745 3441 quolibet,
800 3357 987 3421 modo
1034 3380 1153 3422 usu
1198 3358 1464 3422 rationis
1512 3360 1557 3424 8ο
1596 3358 1832 3442 judicio
1872 3359 2136 3442 polleat,
2162 3359 2402 3442 absque
2427 3359 2558 3422 ullo
2581 3357 3048 3442 supernaturali

85 3447 367 3514 lumine
416 3450 529 3511 aut
580 3445 1049 3511 illuminatione
1094 3446 1410 3531 intelligi3
1468 3448 1513 3512 &
1566 3446 1819 3529 quidem
1865 3447 2001 3511 sine
2047 3448 2264 3511 labore
2291 3447 2620 3524 examiniS,
2647 3446 2782 3510 sine
2807 3444 3047 3508 auxilio

82 3558 425 3623 operosae
464 3534 801 3619 indaginis
852 3533 1179 3609 Quaenam
1224 3540 1441 3599 autem
1481 3537 1526 3600 8⁶
1550 3557 1741 3619 quam
1766 3556 1968 3618 pauca
1991 3535 2122 3599 sint
2144 3536 2226 3599 ad
2248 3536 2521 3600 salutem
2544 3535 2706 3599 scitu
2739 3536 2786 3599 8ο
2809 3532 3050 3597 creditu

80 3624 483 3691 necessaria
524 3622 867 3687 secundum
910 3623 1101 3706 ipsoS,
1126 3624 1367 3707 passim
1390 3623 1663 3687 innuunt
1692 3623 1759 3687 in
1782 3624 2110 3709 Apoloqia‚
2145 3626 2190 3690 81
2214 3624 2280 3687 in
2305 3643 2602 3707 responso
2629 3622 2716 3687 ad
2743 3622 3044 3703 Evcerpaea

47 3734 58 3743 ·
80 3713 465 3801 professor.
492 3710 913 3784 Leidensium,
938 3711 1252 3795 imprimis
1276 3712 1343 3775 in
1365 3711 1635 3796 profano
1658 3711 2025 3777 &insolenti
2049 3712 2286 3796 scripto
2310 3712 2410 3776 cui
2440 3712 2542 3775 tit.
2607 3709 2919 3777 Vindiciac
2939 3730 3048 3773 scu

104 3802 415 3870 Vedelius
434 3800 825 3885 Rhapsodus:
844 3800 1011 3883 quod
1034 3801 1416 3884 castigatum
1435 3799 1576 3864 vide
1594 3804 1633 3864 a
1662 3801 1895 3865 Vedclio
1920 3800 1990 3865 in
2012 3802 2266 3866 arcanis
2288 3799 2793 3876 firminianismi,
2820 3796 3051 3862 Confer

80 3890 296 3957 infra
318 3890 482 3974 disp.
504 3901 787 3954 nostram
812 3888 887 3953 de
907 3890 1081 3954 artic.
1115 3886 1177 3953 ἃ*
1206 3909 1401 3953 error.
1434 3888 1833 3972 fundament.
1860 3887 2079 3953 Novas
2103 3888 2484 3953 assertiones
2507 3908 2725 3951 eorum
2747 3888 2825 3950 de
2851 3886 3051 3949 libero

82 3978 413 4058 arbitrio,
463 3999 754 4042 excussas
802 3977 943 4041 vide
989 3977 1069 4041 ab
1102 3978 1345 4043 Amesio
1376 3978 1446 4041 in
1468 3978 1655 4061 refut.
1683 3979 1970 4061 scriptor.
1997 3976 2464 4063 Anti-synodal.
2490 3997 2566 4039 ex
2599 3975 2824 4059 Ephcs.
2858 3976 2912 4039 1.
2947 3974 3048 4038 17.

92 4070 237 4135 18.
260 4066 533 4135 labaim.
558 4066 619 4129 6.
646 4069 751 4130 45.
782 4066 998 4131 Matth.
1036 4067 1137 4129 13.
1176 4066 1271 4130 11.
1304 4067 1361 4129 1.
1396 4064 1675 4132 Corinth.
1703 4068 1765 4130 2.
1792 4067 1852 4129 8.
1884 4066 1985 4129 10.
2017 4066 2120 4129 11.
2153 4066 2249 4129 13.
2281 4064 2381 4128 14.
2415 4065 2514 4127 15.
2546 4064 2725 4129 Actor
2757 4064 2816 4127 (3.
2843 4061 3048 4127 4.111.

84 4159 304 4235 Quae
348 4156 435 4221 sit
470 4176 682 4233 causa,
707 4154 874 4238 quod
896 4155 1065 4238 apud
1089 4154 1481 4238 dogmaticos
1504 4156 1551 4221 δι
1581 4153 1890 4238 practicos
1921 4158 2056 4216 tam
2079 4153 2285 4217 multa
2303 4156 2634 4217 occurrant
2657 4150 3043 4231 ἑνκντωφκνῆ,

84 4248 297 4313 circa
332 4247 819 4328 consequentem
843 4242 1350 4327 dependentiam,
1375 4242 1681 4319 ordinem,
1708 4240 2167 4306 successionem
2191 4245 2448 4306 actuum
2479 4242 2526 4307 a
2559 4240 2924 4305 effectorum
2951 4263 3050 4304 re·

84 4331 562 4423 generationis
580 4336 611 4397 :³
659 4333 836 4415 Hesp.
891 4331 1121 4414 partim
1165 4330 1335 4414 quod
1373 4331 1593 4395 modus
1648 4329 2148 4415 regenerationis
2179 4334 2312 4394 tam
2340 4329 2622 4394 occultus
2647 4330 2751 4407 sit,
2781 4332 2826 4395 8⁶
2849 4330 3054 4393 multa

85 4444 249 4489 nos
270 4421 530 4500 lateant,
548 4422 734 4505 juxta
756 4420 917 4484 illud
941 4420 1217 4487 Johmm.
1246 4420 1305 4481 3.
1334 4419 1396 4485 8.
1419 4419 1845 4569 partiiln9quod
1869 4422 2206 4500 sequentes
2229 4418 2666 4519 distinctiones
2683 4422 2795 4481 aut
2811 4420 3057 4567 essert?J

2977 4526 3015 4568 a
