3694 4871
634 297 758 361 172
892 286 1132 362 Dlsr.
1180 298 1318 365 VI.
1367 296 1486 363 Da
1533 290 2235 363 Pnonammm
2282 291 2670 362 PsccArx
2716 298 3292 364 omassum.

627 486 703 549 de
747 484 994 551 ratione
1047 507 1165 549 sua
1219 482 1476 549 formali
1500 485 1743 549 nullam
1783 485 2091 549 moralem
2122 484 2585 569 impuritatem,
2611 486 3104 570 turpitudinem,
3128 487 3537 565 infectionem,

625 573 1144 658 depravationem
1191 576 1303 637 aut
1347 573 1734 657 pravitatem
1778 573 1986 638 dicere
2032 576 2265 657 potest.
2312 572 2401 638 Et
2446 578 2619 639 certe
2650 595 2778 638 non
2805 576 3014 654 vide0,
3057 577 3371 661 quomodo
3392 576 3543 639 hunc

626 661 918 727 fomitem
971 684 1178 740 suum,
1227 660 1543 746 explicare
1583 662 1630 727 8³
1661 662 1830 727 tueri
1861 662 2107 746 possint
2137 684 2276 727 esse
2301 662 2609 727 moralem
2630 664 3123 747 corruptionem,
3150 665 3537 749 pravitatem,

627 752 673 816 80
721 751 960 815 malam
986 749 1468 835 dispositionem
1491 753 1684 836 (quae
1721 754 1939 815 tamen
1965 750 2324 815 formaliter
2343 774 2469 815 non
2501 751 2588 816 sit
2610 756 2963 836 peccatum,
2988 776 3108 818 nec
3130 776 3397 838 poenam
3420 775 3537 817 me-

624 838 753 903 reri
797 837 1046 923 possit),
1093 842 1403 922 tanquam
1448 839 1710 904 tertium
1737 839 2053 922 quoddam
2085 841 2124 903 a
2160 843 2417 923 peccato
2442 841 2489 907 δι
2512 840 2805 924 opposita
2828 842 3067 907 virtute
3094 841 3475 919 distinctum,
3496 843 3537 907 ἃ

618 930 836 992 tamen
859 926 1058 991 solide
1079 925 1359 993 refutare
1380 927 1884 1005 Pontificiorum,
1910 926 2411 1005 Socinianorum,
2440 928 3058 1010 Remonstrantium)
3082 932 3329 1016 apotoy.
3352 951 3415 1014 ρ.
3444 930 3535 992 84.

623 1014 686 1080 ἃ·
737 1015 843 1080 86.
891 1014 1208 1101 (fomitem
1254 1014 1358 1080 cui
1403 1014 1742 1081 formalem
1795 1016 2115 1081 rationem
2160 1018 2404 1100 peccati
2452 1018 2498 1084 83
2528 1020 2744 1084 reatus
2776 1018 2976 1083 tribui
2999 1020 3248 1084 nolunt.
3304 1020 3534 1101 Quinto,

622 1103 790 1187 quod
837 1103 917 1168 ad
945 1108 1543 1188 temperamentum,
1582 1108 1621 1170 a
1642 1126 1769 1189 quo
1792 1107 2103 1189 tanquam
2127 1104 2440 1189 principio
2464 1105 2725 1187 directo,
2753 1108 2800 1174 8t
2822 1129 2939 1192 per
2962 1130 3031 1172 se
3053 1130 3169 1172 seu
3193 1128 3381 1172 causa
3407 1129 3532 1191 pro·

623 1192 762 1276 prie
807 1191 978 1257 dicta
1023 1192 1068 1259 ἃ
1114 1215 1230 1277 per
1275 1215 1342 1257 se
1382 1193 1776 1277 suspendunt
1806 1192 2217 1258 infectionem
2239 1196 2286 1260 ἃ
2308 1193 2787 1259 inexistentiam
2810 1195 3053 1279 peccati
3086 1195 3415 1281 originalis
3436 1217 3534 1279 per

621 1280 800 1364 prius
823 1280 892 1344 in
915 1302 1177 1365 corpore
1193 1282 1330 1366 jam
1354 1280 1720 1360 informat0‚
1752 1284 1799 1347 &
1823 1279 2047 1345 deinde
2071 1281 2138 1345 in
2164 1282 2399 1360 anima,
2426 1285 2616 1365 atque
2640 1283 2799 1348 adeo
2841 1288 2980 1349 toto
3012 1284 3383 1369 composito,
3412 1286 3456 1350 ἃ
3472 1283 3527 1346 in

620 1391 747 1453 quo
794 1373 997 1434 totum
1025 1368 1160 1435 fere
1182 1369 1547 1454 hujusmodi
1567 1370 1936 1435 traducendi
1962 1370 2203 1455 peccati
2228 1370 2615 1454 praesidium
2640 1376 2920 1456 ponunt;
2962 1372 3101 1438 dico
3125 1372 3284 1437 illud
3316 1373 3377 1437 in
3402 1393 3462 1436 se
3492 1373 3531 1436 ἃ.

623 1480 736 1542 per
750 1480 818 1523 se
835 1480 972 1523 esse
997 1459 1236 1523 morale
1259 1458 1681 1543 adiaphorum
1704 1459 1750 1523 a
1766 1462 2087 1537 neutrum,
2112 1480 2239 1524 non
2262 1459 2505 1523 malum
2527 1464 2641 1524 aut
2656 1460 2977 1539 vitiosum,
2997 1484 3125 1526 non
3140 1461 3349 1546 magis
3362 1482 3528 1545 quam

620 1545 942 1625 humoreS,
975 1568 1317 1631 omnesque
1341 1550 1577 1631 parteS,
1603 1547 1816 1612 omnia
1841 1547 2129 1611 membra
2153 1547 2455 1632 corporis.
2510 1549 2693 1630 Quia,
2722 1550 3161 1634 qualecunque
3186 1550 3345 1613 illud
3374 1549 3454 1613 sit
3472 1549 3528 1611 in

621 1635 846 1718 quovis
881 1634 1162 1707 homine,
1197 1639 1293 1699 est
1317 1635 1554 1700 directe
1578 1638 1625 1702 ἃ
1647 1656 1763 1720 per
1783 1658 1852 1700 se
1878 1638 1916 1699 a
1938 1635 2075 1700 Deo
2107 1636 2502 1720 productum,
2527 1640 2839 1721 tanquam
2862 1640 2901 1703 a
2923 1661 3116 1703 causa
3140 1638 3347 1723 prima
3368 1638 3525 1724 [pag.

627 1723 831 1809 1118]
879 1723 926 1789 ἃ
974 1726 1071 1788 est
1115 1723 1239 1788 Dei
1262 1727 1572 1789 creatura.
1619 1724 1708 1790 Et
1731 1724 1904 1810 quia,
1930 1727 2026 1789 est
2062 1724 2419 1807 subjectum
2443 1725 2857 1803 substratum,
2884 1749 2997 1792 seu
3020 1727 3261 1791 bonum
3282 1726 3452 1803 illud,
3472 1725 3525 1788 in

623 1833 749 1896 quo
781 1816 880 1877 est
924 1812 1208 1896 pravitas
1253 1813 1547 1877 moralis:
1596 1835 1750 1899 ergo
1795 1834 1924 1878 non
1971 1816 2068 1877 est
2113 1813 2255 1896 ipsa
2286 1814 2567 1897 pravitas
2608 1817 2721 1878 aut
2744 1814 3075 1899 dispositio
3098 1814 3527 1899 peccaminosa.

630 1900 796 1984 Quia
841 1900 1038 1965 etiam
1081 1904 1180 1965 est
1225 1901 1488 1979 occasi0‚
1515 1902 1563 1969 a
1586 1900 1787 1966 fomes
1814 1901 1893 1986 (si
1928 1901 2020 1966 ita
2041 1901 2219 1985 loqui
2242 1902 2434 1967 liceat
2457 1901 2483 1990 )
2508 1902 2785 1987 oppositi
2810 1903 2960 1968 boni
2982 1926 3093 1968 seu
3118 1903 3405 1978 virtutis;
3434 1900 3527 1966 sed

625 2010 742 2073 per
785 1989 1092 2075 accidens·
1140 1988 1264 2054 Per
1289 1988 1575 2055 accidens
1608 1990 1778 2054 enim
1803 1989 1851 2053 8⁵
1879 2011 1998 2073 per
2026 1990 2457 2055 interventum
2482 1990 2745 2074 spiritus
2776 1992 3218 2077 regenerantis
3242 1996 3525 2075 tempera·
3649 2010 3652 2059 1

625 2081 862 2157 menta,
910 2100 1009 2143 ex.
1057 2100 1154 2164 gr.
1203 2078 1636 2157 melancolica,
1685 2078 2019 2157 cholerica,
2066 2078 2419 2167 sanguinea
2468 2080 2631 2143 fiunt
2684 2080 3133 2161 instrumenta,
3158 2080 3385 2165 quibus
3406 2082 3471 2143 ut
3489 2078 3527 2142 ἃ
3650 2074 3652 2135 ἶ

625 2165 934 2231 membris
967 2166 1268 2251 corporiS‚
1319 2165 1416 2231 uti
1448 2170 1660 2252 potest
1683 2165 1729 2231 83
1751 2166 1979 2245 utitur,
2005 2170 2118 2231 aut
2141 2168 2221 2231 ad
2244 2167 2627 2251 profundam
2648 2168 3165 2234 humiliationem
3187 2190 3375 2253 super
3400 2188 3528 2251 pec·
3650 2206 3652 2253 :

624 2253 785 2319 catis
827 2257 874 2321 &
913 2255 1300 2339 gravitatem
1327 2277 1401 2320 ac
1425 2254 1849 2320 constantiam
1880 2254 1947 2319 in
1970 2255 2093 2320 viis
2116 2256 2375 2334 domini,
2402 2260 2514 2321 aut
2538 2256 2618 2320 ad
2638 2258 2843 2322 zelum
2874 2280 3217 2335 servorem,
3242 2260 3291 2323 8z
3312 2256 3528 2323 animo·
3650 2260 3652 2287 ³

622 2343 884 2407 sitatem
929 2342 998 2407 in
1022 2365 1212 2428 opere
1238 2343 1499 2422 domini,
1526 2347 1640 2408 aut
1662 2342 1743 2408 ad
1773 2343 2091 2409 laetitiam
2116 2344 2514 2429 spiritualem
2539 2347 2585 2411 a
2610 2343 2953 2421 αὐτάρκειαν
2974 2346 3041 2411 in
3066 2345 3283 2431 gratia
3310 2344 3421 2409 Dei
3442 2345 3528 2409 &c-

519 2453 528 2460 ·
620 2429 802 2498 Sicut
850 2432 1075 2498 eadem
1127 2437 1634 2517 temperamenta
1679 2434 1830 2498 sunt
1860 2432 2221 2499 occasiones
2266 2432 2313 2498 δι
2339 2438 2479 2521 (per
2502 2432 2790 2499 accidens
2822 2457 2905 2499 sc.
2940 2434 3192 2500 animae
3216 2438 3525 2518 corruptae
3649 2499 3652 2512 ,

619 2543 734 2586 seu
780 2543 905 2586 non
960 2521 1418 2606 sanctificatae)
1465 2521 1891 2587 instrumenta
1942 2523 2107 2587 fiunt
2151 2522 2506 2601 haeresion,
2546 2523 2851 2602 rixarum,
2876 2521 3229 2605 αὑτοφωνίας
3254 2525 3353 2590 ἃς,
3384 2521 3529 2587 Sunt
3650 2519 3652 2570 ξ

619 2608 790 2673 enim
821 2613 974 2693 apta
997 2615 1150 2674 nata
1171 2611 1309 2676 fieri
1333 2609 1761 2676 instrumenta
1791 2610 2076 2695 justitiae
2101 2613 2148 2677 &
2170 2611 2525 2696 injustitiae
2545 2635 2561 2688 3
2612 2611 2904 2694 quamvis
2927 2633 3008 2676 ex
3031 2614 3205 2676 statu
3229 2612 3435 2696 lapsus
3457 2609 3526 2674 ad
3650 2621 3652 2626 “

611 2697 934 2781 justitiam
983 2721 1109 2764 non
1156 2698 1440 2764 habeant
1460 2699 1816 2785 potentiam
1837 2699 2229 2783 receptivam
2256 2723 2369 2765 seu
2400 2699 2740 2784 passivam,
2772 2699 2899 2764 nisi
2921 2705 3238 2765 remotam
3262 2702 3311 2767 ἃ
3332 2697 3523 2764 obedi·

619 2785 952 2865 entialem3
997 2787 1150 2872 quia
1188 2787 1486 2872 spiritum
1533 2788 1806 2853 mundus
1858 2809 1986 2852 non
2034 2792 2245 2872 potest
2297 2789 2578 2874 recipere
2601 2788 2875 2854 lohann.
2906 2789 3011 2853 14.
3040 2788 3371 2856 Praelerea
3390 2786 3523 2874 quia

617 2876 1129 2959 concupiscentia
1159 2876 1470 2940 naturalis
1495 2877 1541 2943 83
1562 2879 1702 2942 tota
1723 2876 2107 2942 sensualitas
2132 2899 2245 2942 nec
2270 2877 2543 2943 materia
2578 2899 2695 2942 nec
2710 2876 2917 2942 forma
2941 2881 3041 2942 est
3064 2876 3263 2942 ullius
3284 2873 3522 2962 peccati,

615 2984 731 3027 nec
777 2963 1022 3047 aliquid
1068 2964 1138 3028 in
1183 2987 1252 3028 se
1292 2965 1597 3030 vitiosum
1633 2963 1830 3029 habet
1855 2966 1957 3051 (nt
1988 2968 2158 3030 recte
2192 2964 2477 3033 polanus
2508 2966 2612 3032 lib.
2636 2977 2951 3053 syntaym.
2978 2966 3040 3031 6.
3066 2986 3203 3051 cap.
3232 2967 3325 3050 3.)
3345 2989 3368 3042 ‚·
3388 2985 3523 3048 ergo

615 3049 857 3134 pariter
900 3074 1016 3116 nec
1067 3055 1646 3137 temperamentum
1691 3052 1971 3137 corporis
2018 3053 2215 3118 immo
2262 3054 2469 3119 multo
2491 3055 2721 3119 minus.
2771 3053 3059 3141 Dmique
3082 3056 3236 3142 quia
3266 3076 3401 3120 cum
3428 3049 3523 3116 isti

613 3137 1158 3224 philosophemati
1183 3139 1260 3204 de
1283 3143 1790 3225 temperamento
1813 3144 2070 3208 tantum
2093 3142 2201 3207 hic
2223 3143 2539 3219 tribuunt,
2565 3142 2905 3208 videndum
2936 3143 3093 3228 ipsis
3116 3165 3199 3208 ne
3223 3142 3373 3228 quid
3391 3162 3519 3206 con·

611 3226 871 3293 cedatur
893 3227 1205 3294 docilitati
1227 3227 1818 3296 Remonstranticae
1841 3252 1956 3295 seu
1982 3230 2184 3296 bonae
2214 3231 2413 3295 indoli
2428 3233 2496 3296 in
2520 3231 2726 3316 primo
2750 3231 3178 3297 conversionis
3202 3232 3521 3300 momentu.

611 3337 803 3399 quam
847 3317 918 3382 in
959 3321 1536 3402 temperamentum
1580 3320 1628 3385 8ο
1675 3317 2114 3384 educationem
2158 3319 2467 3402 referunt,
2517 3319 2699 3406 Apol.
2730 3341 2781 3386 c.
2812 3321 2917 3384 10.
2940 3321 3051 3406 fol.
3082 3320 3233 3386 118.
3270 3319 3405 3383 119.
3428 3319 3517 3383 &c-

623 3401 857 3471 Confer
879 3427 1073 3491 supra
1094 3427 1244 3492 app.
1271 3407 1334 3472 2.
1359 3407 1463 3473 ad.
1487 3407 1654 3493 disp.
1679 3407 1756 3474 de
1781 3409 2099 3475 Creatione
2117 3430 2186 3494 p.
2220 3408 2368 3473 849.
