3694 4871
603 289 737 353 352
1266 283 2870 352 Disr.XII.DEL13cas‘1-Eusnusn10.

598 470 981 555 temporales
1012 472 1150 534 tum
1186 474 1497 534 aeternas·
1544 467 1641 534 De
1666 470 2122 553 posterioribus
2169 468 2340 536 infra
2364 474 2726 554 quaeretur.
2773 469 2935 536 Esse
2967 471 3440 556 promissiones
3463 472 3560 536 le-

600 561 779 645 gales
826 561 1075 624 constat
1119 581 1197 621 ex
1242 559 1427 624 Levit.
1455 559 1559 622 26.
1586 558 1839 624 Denter.
1861 559 1963 623 28.
1997 559 2142 624 coll.
2175 559 2357 644 [pag.
2385 559 2502 644 31]
2528 580 2672 623 cum
2689 559 2876 624 Levit.
2916 559 3014 622 13.
3041 581 3100 624 v.
3133 561 3196 626 4.
3225 558 3558 624 Probatur

599 649 795 712 etiam
842 669 917 713 ex
962 646 1329 710 definitione
1378 646 1835 730 promissionis
1885 645 2286 712 Generaliter
2317 647 2656 730 promissio
2701 646 3030 730 quaelibet
3075 647 3212 712 sive
3259 647 3394 712 Dei
3421 649 3555 712 sive

600 735 879 801 hominis
922 738 1021 799 est
1072 735 1376 799 revelatio
1422 734 1711 798 veritatis
1767 735 2034 818 alicujus
2083 737 2160 800 de
2197 736 2504 800 beneficio
2529 735 2660 800 sive
2685 741 2912 820 sponte
2935 736 3070 800 sive
3093 759 3174 801 ex
3199 741 3397 820 pacto
3425 737 3554 801 illis

599 826 813 888 oblato
838 829 951 888 aut
974 822 1353 887 conferendo
1394 823 1625 905 quibus
1652 825 1725 911 fit
1755 822 2116 907 promissio.
2149 821 2526 907 Specialiter
2544 825 2880 906 promissio
2901 825 3122 889 divina
3155 829 3260 889 est
3283 829 3552 890 externa

598 912 939 978 leclaratio
971 911 1017 976 δι
1042 911 1441 975 denuntiatio
1468 913 1777 976 bonorum
1804 912 1988 975 nobis
2013 911 2380 976 hominibus
2405 913 2774 977 dandorum.

688 999 1295 1080 V11.Qaaest.An
1336 1000 1783 1103 promissiones
1826 1003 2192 1084 temporales
2237 1000 2618 1085 quibusdam
2661 1021 2796 1066 non
2840 1001 3170 1066 salvandis
3209 1002 3550 1084 praestitae

600 1090 887 1174 (Ismaeli
912 1087 1139 1152 GeneS.
1170 1089 1271 1151 17.
1299 1111 1355 1152 v.
1382 1089 1491 1172 20)
1524 1090 1651 1154 sint
1685 1089 1856 1172 leyis,
1879 1109 1968 1153 an
1999 1090 2378 1173 Euanqelii?
2406 1091 2588 1172 Hesp.
2621 1088 2832 1174 Legis.
2881 1089 2972 1152 Et
3018 1089 3248 1154 referri
3279 1095 3546 1174 possunt

600 1180 681 1243 ad
723 1172 1301 1279 temperamentum
1354 1177 1513 1241 illud
1545 1177 1715 1259 quod
1754 1177 1928 1242 Deus
1955 1178 2034 1241 ad
2065 1178 2301 1242 bonum
2325 1176 2625 1252 universi,
2652 1180 2699 1244 St
2731 1181 2994 1262 propter
3019 1177 3358 1242 ecclesiam
3383 1201 3544 1260 quae

600 1267 735 1330 est
718 1289 787 1329 111
809 1265 929 1329 hoc
951 1265 1207 1342 mund0,
1234 1265 1399 1328 circa
1430 1265 1858 1330 irritationem
1885 1266 2116 1330 veteris
2138 1265 2240 1330 fo
2223 1265 2412 1330 deris
2445 1265 2746 1330 adhibere
2773 1267 2996 1330 voluit.
3047 1267 3146 1330 De
3195 1289 3324 1350 quo
3363 1267 3542 1331 docte

600 1355 887 1420 Amesius
912 1353 1015 1418 lib.
1060 1355 1112 1419 l.
1140 1354 1449 1419 Medullae
1478 1375 1612 1438 cap.
1649 1354 1707 1418 7.

686 1441 868 1508 VIII.
921 1444 1167 1524 Quaest.
1201 1443 1302 1507 An
1322 1442 1768 1526 promissiones
1792 1445 2160 1526 temporales
2180 1443 2376 1508 electis
2407 1441 2470 1507 a
2492 1442 2780 1524 fidelibus
2801 1443 3140 1527 praestitae
3169 1444 3297 1508 sim
3321 1443 3540 1508 Euan·

594 1533 755 1618 qetii.
806 1531 991 1614 Resp.
1040 1531 1163 1616 Aff.
1212 1531 1377 1606 Quia
1428 1531 1721 1594 absolute
1768 1531 2162 1596 necessariae
2201 1536 2510 1615 tanquam
2556 1531 3047 1614 praesupposita
3095 1531 3538 1615 spiritualibus
3663 1525 3665 1550 ¹

598 1619 943 1704 Euangelii
964 1619 1487 1702 promissionibus
1510 1619 1955 1684 includuntur:
1983 1620 2048 1683 in
2080 1619 2287 1702 specie
2313 1641 2464 1682 vero
2487 1619 2533 1684 ἃ
2557 1619 2850 1684 absolute
2889 1641 3018 1684 non
3043 1621 3440 1684 necessariae
3463 1619 3538 1684 ad

602 1710 799 1772 vitam
846 1707 1113 1791 gratiae,
1162 1707 1271 1770 sed
1322 1711 1575 1771 tantum
1622 1707 1703 1770 ad
1741 1707 1900 1772 bene
1927 1731 2062 1772 esse
2088 1708 2192 1772 hio
2215 1711 2330 1772 ant
2358 1729 2545 1786 nunc,
2579 1712 2728 1772 sunt
2751 1711 3063 1791 tanquam
3089 1709 3472 1794 appendices
3493 1707 3536 1772 ἃ

604 1796 887 1862 auctaria
909 1795 1398 1879 promissionum
1422 1795 1872 1880 spiritualium.

686 1883 801 1949 IX.
851 1885 1099 1968 Quaest.
1150 1885 1249 1949 An
1270 1903 1375 1948 eae
1397 1885 1523 1950 sint
1547 1885 1882 1964 absolutae,
1905 1905 1994 1949 an
2017 1905 2160 1952 vero
2183 1885 2648 1952 conditionales.
2696 1885 2879 1969 Resp.

694 1975 751 2038 1.
808 1972 1011 2040 Concl.
1058 1970 1394 2036 Indefinite
1418 1973 1844 2056 &disjunctim
1869 1973 1924 2038 si
1955 1973 2428 2038 considerentur
2459 1977 2610 2038 sunt
2635 1973 3004 2059 ¹absolutae,
3043 1971 3178 2038 Aut
3198 1975 3316 2038 hoc
3335 1973 3536 2037 bene·
3663 1995 3665 2006 ·

601 2063 813 2127 ficium
858 2060 1229 2144 temporale.
1276 2065 1389 2124 aut
1428 2061 1601 2125 aliud
1647 2061 1906 2144 aliquod
1949 2062 2082 2127 sive
2122 2062 2472 2145 temporale
2495 2061 2628 2126 sive
2651 2060 2988 2144 spirituale
3013 2062 3330 2145 promittit
3351 2063 3402 2128 ἃ
3427 2062 3532 2124 dat
3663 2067 3665 2104 ³

600 2151 775 2216 Deus
826 2150 1053 2233 cuique
1098 2149 1415 2213 credenti:
1472 2150 1565 2214 ita
1611 2154 1683 2214 ut
1727 2150 2022 2214 omnibus
2045 2151 2124 2214 ad
2147 2150 2308 2213 bene
2333 2173 2490 2228 esse,
2525 2151 2591 2214 in
2623 2149 2842 2214 ordine
2873 2151 2954 2213 ad
2985 2171 3240 2215 cursum
3263 2149 3530 2235 gratiae,

598 2242 643 2306 δι
690 2261 985 2305 coronam
1038 2238 1207 2302 vitae
1246 2241 1541 2302 aeternae
1566 2260 1751 2303 nemo
1776 2239 2168 2302 credentium
2191 2243 2403 2302 careat
2436 2239 2494 2302 2.
2527 2239 2694 2304 Petr.
2737 2239 2793 2301 l.
2827 2259 2883 2303 v.
2911 2239 2972 2302 3.
3013 2241 3072 2303 1.
3109 2239 3264 2305 Tim.
3297 2240 3356 2301 4.
3387 2259 3444 2302 v.
3473 2238 3529 2301 8.

596 2329 785 2394 Hebr.
814 2328 916 2392 13.
941 2349 997 2392 v.
1027 2327 1087 2390 5.
1116 2326 1174 2389 6.
1205 2324 1553 2409 Nunquam
1576 2328 1748 2390 enim
1770 2327 1834 2391 in
1862 2327 1982 2391 hac
2007 2327 2137 2392 vita
2166 2325 2635 2392 benedictiones
2659 2325 3032 2410 spirituales
3055 2326 3190 2390 sine
3213 2325 3530 2410 aliquibus

596 2415 1141 2483 benedictionibus
1193 2415 1652 2498 temporalibus
1706 2439 1840 2481 esse
1873 2419 2172 2500 possunt;
2219 2417 2266 2483 St
2289 2419 2744 2499 consequenter
2767 2437 2883 2482 nec
2909 2415 3356 2499 promissiones
3383 2414 3528 2479 illa-

598 2529 759 2582 rum,
792 2506 930 2570 sine
952 2503 1614 2587 compromissionibus
1644 2506 1933 2570 istarum.

690 2597 751 2659 2.
804 2595 1005 2661 Concl.
1054 2591 1379 2667 Quaedam
1424 2594 1729 2677 speciales
1774 2593 2242 2657 benedictiones
2305 2595 2352 2659 s
2404 2592 2772 2657 donationes
2819 2593 3114 2658 absolute
3155 2595 3200 2659 ἃ
3224 2597 3526 2679 tanquam

598 2683 876 2749 medium
906 2704 1019 2746 seu
1049 2680 1253 2745 mavis
1283 2702 1671 2766 praesuppo..
1644 2682 1837 2746 itum
1861 2682 1998 2746 sine
2031 2703 2156 2765 quo
2187 2704 2333 2758 non,
2359 2686 2508 2745 sunt
2541 2680 2932 2745 necessariae
2957 2704 3054 2746 ex.
3082 2704 3180 2767 gr.
3202 2682 3266 2745 in
3291 2681 3522 2745 adultis

595 2794 709 2856 per
753 2771 943 2835 fidem
989 2769 1303 2834 actualem
1328 2768 1623 2853 adjuncta
1647 2770 1913 2834 caritate
1938 2774 2228 2834 ornatam
2253 2769 2590 2848 salvandiS,
2616 2769 2852 2833 donum
2875 2770 3302 2853 productionis
3325 2770 3520 2846 vitae,

595 2863 642 2926 δι
664 2858 1191 2943 praesentationis
1226 2862 1263 2922 a
1285 2858 1471 2922 totali
1500 2857 1932 2945 πκραφροσὺνῃ,
1989 2858 2183 2923 donec
2209 2857 2546 2922 actualiter
2567 2858 2851 2923 conversi
2875 2858 3138 2923 fuerint.
3187 2858 3337 2941 Ejus
3363 2879 3518 2942 ergo

596 2947 745 3012 doni
786 2946 1121 3031 promissio
1164 2946 1232 3010 in
1278 2968 1472 3011 manu
1502 2946 1841 3030 sponsoriS,
1883 2946 1983 3011 cui
2005 2947 2344 3011 salvandus
2367 2946 2476 3010 ille
2501 2946 2685 3011 datus
2710 2945 2854 3025 fuit,
2878 2946 3054 3012 facta
3078 2952 3177 3013 est
3207 2946 3508 3011 absoluta.

597 3035 829 3102 Confer
852 3037 911 3099 2.
940 3048 1112 3119 part.
1135 3036 1327 3101 select.
1362 3036 1569 3120 dispp.
1596 3036 1687 3100 tit.
1718 3036 1793 3101 de
1813 3046 1984 3101 stata
2005 3038 2332 3101 electorum
2354 3047 2500 3100 ante
2527 3035 3013 3101 conversionem.

686 3124 748 3189 3.
800 3126 1006 3191 Concl.
1030 3122 1339 3207 Reliquae
1362 3122 1813 3208 promissiones
1844 3125 2228 3207 temporales
2253 3123 2512 3188 definite
2535 3123 2988 3202 consideratae,
3033 3144 3197 3207 quae
3221 3122 3296 3187 ad
3317 3121 3510 3187 vitam

598 3213 845 3301 gratiae
870 3211 1151 3296 praecise
1182 3214 1229 3279 81
1260 3213 1553 3277 absolute
1576 3212 1968 3277 necessariae
1993 3235 2119 3277 non
2145 3215 2764 3296 praesupponuntur,
2789 3216 2943 3275 sunt
2969 3212 3446 3277 conditionatae.

688 3300 767 3367 X.
820 3303 1071 3385 Quae-st.
1095 3302 1197 3367 An
1216 3322 1432 3366 omnes
1447 3301 1896 3385 promissiones
1917 3301 2276 3386 spirituales
2310 3300 2651 3385 Emnqelio
2671 3310 2992 3365 contentae
3013 3301 3142 3365 sint
3171 3299 3514 3365 absolutae?

601 3391 785 3493 Resp.
805 3389 1193 3455 Absolutum
1217 3393 1329 3453 aut
1353 3388 1852 3455 conditionatum
1883 3390 2115 3454 dicitur
2140 3390 2241 3453 vel
2264 3392 2554 3473 respectu
2576 3388 2670 3453 rei
2699 3390 3076 3472 promissae,
3107 3389 3210 3453 vel
3239 3392 3514 3471 respectu

600 3481 801 3565 ipsius
832 3478 1291 3563 promissiouiS,
1316 3500 1431 3543 seu
1454 3482 1745 3561 respectu
1766 3478 1890 3543 Dei
1915 3477 2365 3561 promittentis.

694 3568 749 3633 1.
804 3569 1008 3634 Concl.
1057 3566 1127 3632 Si
1144 3567 1574 3632 consideretur
1596 3566 1931 3649 promissio
1961 3566 2206 3631 ratione
2233 3566 2324 3630 rei
2349 3554 2716 3650 promissae,
2751 3566 3022 3631 dicimus
3047 3568 3360 3653 quandam
3387 3584 3514 3627 rem

600 3658 981 3741 promissam
1005 3678 1139 3721 esse
1164 3656 1544 3733 absolutam,
1570 3678 1609 3719 a
1629 3656 1809 3720 nulla
1839 3654 2194 3719 conditione
2225 3658 2340 3719 aut
2361 3676 2428 3719 re
2459 3654 2866 3719 antecedente
2897 3676 3293 3739 suspensam,
3321 3672 3510 3737 quan·

602 3746 745 3809 dam
783 3767 920 3809 esse
944 3744 1461 3809 conditionatam.
1509 3706 1613 3808 S'ic
1636 3766 1799 3807 nova
1823 3747 2112 3808 creatura
2135 3742 2310 3818 fides,
2336 3742 2791 3826 resipiscentia,
2833 3744 3016 3829 [pag.
3048 3744 3168 3829 32]
3193 3766 3300 3809 seu
3335 3739 3510 3825 spiri·

600 3837 703 3898 tus
748 3834 897 3897 fidei
943 3835 988 3899 s
1032 3832 1525 3933 resipiscentiae,
1561 3854 1723 3916 quae
1768 3830 1944 3896 Deus
1985 3832 2053 3895 in
2085 3852 2246 3895 novo
2269 3830 2518 3899 foedere
2545 3831 2882 3915 promittit,
2909 3854 2950 3895 a
2970 3832 3156 3895 nulla
3177 3855 3244 3897 re
3275 3834 3510 3895 antece·

602 3922 787 3985 dente
818 3926 931 3985 aut
954 3920 1350 3985 conditione
1332 3943 1399 3983 1n
1424 3920 1605 3985 nobis
1630 3920 1952 4003 implenda
1983 3924 2292 4002 tanquam
2335 3942 2376 3983 a
2405 3941 2594 3984 causa
2618 3923 2729 3983 aut
2752 3921 3235 4003 praeparatoria
3257 3916 3509 4003 disposi-

602 4009 793 4087 tione,
834 4014 946 4073 aut
983 4010 1151 4073 nudo
1199 4008 1607 4073 antecedente
1647 4008 1926 4072 habente
1972 4008 2380 4072 infallibilem
2406 4030 2549 4071 cum
2573 4008 2777 4073 salute
2801 4008 3262 4073 connexionem
3293 4009 3512 4091 depen-

602 4096 785 4174 dent,
771 4120 785 4135 ·
826 4097 977 4179 quia
1007 4096 1214 4180 prima
1258 4102 1408 4161 sunt
1451 4118 1613 4179 quae
1637 4094 1812 4161 Deus
1836 4118 1950 4179 per
1974 4095 2251 4181 gratiam
2274 4097 2546 4179 primam
2569 4119 2681 4161 seu
2710 4096 3232 4181 praevenientem
3255 4098 3320 4161 in
3339 4094 3510 4159 nobis

602 4188 902 4265 operatur
930 4186 975 4249 δι
998 4183 1341 4266 imprimit3
1370 4185 1479 4248 ubi
1503 4184 1812 4249 habemus
1838 4206 1951 4249 nos
1975 4206 2131 4268 pure
2163 4184 2432 4267 passive.
2480 4184 2709 4249 Confer
2731 4184 2893 4269 disp.
2923 4190 3212 4251 nostram
3235 4186 3312 4250 de
3339 4202 3510 4268 rege·

604 4271 947 4335 neratione.
998 4270 1121 4335 Sed
1166 4273 1421 4337 secundi
1468 4295 1579 4337 seu
1624 4272 1819 4337 eliciti
1869 4278 2048 4337 actus
2085 4272 2232 4336 fidei
2251 4276 2296 4339 ἃ
2319 4272 2810 4357 resipiscentiae,
2837 4273 2949 4357 qui
2976 4274 3260 4357 primum
3291 4274 3368 4338 ab
3399 4270 3510 4335 ho-

606 4354 777 4419 mine
808 4356 1125 4422 vivificato
1149 4358 1505 4437 eliciuntur,
1531 4383 1689 4443 qnos
1718 4362 1894 4425 Deus
1919 4360 2117 4425 etiam
2140 4361 2508 4444 promittit‘
2489 4384 2558 4427 m
2578 4382 2741 4427 novo
2765 4360 3021 4429 foedere
3047 4364 3511 4459 (praemovente

3383 4446 3514 4517 scil.
