3694 4871
777 293 2396 372 Disr.XI.DsStniini'rnoannsMS.
2933 300 3060 363 337

128 485 299 550 ritus
324 485 629 572 om‘9inem
658 483 721 552 st
744 485 1065 552 militatem
1092 486 1133 548 ἁ
1158 496 1211 550 le
1232 484 1557 562 discimm,
1590 505 1733 550 cum
1752 486 1897 570 jam
1923 485 2141 549 omnia
2164 485 2234 549 in
2263 487 2444 549 sam-ci
2475 483 2845 570 antiquitate
2865 497 3064 562 eruta,

290 574 306 587 .
493 576 505 589 .
552 609 557 614 η
872 575 885 587 .
962 605 967 610 θ
1283 572 1295 584 .
1351 572 1364 585 .
1391 573 1403 585 .
2121 607 2124 612 ¹
2189 575 2225 612 ο
2315 573 2326 585 .
2372 572 2385 584 .
2641 573 2654 584 .
3035 609 3062 621 —

126 575 1199 748 {fflfflffiffi‘ffffess‘ssfrffli‘
1214 571 1677 726 Ξὲῖΐῗῖηἱῖῗ
1701 573 2179 738 ἒιῗῂῖἳ-ἓῖἓωοῗέ
2189 571 3066 743 322⁶1¹3331313³32⁰332¹02221222

127 747 543 814 Sabbathum
594 750 668 817 Β.
712 749 1025 835 Virginis,
1075 752 1175 817 8⁶0.
1223 747 1352 812 Vix
1401 749 1571 813 enim
1622 774 1777 828 esse,
1828 751 1939 833 qui
1965 750 2206 814 nesciat
2235 749 2402 812 diem
2428 747 2739 812 Sabbathi
2766 750 3067 832 cujusque

126 839 534 922 septimanae
566 839 925 903 dedicatum
950 861 1085 902 esse
1112 838 1547 902 sanctissimae
1578 839 1771 902 matri
1795 837 2094 904 Domini:
2119 839 2232 902 illo
2257 837 2426 900 enim
2452 837 2550 900 die
2575 859 2687 920 per
2703 837 3068 902 universum

128 919 701 992 Christianismum
746 927 1050 1010 peculiari
1086 927 1271 990 modo
1301 926 1349 991 δι
1373 948 1547 990 more
1577 927 1716 992 coli.
1768 926 2014 990 Ibidem
2047 930 2194 1012 post
2217 925 2482 1010 reiectas
2507 925 2787 1004 Baronii,
2817 923 3066 989 Duran-

125 1015 234 1093 tis,
289 1013 625 1094 Antonini,
661 1015 845 1102 [pag.
885 1015 1091 1100 1277]
1119 1013 1513 1081 thebrardi
1537 1015 1864 1099 opiniones
1890 1013 2206 1080 concludit
2229 1015 2310 1078 ab
2334 1013 2784 1096 Apostolorum
2817 1018 3066 1100 tempo-

123 1103 315 1168 ribus
362 1105 729 1169 institutum
769 1126 905 1168 esse
931 1102 1333 1168 Sabbathum
1365 1101 1627 1168 Mariae.
1660 1106 1809 1188 Cap.
1842 1105 1901 1168 3.
1929 1103 2196 1186 inquirit
2221 1103 2285 1166 in
2312 1123 2570 1166 causam
2596 1101 2784 1185 hujus
2817 1100 3061 1166 Sabba-

124 1190 396 1269 thismi3
435 1195 480 1258 a
504 1193 737 1278 rejecta
759 1213 905 1256 cum
932 1193 1321 1258 Bellarmino
1349 1192 1449 1256 lib.
1477 1191 1535 1257 3.
1565 1194 1639 1257 de
1661 1194 1880 1258 EccleS.
1907 1193 2085 1257 milit.
2119 1211 2253 1275 cap.
2289 1189 2386 1252 17.
2413 1189 2710 1272 opinione
2737 1189 3068 1268 Antonini,

126 1278 421 1358 AlensiS‚
469 1278 779 1355 Durandi,
834 1279 1337 1358 Turrecremata,
1372 1280 1519 1344 fidei
1543 1280 1807 1359 Mariae,
1836 1303 2000 1364 quae
2026 1279 2161 1344 sola
2186 1279 2320 1342 scil.
2349 1277 2735 1359 perstitisset
2760 1278 2826 1341 in
2851 1278 3070 1362 cogni-

124 1367 308 1432 tione
340 1369 621 1433 Deitatis
647 1368 903 1448 Christi,
939 1391 1131 1451 quam
1156 1368 1447 1452 discipuli
1471 1391 1685 1434 omnes
1713 1370 2078 1446 amiserant,
2103 1367 2410 1431 honorem
2434 1365 2602 1428 hunc
2627 1364 3066 1429 Sabbathismi

123 1457 657 1537 adscribentium,
704 1458 1030 1542 propriam
1077 1457 1459 1521 sententiam
1507 1457 1840 1541 depromit,
1891 1457 1966 1521 de
2017 1459 2166 1520 vera
2189 1458 2399 1531 causa,
2428 1453 2736 1536 martyrio
2763 1453 2898 1516 scil.
2927 1452 3067 1516 Ma-

124 1545 287 1624 riae,
324 1547 496 1631 quod
526 1546 639 1610 illo
672 1546 771 1610 die
803 1569 989 1629 passa
1021 1550 1136 1624 est,
1162 1545 1318 1609 adeo
1343 1548 1414 1609 ut
1446 1545 1847 1630 Commartyr
1870 1544 2066 1609 fuerit
2090 1541 2348 1617 Christi,
2379 1541 2723 1605 secundum
2750 1541 3056 1626 Disputa-

124 1633 367 1699 tionem
430 1635 735 1699 Zwarezii
778 1635 864 1699 ad
910 1636 967 1696 3
1018 1645 1167 1699 tom.
1216 1635 1253 1696 2
1324 1654 1430 1720 qu.
1458 1634 1564 1700 37.
1588 1645 1711 1700 art.
1736 1635 1797 1698 4.
1822 1634 1986 1718 disp.
2015 1633 2118 1696 21.
2145 1643 2282 1697 seez.
2309 1630 2369 1693 4.
2424 1631 2575 1714 Cap.
2604 1631 2662 1693 4.
2690 1629 2888 1694 refert
2920 1652 3067 1694 san-

123 1721 404 1806 guinem
452 1721 690 1786 Christi
734 1723 801 1785 in
848 1721 1044 1786 Cruce
1086 1723 1358 1786 effusum
1388 1723 1453 1786 in
1480 1722 1776 1787 Phialam
1802 1726 1839 1786 a
1867 1723 1942 1788 B.
1968 1720 2177 1784 Maria
2201 1719 2554 1797 collectum,
2581 1738 2786 1801 nuper
2812 1719 3066 1781 demum

124 1811 247 1875 sub
277 1811 611 1876 Clemente
644 1808 816 1874 VIII.
844 1809 1085 1874 Romae
1108 1811 1460 1875 inventum.
1510 1812 1657 1895 Gap.
1688 1813 1746 1874 5.
1788 1811 2084 1876 meminit
2109 1808 2334 1872 Bullae
2359 1805 2687 1890 cujusdam
2717 1804 3065 1870 Sabbathi-

123 1922 269 1964 nae.
338 1899 488 1984 Cap.
532 1900 591 1962 6.
642 1897 915 1962 Mariam
960 1897 1116 1962 facit
1161 1921 1521 1981 supremam
1571 1899 2052 1978 Cancellariam,
2080 1920 2242 1981 quae
2268 1897 2486 1960 literas
2514 1916 2724 1958 merae
2749 1895 2998 1979 gratiae
3023 1895 3069 1961 δῦ

126 1987 609 2052 misericordiae
658 1987 943 2070 expedit:
990 1985 1371 2050 Michaelem
1418 1989 1761 2053 secundum
1805 1985 2288 2061 Cancellarium,
2341 1983 2450 2066 qui
2492 1983 2711 2046 literas
2735 1983 3064 2066 justitiae:

128 2077 203 2140 B.
232 2077 509 2141 Petrum
534 2075 815 2153 tertium,
842 2075 950 2158 qui
967 2075 1257 2158 justitiae
1282 2076 1327 2140 δῦ
1352 2077 1621 2160 gratiae.
1660 2077 1870 2160 Atque
1893 2075 2051 2140 haec
2078 2075 2154 2138 de
2177 2071 2513 2138 Pontificia
2538 2070 3061 2154 symbolizatione

125 2188 277 2229 cum
314 2163 649 2229 Sabbatho
680 2163 721 2228 J
726 2164 965 2228 udaicO.
1015 2161 1107 2228 Ut
1125 2164 1262 2246 jam
1284 2186 1407 2229 non
1445 2165 1669 2244 dicam,
1702 2165 1777 2229 de
1804 2164 2094 2228 absurdis
2121 2163 2306 2226 modo
2331 2159 2700 2224 memoratis
2733 2158 2798 2222 in
2824 2157 3060 2223 Canon.

126 2254 456 2339 Apostol.,
482 2253 527 2318 ἃ
553 2251 1126 2318 Constitutionibus
1154 2251 1805 2328 Pseudo-Clementis,
1833 2254 2034 2335 deque
2058 2249 2348 2316 infarctis
2375 2248 2442 2311 in
2474 2246 2804 2331 Ignatium
2835 2247 3064 2333 (siqui-

126 2343 275 2408 dem
332 2340 389 2405 is
433 2341 691 2405 illarum
738 2341 1149 2424 epistolarum
1174 2340 1487 2425 genuinus
1518 2346 1702 2406 autor
1734 2342 1853 2406 sit:
1888 2341 1963 2405 de
1989 2361 2112 2424 quo
2135 2360 2254 2424 ego
2280 2335 2570 2402 dubitare
2605 2335 2845 2412 malim,
2871 2357 3064 2417 quam

128 2431 297 2497 certi
348 2430 498 2515 quid
544 2430 885 2515 statuere):
936 2452 1096 2512 quae
1144 2429 1239 2493 illi
1286 2433 1423 2495 tarn
1470 2430 1579 2496 diu
1624 2434 1950 2515 praestare
1973 2432 2294 2507 tenentur,
2322 2423 2626 2510 quamdiu
2653 2420 3064 2499 ὑποβολιμαῖα

128 2519 455 2605 ejusmodi
478 2520 714 2603 scripta
738 2524 1043 2602 tanquam
1069 2522 1307 2597 sancta,
1333 2521 1379 2586 ἃ
1404 2520 1687 2604 antiqua,
1713 2519 2064 2597 venditant,
2089 2516 2398 2599 nobisque
2426 2512 2794 2589 obtrudunt,
2816 2511 3066 2594 quoties

126 2607 486 2694 hypothesi
518 2608 799 2691 ipsorum
826 2606 1129 2671 inservire
1157 2608 1419 2671 videtur.
1466 2607 1684 2673 Unum
1714 2612 1932 2671 tamen
1963 2604 2310 2691 praeterire
2337 2603 2508 2681 nolo,
2535 2600 2610 2665 de
2633 2598 2912 2683 Rogerio
2942 2598 3068 2677 Ba-

129 2720 291 2762 cone
352 2697 519 2761 inter
564 2696 867 2760 Doctores
914 2695 1195 2777 ipsorum
1250 2696 1770 2761 celebratissimo.
1834 2696 1960 2759 Hic
2007 2695 2172 2759 circa
2225 2713 2462 2757 annum
2516 2689 2707 2752 1280.
2761 2686 3066 2751 Minorita

128 2784 542 2861 oxoniensis,
585 2783 630 2848 J
634 2784 975 2847 udaeorum
1006 2804 1179 2847 more
1205 2784 1305 2847 die
1331 2784 1591 2849 Saturni
1623 2784 1982 2849 feriandum
2006 2782 2270 2859 censuit,
2296 2779 2466 2865 quod
2491 2798 2684 2863 segne
2713 2776 3064 2840 actardum

128 2873 405 2938 Saturni
450 2873 623 2937 sidus
670 2873 861 2957 (unde
894 2871 997 2935 hic
1045 2871 1178 2935 dies
1203 2873 1665 2953 denominatur)
1700 2896 1825 2936 non
1852 2873 1936 2935 sit
1966 2872 2122 2935 felix
2147 2892 2221 2933 ac
2243 2869 2541 2933 idoneum
2565 2866 2753 2929 rebus
2779 2865 3064 2949 agendis·

128 2962 235 3027 Ita
268 2961 474 3025 refert
537 2960 783 3027 Vossius
829 2960 929 3027 lib.
959 2960 1017 3021 2.
1046 2959 1121 3023 de
1146 2960 1506 3028 Idololatria
1529 2983 1663 3046 cap.
1693 2961 1795 3025 34.
1822 2983 1951 3024 non
1981 2959 2258 3023 indicato
2283 2958 2446 3021 libro
2472 2954 2729 3021 Baconi.
2778 2952 2976 3017 Forte
2999 2953 3066 3017 in

132 3050 523 3133 Compendio
566 3050 762 3114 studii
816 3048 1188 3131 Theoloqiae.
1238 3046 1361 3114 Sed
1391 3049 1549 3115 haec
1578 3046 2138 3133 superstitionibus
2167 3044 2584 3129 Astrologicis
2616 3042 3064 3117 adscribenda3

127 3139 378 3225 quibus
424 3138 703 3201 deditum
748 3136 945 3201 fuisse
991 3134 1341 3220 Rogerium
1386 3139 1609 3223 negari
1658 3137 1902 3221 nequit.
1951 3136 2277 3221 Legantur
2321 3134 2506 3198 modo
2554 3154 2717 3216 quae
2751 3152 2827 3193 ex
2857 3130 3060 3213 ipsius

130 3227 527 3311 Compendio
550 3226 745 3291 studii
777 3226 1133 3308 Theoloqiae
1154 3226 1433 3291 citantur
1458 3230 1493 3290 a
1518 3228 1683 3291 duob
1692 3248 1761 3289 us
1778 3224 2158 3290 doctissimis
2177 3222 2580 3305 Principibus
2599 3218 3064 3284 Mirandulanis

124 3317 429 3381 Iohanne
452 3316 617 3393 Pico,
644 3316 690 3379 80
726 3314 1012 3379 Iohanne
1034 3314 1360 3379 Franci-sco
1394 3316 1567 3380 Pico.-
1588 3315 1701 3379 illo
1724 3313 1827 3380 lib.
1861 3316 1918 3378 1.
1943 3324 2160 3379 contra
2184 3312 2559 3395 Astroloyos,
2581 3330 2727 3395 paq.
2752 3307 2900 3370 284.
2931 3306 3064 3371 Isto

126 3405 239 3471 lib.
278 3405 345 3467 2.
386 3404 461 3467 de
494 3403 787 3469 Prae-noe.
822 3424 956 3487 cap.
1000 3403 1057 3463 5.
1093 3403 1139 3468 ἃ
1170 3403 1272 3468 lib.
1309 3404 1368 3467 7.
1394 3424 1527 3487 cap.
1555 3404 1615 3467 2.
1648 3402 1966 3487 imprimis
1997 3423 2132 3485 cap.
2168 3401 2229 3465 7.
2263 3400 2404 3465 libri
2428 3399 2632 3484 ipsius
2664 3398 2740 3461 de
2777 3397 3062 3479 Proyno-

126 3493 309 3560 scic-is
352 3512 429 3557 ex
449 3492 731 3556 siderum
755 3512 968 3567 cursu,
996 3488 1069 3555 de
1091 3492 1499 3575 reyiminibus
1522 3492 1890 3569 coelestium,
1916 3490 1992 3555 de
2025 3489 2509 3557 Necromanticis
2532 3484 2938 3568 imaqinibu3‚
2965 3484 3065 3549 &a

128 3584 168 3645 ὰ
225 3582 503 3647 Gesnero
534 3581 603 3643 in
651 3580 1021 3646 Bibliotheca
1068 3580 1421 3643 enumerati
1451 3602 1679 3663 parum
1710 3579 1863 3643 boni
1901 3578 2187 3663 polliceri
2217 3576 2530 3641 videntur.
2580 3572 2826 3656 Purgat
2857 3593 3004 3634 eum
3029 3572 3068 3633 a

128 3668 393 3733 nefaria
438 3668 652 3753 magia
695 3668 986 3733 Seldenos
1032 3666 1357 3753 Syntaqm.
1409 3668 1467 3730 1.
1492 3668 1567 3732 de
1598 3668 1739 3733 Diis
1764 3667 1965 3753 SyriS,
1991 3687 2124 3750 cap.
2154 3667 2212 3727 2.
2237 3685 2384 3750 paq.
2417 3665 2521 3727 32.
2550 3668 2591 3722 δι
2622 3660 2869 3725 Gabriel
2897 3659 3072 3725 Nau·

130 3760 299 3825 deus
351 3757 421 3821 in
450 3756 752 3841 Apoloyid
790 3758 1023 3823 Gall-ioci
1050 3756 1371 3823 doctorum
1413 3757 1721 3835 Virorum,
1755 3756 1865 3838 qui
1888 3754 2122 3839 injuste
2144 3754 2220 3818 de
2246 3753 2453 3837 Maqici
2477 3748 2752 3832 suspecti
2784 3747 3067 3822 fuerunt,

129 3867 277 3931 cap.
314 3845 416 3908 17.
462 3844 789 3909 Directam
814 3844 1093 3928 magiam
1118 3845 1172 3907 si
1195 3845 1583 3929 intelligant,
1619 3848 1831 3927 posset
1855 3844 1919 3906 in
1947 3842 2154 3906 medio
2178 3840 2452 3923 relinqui
2473 3862 2488 3915 3
2522 3838 2632 3901 sed
2657 3836 2737 3900 ab
2763 3834 3072 3899 indirecta

130 3956 255 4000 seu
308 3932 759 4016 superstitione
805 3934 927 4017 (uti
976 3932 1302 3997 Casuistae
1350 3932 1669 3997 Pontificii
1710 3930 2086 4015 appellant),
2119 3928 2382 4013 purgari
2411 3949 2533 3990 non
2558 3928 2788 4009 potest.
2839 3922 2928 3986 Et
2953 3922 3074 3987 hoc

131 4044 269 4087 non
296 4021 560 4085 obscure
583 4020 824 4085 fatetur
855 4021 1067 4087 Delrio
1095 4021 1276 4106 [pag.
1306 4020 1510 4106 1278]
1538 4020 1641 4087 lib.
1676 4021 1731 4084 1.
1761 4020 2044 4105 Disquia
2071 4039 2204 4102 cap.
2236 4019 2294 4080 3.
2322 4036 2427 4101 qu.
2458 4016 2514 4079 1.
2558 4012 2620 4077 N
2625 4036 2692 4077 ec
2717 4012 2897 4076 video
2925 4011 3074 4076 hac-

129 4116 331 4175 tenus
356 4109 399 4173 J
402 4110 668 4174 ohannis
699 4108 1021 4174 Francisci
1046 4108 1201 4187 Pici,
1235 4108 1343 4192 qui
1376 4109 1571 4173 libros
1607 4107 1845 4173 Baconi
1867 4108 2133 4191 legerat,
2160 4104 2622 4169 accusationem
2673 4104 2712 4165 a
2754 4122 3074 4183 quoquam

138 4200 448 4264 deletam.
497 4196 690 4261 Videt
723 4198 938 4275 lector,
964 4198 1275 4282 quomodo
1304 4196 1492 4261 Praxi
1520 4196 1926 4281 Apostolicae
1951 4192 2297 4264 Ecclesiae,
2327 4192 2382 4257 si
2407 4213 2570 4276 quae
2602 4190 2746 4268 fuit,
2779 4190 2848 4253 in
2873 4188 3072 4252 absti-

139 4288 370 4352 nentia
416 4288 455 4350 a
485 4285 701 4350 labore
738 4290 998 4370 propter
1022 4286 1389 4351 scandalum
1413 4284 1455 4349 J
1460 4286 1825 4362 udaeorum,
1857 4282 2137 4347 nondum
2169 4282 2326 4345 satis
2351 4280 2800 4357 convictorum,
2829 4278 2904 4342 de
2930 4299 3073 4345 mu-

140 4376 395 4441 tatione
440 4372 753 4439 Sabbathi
783 4376 849 4467 in
898 4375 1065 4439 diem
1090 4373 1516 4453 Dominicum‚
1546 4372 1667 4525 (121ξί
1693 4372 1888 4437 etiam
1913 4372 2156 4437 factum
2180 4369 2247 4434 in
2273 4370 2663 4435 abstinentia
2687 4370 2724 4431 a
2747 4366 3076 4517 suffocate&
