3694 4871
713 335 1612 403 D1s12.111.Dan112
1660 361 1752 403 ιιι·
1799 337 2235 404 Jus'r1'r1A
2283 339 2470 406 Dm.
2985 343 3069 406 33

145 524 403 588 rendum
430 527 545 601 est,
578 545 662 586 an
685 526 826 588 acti
805 545 864 586 s
887 523 1228 589 intrinsece
1253 523 1426 603 mali,
1453 525 1873 591 materialiter
1896 525 2137 610 sumpti
2161 547 2275 610 per
2297 523 2710 591 autoritatem
2734 523 2871 590 Dei
2878 547 3069 610 prae-

147 611 432 697 cipientis
467 611 795 677 honestari
817 612 1080 715 possint,
1108 614 1154 678 a
1179 612 1548 679 deformitas
1571 637 1786 680 eorum
1813 615 1938 680 ab
1920 615 1999 680 iis
2024 614 2399 700 separabilis
2430 615 2516 679 sit
2538 613 2692 697 quia
2714 613 2853 680 scil.
2879 614 3073 680 hone·

147 706 272 766 stas
318 705 428 765 aut
473 699 804 784 turpitudo
853 701 990 785 ejus
1031 702 1306 786 pendeat
1354 705 1394 767 a
1416 702 1696 768 dominio
1725 703 1869 769 Dei.
1898 703 1996 769 De
2018 704 2228 768 tribus
2254 703 2479 788 primis
2502 702 2857 804 praeceptis
2883 703 3071 768 deca-

147 793 274 876 logi
323 791 492 875 quod
541 790 620 853 ad
665 791 1040 874 negativum
1086 812 1326 870 eorum,
1372 790 1493 856 hoc
1523 791 1814 858 absolute
1839 792 2247 858 statuendum
2272 796 2389 857 est.
2414 790 2643 875 Neque
2666 790 2838 856 enim
2861 796 3073 876 potest

147 879 314 946 Deus
359 879 498 944 sine
543 878 968 964 abnegatione
1015 879 1116 943 sui
1161 879 1362 962 ipsius
1417 881 1703 944 relaxare
1752 884 2095 965 praecepta
2120 882 2255 960 illa,
2282 885 2395 946 aut
2416 883 2745 946 creaturae
2770 880 3071 945 rationali

147 970 476 1035 concedere
493 989 590 1031 ex.
611 988 707 1051 gr.
725 972 799 1031 ut
815 965 1024 1031 Deum
1047 966 1190 1031 odio
1206 967 1462 1047 habeat,
1480 968 1902 1054 blasphemet,
1920 970 2119 1034 alium
2136 969 2345 1034 Deum
2367 969 2535 1034 colat
2558 970 2659 1034 ac.
2678 967 2775 1037 De
2799 969 3007 1052 primo
3024 970 3072 1036 ἃ

147 1060 347 1137 tertie,
362 1058 532 1142 quod
549 1057 629 1121 ad
651 1055 1110 1120 affirmativum
1123 1077 1342 1120 eorum
1366 1057 1413 1122 δι
1436 1061 1614 1122 actus
1639 1058 1847 1123 cultus
1870 1058 2387 1138 naturalis,idem
2398 1057 2581 1144 [pag.
2606 1057 2769 1142 350]
2782 1060 3071 1123 statuen-

148 1148 323 1225 dum3
357 1147 450 1211 sic
481 1167 578 1210 ex.
604 1165 704 1228 gr.
727 1166 852 1209 non
879 1148 1088 1228 potest
1111 1145 1448 1210 concedere
1473 1150 1586 1210 aut
1609 1146 1997 1231 dispensare,
2024 1150 2096 1211 ut
2119 1147 2329 1212 Deum
2351 1167 2480 1210 non
2502 1145 2691 1224 colat,
2722 1167 2851 1210 non
2875 1151 3070 1221 amet,

149 1237 202 1300 ei
219 1259 342 1300 non
365 1235 603 1312 credat,
627 1255 854 1298 nomen
889 1233 1026 1318 ejus
1049 1255 1176 1297 non
1201 1233 1574 1299 sanctificet.
1599 1233 1724 1300 Sed
1747 1236 1824 1301 de
1847 1236 2119 1300 secundo
2142 1239 2481 1320 praecepto
2506 1233 2871 1312 dubitatur-3
2903 1235 2963 1302 1.
2988 1257 3072 1300 an

147 1347 322 1389 omne
376 1321 750 1407 negativum
798 1322 934 1404 ejus
987 1343 1103 1405 per
1155 1323 1573 1387 mutationem
1619 1325 1929 1389 materiae
1960 1324 2283 1408 praecepti
2306 1323 2523 1408 aliqua
2552 1322 2801 1388 ratione
2831 1323 3069 1388 mutari

149 1414 364 1497 possit:
393 1435 494 1476 ex.
520 1432 616 1496 gr.
657 1433 739 1474 an
763 1410 939 1475 Deus
963 1411 1164 1494 possit
1187 1411 1672 1476 similitudinem
1697 1413 1983 1496 aliquam
2018 1413 2117 1477 sui
2141 1413 2645 1498 qualemcunque
2676 1416 2792 1476 aut
2812 1413 3071 1498 signum

149 1502 470 1566 materiale
497 1499 830 1575 exhibere;
857 1521 972 1582 per
994 1521 1186 1583 quam
1217 1500 1454 1583 pictam
1479 1505 1592 1565 aut
1623 1501 2025 1566 efformatam
2048 1501 2293 1566 homini
2322 1501 2441 1581 illi,
2466 1502 2569 1566 cui
2594 1522 2735 1565 eam
2767 1500 3070 1566 exhibere

150 1592 532 1676 dignaretur,
579 1588 828 1652 licitum
875 1593 1044 1651 esset
1072 1587 1140 1651 in
1170 1591 1496 1672 posterum
1519 1587 1728 1654 Deum
1754 1591 1979 1656 colere.
2030 1591 2091 1654 2.
2139 1590 2470 1655 dubitatur
2502 1611 2579 1654 an
2608 1589 3069 1655 affirmativum

149 1681 416 1762 ejusdem
468 1677 790 1761 praecepti
833 1676 888 1740 si
942 1681 1299 1760 exponatur
1347 1699 1484 1742 esse
1532 1679 1741 1743 cultus
1779 1678 2135 1757 institutus,
2169 1677 2343 1743 Deus
2368 1677 2609 1762 absque
2631 1677 3069 1762 implicatione

151 1765 653 1832 contradictionis
699 1766 794 1829 ita
839 1768 1088 1828 mutare
1134 1770 1368 1848 posset,
1419 1769 1492 1830 ut
1545 1767 1778 1850 aliquis
1817 1768 1997 1832 nullo
2028 1767 2205 1832 cultu
2230 1767 2527 1832 instituto
2550 1766 2684 1831 sive
2710 1763 2792 1830 V.
2821 1767 2954 1832 sive
2978 1765 3065 1832 N.

150 1855 510 1920 testamenti
557 1857 900 1918 teneretur.
941 1852 1078 1917 Nos
1110 1875 1234 1917 non
1260 1853 1546 1918 videmus
1570 1855 1972 1931 alterutrum,
2000 1855 2055 1919 si
2080 1855 2346 1935 dicatur,
2378 1855 2728 1939 implicare.
2762 1853 2861 1920 Ac
2889 1855 3070 1940 prius

152 1945 394 2028 quidem
449 1941 812 2026 colligimus
871 1945 1006 2005 tum
1065 1964 1141 2006 ex
1195 1941 1397 2028 signis
1451 1965 1564 2007 seu
1611 1943 2003 2029 imaginibus
2055 1943 2597 2024 extraordinariiS,
2642 1947 2719 2008 ut
2740 1944 3071 2010 columbae

155 2033 358 2098 Manli.
380 2034 444 2097 3.
465 2035 602 2096 tum
619 2029 974 2108 ordinariiS,
989 2034 1061 2093 ut
1077 2029 1461 2110 cherubiniS,
1487 2033 1534 2097 δι
1559 2053 1770 2096 arcam
1786 2031 2057 2097 foederis
2072 2055 2217 2097 cum
2234 2032 2699 2116 propitiatorio·
2716 2030 2814 2096 De
2830 2031 3071 2108 Quarto

155 2125 503 2205 praeceptO,
542 2121 600 2184 si
637 2118 1145 2198 determinatam,
1172 2121 1218 2186 ἃ
1251 2119 1468 2184 ordine
1493 2125 1923 2185 recurrentem
1947 2121 2222 2205 speciem
2252 2123 2555 2206 temporis
2580 2141 2654 2186 eo
2676 2119 2948 2185 describi
2970 2121 3068 2185 di-

155 2211 340 2275 cimus
389 2213 494 2296 (ut
531 2207 787 2292 quidem
821 2228 940 2291 ego
973 2207 1140 2271 malo
1173 2208 1405 2290 dicere)
1439 2208 1679 2292 absque
1703 2209 1838 2273 ulla
1861 2209 2258 2275 dubitatione
2282 2210 2711 2285 statuendum,
2742 2230 2880 2273 esse
2910 2209 3072 2274 illud

149 2300 298 2381 juris
337 2297 540 2362 divini
587 2296 866 2381 positivi.
915 2295 1096 2370 Quod
1141 2299 1354 2360 autem
1401 2298 1658 2362 Zwarez
1680 2299 1760 2362 ad
1783 2301 2084 2382 quartum
2108 2302 2519 2383 praeceptum
2543 2297 2924 2362 determinat
2944 2319 3069 2361 non

156 2387 470 2472 implicare
511 2383 1092 2463 contradictionem,
1132 2384 1186 2448 si
1216 2384 1392 2451 Deus
1415 2385 1663 2451 homini
1700 2386 2025 2453 licentiam
2050 2387 2229 2452 daret
2252 2409 2366 2471 per
2388 2407 2573 2452 omne
2604 2385 2771 2451 vitae
2794 2389 3068 2471 tempu8‚

153 2477 336 2542 immo
380 2498 500 2561 per
542 2478 746 2539 totam
793 2473 1238 2537 aeternitatem
1284 2474 1534 2539 nullum
1555 2475 1794 2540 bonum
1825 2481 2069 2542 motum
2096 2477 2263 2541 circa
2283 2476 2495 2559 ipsum
2519 2496 2829 2554 exercere,
2860 2496 3067 2559 neque

153 2567 381 2631 cultum
423 2562 715 2647 aliquem
729 2562 1038 2626 directum
1063 2562 1109 2627 δι
1134 2563 1497 2646 proximum
1521 2564 1842 2644 exhibere,
1868 2564 2029 2629 illud
2052 2566 2209 2629 satis
2232 2565 2496 2629 crudum
2528 2567 2574 2631 δι
2604 2564 2921 2629 curiosum
2944 2563 3068 2627 mi-

156 2652 222 2717 hi
253 2655 518 2719 videtur.
569 2650 893 2734 Siquidem
941 2651 1186 2715 cultum
1236 2654 1282 2718 &
1328 2656 1574 2716 motum
1605 2657 1940 2718 externum
1963 2653 2376 2739 intelligeret,
2402 2653 2625 2737 utique
2648 2674 2978 2736 possemus
3000 2652 3068 2716 in

157 2743 348 2807 medio
391 2741 788 2824 relinquere:
837 2740 948 2803 sed
993 2744 1204 2804 motus
1247 2740 1536 2805 internus
1574 2741 1629 2805 si
1673 2741 2099 2827 intelligatur,
2120 2742 2343 2807 malim
2366 2762 2511 2806 cum
2535 2740 2887 2805 Thomistis
2909 2762 3069 2806 non-

157 2832 334 2895 nullis
379 2830 618 2896 sentire
665 2828 784 2892 hoc
828 2850 954 2892 non
979 2850 1164 2912 posse
1187 2829 1344 2903 fieri,
1371 2851 1486 2893 nec
1509 2852 1624 2913 per
1645 2831 1969 2915 propriam
1994 2830 2553 2915 dispensationem,
2579 2851 2697 2894 nec
2718 2852 2834 2914 per
2856 2834 3068 2895 muta-

158 2918 380 2985 tionem
417 2917 764 2983 materiae:
819 2915 994 2992 Quae
1035 2917 1229 2981 etiam
1253 2918 1504 2982 videtur
1529 2940 1664 2983 esse
1689 2919 2009 2984 sententia
2036 2922 2289 3005 ἅτερον.
2314 2920 2391 2983 dc
2436 2920 2707 2985 Valentia
2730 2920 2894 3003 disp.
2921 2930 3067 2985 lom.

158 3008 212 3072 2.
255 3009 412 3109 disp.
465 3008 526 3071 7.
567 3027 675 3091 qu.
701 3006 764 3069 4.
793 3017 1029 3089 puncto
1076 3006 1138 3069 6.
1185 3004 1282 3070 De
1308 3008 1664 3093 praeceptis
1689 3008 2001 3073 secundae
2022 3009 2283 3073 tabulae
2308 3008 2805 3091 disquirendum,
2837 3007 2969 3072 sint
2989 3030 3069 3071 ne

159 3116 226 3159 ea
254 3096 410 3180 juris
434 3095 636 3161 divini
659 3094 949 3178 positivi:
999 3094 1046 3159 δι
1069 3099 1526 3179 consequenter
1548 3097 1755 3180 possit
1783 3118 1865 3160 ne
1888 3098 2159 3161 materia
2180 3118 2401 3161 eorum
2424 3097 2662 3161 mutari
2684 3095 2965 3180 absque
2946 3117 3071 3162 im-

159 3184 500 3267 plicatione.
549 3182 806 3247 Zwarez
828 3182 983 3246 ibid.
1016 3184 1331 3248 affirmat:
1371 3196 1612 3269 eoecepto
1641 3204 1812 3250 nono
1833 3186 1909 3250 de
1932 3186 2271 3265 Mendacio,
2303 3186 2376 3251 in
2381 3207 2521 3288 ‘quo
2544 3185 2637 3249 ait
2660 3185 2925 3287 [creasse
2945 3204 3071 3249 esse

159 3275 462 3355 specialem
501 3273 830 3350 rationem,
865 3273 960 3336 vel
1005 3274 1156 3357 quia
1194 3274 1378 3338 etiam
1405 3284 1676 3357 respectu
1699 3273 1867 3338 Dei'
1841 3275 2046 3359 ipsius
2068 3276 2313 3339 malum
2336 3275 2437 3354 sit,
2461 3276 2555 3340 vel
2578 3274 2731 3361 quia
2754 3274 2829 3339 de
2850 3294 2915 3337 se
2935 3293 3067 3339 non

160 3362 451 3427 limitatur
473 3362 558 3427 ad
579 3361 911 3425 waleviam
935 3373 1226 3440 creatam,
1251 3382 1360 3426 nec
1380 3362 1603 3446 pendet
1625 3384 1700 3427 ex
1721 3362 2001 3428 dominio
2024 3364 2145 3429 Dei
2168 3363 2239 3427 in
2260 3364 2461 3442 illam,
2476 3364 2573 3427 vel
2588 3364 3028 3447 inepersonam
3044 3386 3065 3427 .·

160 3450 254 3513 sed
287 3452 356 3515 in
399 3469 774 3537 quacunque
804 3451 1070 3515 materia
1099 3448 1162 3515 ἃ·
1184 3449 1260 3515 de
1289 3471 1662 3536 quacunque
1681 3472 1957 3536 persona
1979 3452 2101 3517 dici
2118 3462 2335 3536 potest,
2358 3453 2454 3515 vel
2475 3452 2741 3537 denique
2760 3450 2910 3537 quia
2932 3452 3067 3534 ejus

161 3540 503 3622 deformitas
541 3558 676 3604 non
718 3538 1016 3623 dependet
1053 3560 1130 3605 eoe
1157 3540 1282 3605 alio
1303 3539 1585 3604 dominio
1607 3542 1702 3605 vel
1723 3541 1939 3605 divino
1950 3542 2121 3624 Jure,
2153 3541 2262 3605 scd
2284 3541 2495 3605 statim
2524 3540 2729 3604 oritwr
2758 3560 2835 3605 ea·
2858 3538 3064 3603 disso-

161 3628 366 3692 nantia
413 3628 747 3693 verboru-m
792 3627 879 3691 ad
925 3640 1211 3693 mentem.
1261 3626 1366 3692 Sic
1389 3627 1524 3693 ille.
1560 3626 1658 3691 De
1682 3628 1919 3704 Quinto
1942 3633 2282 3713 praecepto
2312 3650 2439 3693 non
2464 3627 2697 3713 exigua
2721 3626 3066 3692 difficultas

162 3718 264 3794 est,
309 3739 388 3781 an
431 3718 568 3783 scil.
606 3717 809 3781 honor
832 3721 1170 3799 parentum
1197 3719 1325 3799 qua
1347 3716 1576 3781 talium
1601 3717 1806 3800 possit
1827 3718 2063 3782 mutari
2086 3719 2134 3783 a
2158 3717 2399 3782 aboleri
2420 3740 2437 3795 3
2485 3716 2579 3781 ita
2602 3720 2675 3781 ut
2698 3738 2825 3780 non
2847 3715 3065 3799 impli-

162 3809 318 3868 caret
365 3806 880 3885 contractionem,
935 3805 990 3869 si
1035 3804 1437 3869 omissionem
1465 3805 1656 3889 hujus
1681 3809 1882 3885 actuS,
1908 3809 2021 3870 aut
2050 3806 2438 3871 contrarium
2461 3805 2637 3870 Deus
2662 3805 2855 3869 alicui
2878 3826 3065 3888 prae—

163 3892 396 3957 scribat.
444 3894 802 3962 Durandus
835 3916 992 3958 -cum
1040 3893 1172 3958 suis
1221 3892 1536 3971 affirmat3
1584 3895 1705 3959 hac
1735 3894 2002 3974 ratione,
2029 3895 2180 3978 quia
2202 3898 2277 3959 ut
2308 3898 2346 3959 a
2375 3894 2647 3959 materia
2668 3892 3065 3976 reliquorum

164 3984 448 4047 secundae
494 3983 752 4047 tabulae
798 3982 890 4045 ita
938 3985 984 4049 δι
1029 3982 1240 4067 quinti
1284 3983 1609 4067 praecepti
1652 3988 1865 4068 potest
1896 3983 2133 4047 auferri
2166 3982 2485 4048 debitum:
2513 3984 2613 4047 est
2636 3982 2805 4046 enim
2831 3981 3072 4065 depen-

165 4068 359 4135 dentia
395 4071 668 4136 hominis
694 4070 882 4136 unius
906 4071 986 4135 ab
1023 4071 1150 4135 alio
1174 4071 1598 4155 separabilis
1575 4094 1614 4135 a
1637 4094 2033 4157 quocunque,
2059 4072 2195 4135 sola
2218 4070 2686 4155 dependentia
2664 4093 2703 4134 a
2726 4068 2861 4135 Deo
2885 4070 3065 4135 nullo

167 4158 330 4221 modo
369 4164 464 4225 est
511 4160 692 4246 [pag.
742 4160 906 4245 351]
953 4160 1351 4244 separabilis.
1399 4158 1524 4225 Sed
1561 4161 1827 4244 opponit
1868 4164 2147 4239 Zwarez‚
2170 4158 2595 4243 inseparabile
2620 4181 2756 4224 esse
2780 4158 3067 4225 debitum

166 4242 490 4312 honorandi
535 4252 832 4333 parentes
884 4272 922 4312 a
945 4250 1098 4327 filio,
1125 4249 1454 4332 supposita
1485 4250 1917 4332 procreatione
1942 4272 2056 4333 per
2077 4250 2239 4314 tales
2264 4252 2579 4332 parentes.
2625 4247 2714 4313 Et
2735 4252 2906 4313 certe
2928 4271 3067 4313 ma·
3138 4246 3145 4253 ’

168 4331 303 4397 lim·
286 4358 350 4399 ιιι
371 4336 530 4402 hane
559 4340 808 4421 partem
831 4336 1170 4413 inclinare3
1196 4337 1391 4401 immo
1415 4340 1461 4403 8ι
1483 4337 1732 4416 addere,
1751 4338 1914 4421 juris
1937 4338 2136 4402 divini
2160 4337 2471 4401 naturalis
2494 4358 2633 4402 esse
2654 4341 3065 4422 praeceptum

170 4418 308 4488 illud
329 4428 636 4509 generale,
669 4425 838 4509 quod
863 4426 1052 4491 homo
1081 4386 1378 4491 teneatur
1401 4426 1666 4510 diligere
1689 4388 2040 4492 liominem.
2087 4426 2305 4494 Proba.
2328 4424 2511 4489 VIII.
2537 4425 2641 4491 An
2668 4427 2771 4491 lex
2798 4431 3066 4491 naturae

1582 4521 1618 4577 3
2982 4514 3067 4577 sit
