3694 4871
624 311 710 376 34
1205 307 2973 376 stp.111.DsJuastnsmrmDm.

623 499 708 563 sit
734 497 1089 576 mutabilis,
1113 496 1191 560 de
1215 518 1342 580 quo
1369 495 1700 579 disputant
1721 496 1802 560 ad
1825 519 1885 582 q.
1915 496 2021 559 94.
2046 507 2168 560 art.
2197 497 2256 560 5.
2290 493 2354 560 ἃ·
2377 497 2437 560 6.
2470 497 2645 580 Hesp.
2682 500 2740 561 1.
2766 502 2865 560 est
2887 519 3007 579 per
3032 496 3443 561 additionem.
3472 493 3559 560 Sic

625 587 798 652 Deus
834 590 1050 670 posset
1071 607 1236 650 nova
1265 584 1568 668 specialia
1593 589 1932 668 praecepta
1956 585 2217 649 addere:
2244 585 2561 668 quomodo
2586 586 2660 649 de
2686 585 2856 650 facto
2882 585 3131 648 addidit
3158 586 3209 649 si
3234 607 3359 648 non
3390 607 3561 668 prae·

624 679 878 759 ceptum
899 674 1172 758 speciale
1187 695 1308 738 seu
1333 673 1724 756 explicitum,
1745 674 1971 737 saltem
1994 695 2225 738 novam
2242 674 2565 757 praecepti
2584 674 3101 757 explicationem,
3122 675 3561 742 extensionem.

627 764 1156 849 applicationem:
1204 761 1394 827 Crede
1433 763 1504 826 in
1531 761 1851 827 Christum
1876 761 2277 827 vrvedialoretn
2296 783 2319 827 .·
2345 763 2513 846 quod
2538 767 2751 826 tamen
2780 762 3149 826 virtualiter
3174 765 3219 828 δι
3246 763 3561 846 implicite,

623 875 736 918 seu
782 853 954 936 quod
999 852 1078 916 ad
1121 873 1346 936 genuS,
1394 851 1512 914 sub
1557 850 1760 933 primo
1795 851 2083 935 decalogi
2110 855 2447 934 praecepto
2479 851 2859 915 continetur.
2910 852 2973 916 2.
3024 849 3173 914 Non
3206 857 3307 914 est
3336 873 3455 934 per
3474 851 3557 914 sni

625 940 1019 1020 desitionem,
1045 939 1214 1024 quod
1238 940 1318 1003 ad
1341 938 1883 1003 universalissima
1899 943 2257 1022 praecepta,
2278 939 2471 1003 etiam
2490 940 2660 1022 quod
2676 940 2755 1002 ad
2772 947 3117 1022 praecepta
3136 939 3557 1023 particularia,

625 1034 698 1094 ut
721 1029 855 1094 scil.
882 1029 996 1093 illa
1019 1027 1466 1092 universaliter
1489 1027 1764 1110 amplius
1789 1049 1919 1092 non
1942 1027 2265 1112 obligent:
2293 1033 2560 1111 possunt
2578 1031 2793 1091 tamen
2820 1027 3130 1091 nonnulla
3154 1029 3345 1092 modo
3364 1050 3557 1091 recen-

625 1118 752 1184 sita
798 1118 865 1181 in
909 1115 1284 1202 particulari
1329 1137 1479 1180 casu
1526 1115 1574 1180 ἃ
1613 1137 1739 1198 quo
1787 1116 1868 1179 ad
1900 1115 2179 1199 aliquem
2211 1115 2537 1180 hominem
2562 1117 2797 1180 mutari
2824 1117 3251 1180 materialiter
3276 1140 3361 1180 sc.
3390 1119 3477 1180 ita
3500 1122 3557 1178 ut

623 1211 832 1272 status
855 1206 1088 1288 objecti
1113 1227 1226 1270 seu
1250 1209 1448 1279 actus,
1481 1204 1646 1269 circa
1677 1226 1868 1286 quem
1895 1207 2185 1268 versatur
2210 1209 2640 1288 praeceptum,
2666 1209 2987 1269 mutetur:
3014 1209 3087 1268 ut
3118 1207 3309 1269 modo
3334 1205 3553 1269 dictum

629 1299 746 1360 est.
797 1307 859 1359 ὅ.
906 1293 1054 1360 Non
1109 1298 1206 1358 est
1237 1293 1566 1356 mutabilis
1592 1315 1668 1356 ex
1699 1297 1882 1376 parte
1912 1293 2202 1376 subjecti,
2230 1293 2295 1356 id
2320 1297 2419 1357 est
2444 1298 2709 1358 naturae
2740 1293 3087 1370 humanae,
3113 1317 3227 1358 seu
3252 1294 3553 1358 naturalis
3665 1293 3668 1376 ξ

625 1383 1035 1468 synteresios,
1082 1382 1148 1447 in
1197 1387 1325 1466 qua
1361 1385 1668 1465 tanquam
1695 1380 1760 1444 in
1785 1381 2071 1465 subjecto
2095 1385 2193 1446 est
2216 1381 2263 1446 a
2288 1385 2621 1464 permanet
2643 1382 3085 1446 habitualiter.
3139 1381 3279 1446 Hoc
3304 1388 3425 1460 est,
3450 1403 3554 1446 non
3666 1377 3668 1442 ξ

629 1476 844 1556 potest
891 1471 1088 1536 deleri
1134 1493 1212 1535 ex
1259 1474 1470 1534 mente
1517 1470 1800 1534 humana
1823 1470 2055 1534 saltem
2080 1492 2205 1553 quo
2229 1470 2309 1534 ad
2334 1470 2881 1534 universalissima
2912 1470 3253 1554 principia,
3272 1473 3323 1538 St
3344 1493 3469 1555 quo
3490 1469 3557 1534 ad
3666 1503 3668 1506 ⁴

631 1559 1118 1644 particularium
1163 1558 1640 1643 principiorum,
1688 1560 1734 1623 8ι
1759 1561 2241 1641 praeceptorum
2267 1559 2567 1637 radicem,
2594 1559 2948 1643 synteresin
2976 1581 3062 1624 sc.
3090 1559 3275 1624 Cous.
3302 1561 3465 1644 disp.
3492 1559 3555 1622 de

625 1649 909 1715 Athismo
951 1661 1118 1732 part.
1169 1649 1229 1711 2.
1283 1646 1348 1712 ἃ·
1401 1648 1460 1710 3.
1517 1646 1726 1713 Probl.
1761 1645 1873 1710 IX.
1902 1645 2003 1710 An
2024 1647 2189 1730 juris
2213 1652 2553 1731 praecepta
2576 1651 2746 1712 recte
2770 1647 3267 1724 constituantur,
3304 1649 3554 1712 honeste

627 1738 860 1815 vivere,
907 1737 1181 1801 alterum
1223 1757 1350 1800 non
1399 1735 1667 1813 laedere,
1716 1756 1903 1799 suum
1928 1736 2155 1820 cuique
2187 1736 2488 1800 tribuere.
2542 1737 2720 1820 Hesp.
2768 1735 2935 1800 Sunt
2959 1738 3071 1820 qui
3096 1743 3379 1820 negant:
3406 1737 3554 1800 inter

627 1848 785 1911 quos
817 1825 1099 1891 Amesius
1123 1825 1225 1889 lib.
1253 1827 1314 1889 5.
1347 1825 1626 1889 Casuum
1653 1845 1789 1908 cap.
1821 1825 1881 1886 1.
1908 1846 2009 1909 qu.
2041 1827 2101 1886 5.
2154 1821 2459 1888 Rationes
2484 1825 2651 1908 apud
2679 1825 2889 1907 ipsum
2926 1825 3091 1888 vide.
3156 1823 3327 1888 Mihi
3358 1831 3553 1889 tamen

559 1905 568 1914 ’
627 1915 879 1979 videtur
923 1936 1048 1978 non
1093 1914 1262 1978 male
1301 1912 1422 1976 hoc
1445 1913 1596 1976 dici:
1633 1912 1949 1996 siquidem
1973 1912 2322 1997 intelligas,
2357 1917 2429 1976 ut
2452 1913 2731 1996 intelligi
2758 1911 3029 1990 videtur,
3048 1915 3155 1996 jus
3181 1913 3461 1978 hominis
3488 1912 3555 1976 ad

626 2003 974 2068 hominem.
1021 2001 1146 2067 Sed
1173 2002 1250 2065 de
1273 2001 1375 2065 his
1403 2001 1672 2085 aliisque
1705 2001 2185 2084 quaestionibus
2216 2001 2281 2064 in
2307 2001 2443 2064 loco
2466 2023 2691 2066 comm.
2723 2003 2798 2065 de
2832 2002 3129 2085 Leqibus:
3170 2003 3219 2066 δι
3243 2003 3327 2066 ad
3350 2023 3553 2066 secun·

627 2094 774 2157 dam
825 2091 1112 2177 decalogi
1161 2090 1470 2168 tabulam,
1519 2091 1594 2153 de
1619 2091 1866 2154 Iustitia
1895 2088 1957 2154 ἃ·
1980 2091 2149 2167 lure,
2176 2090 2495 2174 agendum
2528 2094 2643 2154 est.
2674 2088 3023 2172 Rejicimus
3054 2093 3111 2154 1.
3141 2092 3477 2156 Οαππιιιηι
3498 2091 3551 2152 in

631 2185 692 2246 2.
741 2203 847 2268 qu.
900 2182 1002 2245 19.
1055 2183 1100 2246 ἃ
1148 2179 1356 2246 Aliaco
1401 2179 1470 2242 in
1523 2180 1580 2242 1.
1605 2199 1710 2264 qu.
1743 2179 1844 2241 14.
1872 2178 1983 2262 qui
2008 2182 2300 2242 statuunt
2324 2181 2535 2242 actum
2562 2179 2689 2242 odii
2714 2177 2833 2240 Dei
2860 2201 3047 2262 posse
3074 2183 3243 2244 recte
3276 2181 3435 2254 fieri,
3462 2181 3553 2244 &a

635 2269 774 2334 Deo
821 2269 1123 2354 praecipi,
1159 2274 1230 2332 nt
1253 2270 1298 2334 δι
1331 2267 1460 2331 alia
1492 2266 1752 2351 quaevis
1777 2271 1997 2330 contra
2025 2269 2233 2349 legem
2256 2267 2583 2331 moralem.
2648 2269 2708 2330 2.
2748 2269 3283 2332 panormitan-„rm
3312 2271 3361 2334 ἃ
3384 2289 3553 2351 quos-

634 2359 780 2422 dam
837 2358 972 2443 ejus
1019 2359 1383 2434 sectatoreS,
1431 2356 1541 2439 qui
1587 2357 1666 2419 ad
1711 2356 1964 2440 capitul.
1996 2357 2197 2421 ultim.
2232 2355 2571 2441 Emeravay.
2597 2355 2673 2419 dc
2699 2356 3258 2422 Constitutionibus
3286 2358 3555 2420 scribunt

617 2449 732 2532 jus
776 2450 1070 2512 vmturale
1113 2466 1293 2530 posse
1337 2466 1408 2509 ex
1455 2447 1646 2511 causti
1669 2446 1819 2521 tolli,
1847 2444 1927 2507 ab
1952 2444 2233 2509 hnmana
2256 2445 2389 2509 scil.
2418 2445 2782 2509 autoritate.
2834 2444 2960 2509 Sed
2992 2447 3071 2510 de
3100 2450 3423 2529 potestate
3444 2446 3553 2509 dis·

629 2535 939 2687 puengandi
987 2534 1153 2599 circa
1189 2534 1294 2617 jus
1318 2533 1626 2613 divinum,
1653 2556 1845 2616 quam
1872 2532 2251 2597 Canonistae
2274 2534 2569 2598 tribuunt
2594 2533 2807 2616 Papea
2836 2532 3146 2614 Romanu,
3172 2535 3331 2598 alibi
3356 2536 3553 2618 dispu-

700 2646 743 2687 n
791 2645 916 2687 um.

727 2710 936 2775 Proba.
989 2710 1067 2773 X.
1119 2709 1220 2773 An
1261 2714 1578 2793 repugnet
1608 2710 1740 2792 juri
1772 2710 1989 2774 divino
2020 2710 2319 2789 naturali,
2346 2710 2399 2774 si
2432 2710 2784 2794 praecipiat
2806 2716 3087 2794 peccata.
3144 2714 3325 2797 Resp.
3374 2712 3555 2798 Alfi&

633 2798 983 2863 rectissime
1031 2803 1405 2863 annotatum
1457 2802 1494 2862 a
1545 2799 1834 2881 Caietano
1859 2800 1945 2863 ad
1973 2801 2031 2864 1.
2059 2801 2117 2863 2.
2144 2821 2251 2885 qu.
2284 2801 2430 2863 100.
2462 2812 2583 2865 art.
2613 2802 2673 2864 8.
2701 2800 3099 2864 voluntatem
3124 2801 3429 2879 divinam,
3454 2798 3555 2862 etsi

635 2910 760 2952 non
785 2887 870 2951 sit
895 2887 1184 2951 absolute
1209 2888 1650 2961 determinata,
1681 2890 1752 2950 ut
1777 2887 1935 2951 velit
1960 2888 2203 2971 aliquid
2234 2892 2415 2952 extra
2440 2910 2527 2965 se,
2555 2892 2668 2952 aut
2696 2892 2771 2951 ut
2797 2889 2955 2952 velit
2978 2888 3304 2953 hominem
3330 2886 3551 2971 aliquid

635 2996 825 3059 agere
845 2998 860 3051 3
889 2998 1026 3039 esse
1056 2979 1273 3040 tamen
1297 2976 1651 3039 necessario
1676 2976 2184 3051 determinatam,
2204 2981 2279 3041 ut
2302 2977 2355 3039 si
2381 2976 2537 3040 velit
2559 2976 2885 3040 hominem
2908 2977 3157 3061 aliquid
3180 3000 3396 3063 agere,
3420 2976 3557 3041 velit

633 3064 842 3147 ipsum
891 3063 1052 3127 bene
1108 3064 1154 3128 ἃ
1206 3064 1649 3128 convenienter
1681 3086 1832 3127 suae
1858 3069 2123 3129 naturae
2150 3085 2374 3149 agere:
2403 3068 2499 3128 est
2522 3064 2693 3129 enim
2718 3066 3011 3129 voluntas
3038 3067 3176 3150 ejus
3199 3066 3553 3137 rectissima,

634 3152 777 3217 fons
825 3152 872 3216 ἃ
917 3152 1141 3237 regula
1187 3152 1394 3217 omnis
1441 3152 1770 3231 bonitatiS,
1809 3153 2006 3216 immo
2031 3156 2127 3217 est
2152 3154 2359 3236 prima
2381 3153 2669 3217 bonitas:
2704 3154 2863 3218 haut
2886 3154 3077 3219 aliter
3100 3178 3176 3219 ac
3201 3156 3385 3240 [pag.
3412 3152 3553 3236 352]
3662 3180 3664 3203 =

632 3240 807 3306 Deus
854 3262 979 3305 non
1027 3244 1238 3325 potest
1284 3241 1504 3305 docere
1556 3239 1809 3319 falsum,
1861 3264 1976 3305 nec
2024 3242 2183 3305 velle
2226 3264 2335 3307 seu
2369 3242 2754 3325 praecipere,
2782 3248 2854 3306 ut
2879 3242 3071 3306 homo
3094 3266 3213 3327 per
3236 3266 3303 3307 se
3326 3247 3441 3307 aut
3462 3261 3558 3325 per
3662 3308 3664 3323 ἰ

636 3330 836 3395 alium
883 3328 1169 3407 fallatur,
1225 3329 1376 3411 quia
1422 3333 1521 3392 est
1569 3328 1773 3413 prima
1819 3330 1867 3394 ἃ
1914 3352 2163 3394 summa
2208 3331 2465 3395 veritas.
2518 3329 2640 3395 Sed
2682 3330 2839 3394 haec
2860 3332 3295 3397 controversia
3316 3330 3482 3394 infra
3502 3329 3557 3392 in

633 3419 972 3503 appendice
1021 3440 1099 3481 ex
1131 3418 1415 3501 professo
1441 3417 1815 3502 agitabitur.
1865 3418 2079 3485 Proba.
2108 3417 2221 3482 XI.
2247 3418 2353 3482 An
2376 3418 2462 3482 sit
2478 3419 2642 3499 juris
2667 3418 2865 3485 divini
2888 3420 3205 3485 naturalis
3230 3422 3277 3484 8ι
3322 3424 3555 3483 antece·

633 3508 743 3571 dat
789 3529 1044 3572 omnem
1099 3507 1446 3571 voluntatis
1493 3510 1727 3585 actum,
1775 3507 2127 3589 praemium
2172 3507 2341 3571 vitae
2366 3511 2661 3571 aeternae
2688 3508 2971 3571 debitum
2996 3508 3063 3571 in
3098 3509 3299 3573 veteri
3325 3507 3555 3571 foedere

638 3601 786 3661 ante
813 3596 1064 3680 lapsum
1089 3618 1226 3659 cum
1258 3595 1514 3659 homine
1545 3594 1722 3658 inito.
1753 3596 1822 3659 R.
1854 3596 1999 3679 Ney.
2020 3594 2247 3679 Neque
2274 3596 2443 3659 enim
2466 3596 2723 3679 probari
2748 3601 2959 3680 potest
2982 3596 3315 3680 implicare
3330 3596 3388 3659 si
3404 3594 3555 3659 Deus

637 3683 962 3749 hominem
1007 3688 1283 3748 creasset
1323 3684 1562 3767 absque
1611 3683 1923 3765 promisso
1951 3684 2068 3747 hoc
2098 3684 2413 3767 praemio:
2460 3684 2631 3748 Deus
2658 3686 2825 3748 enim
2852 3686 2931 3748 ad
2952 3685 3314 3769 praemium
3336 3679 3555 3749 nemini

639 3776 737 3835 est
782 3773 1126 3858 obligatuS.
1179 3774 1352 3839 Rom.
1409 3774 1510 3836 11.
1562 3774 1665 3835 35.
1701 3771 1929 3835 nisiex
1954 3774 2432 3857 praesuppositsi
2464 3773 2664 3837 libera
2690 3773 3035 3853 voluntate,
3062 3774 3110 3838 ἃ,
3132 3774 3556 3858 promissione.

638 3860 852 3926 Proba.
901 3860 1046 3925 XII.
1073 3860 1178 3925 An
1204 3860 1536 3945 permissio
1563 3860 1805 3943 peccati
1831 3860 1917 3924 sit
1941 3861 2103 3943 juris
2128 3862 2325 3926 divini
2350 3862 2609 3945 positivi
2634 3886 2649 3939 ς
2683 3884 2763 3926 an
2789 3884 2937 3927 vero
2963 3861 3139 3927 Deus
3164 3864 3244 3927 ad
3277 3885 3406 3927 non
3432 3881 3553 3945 per-

637 3948 1003 4013 missionem
1033 3971 1145 4013 seu
1172 3949 1648 4033 impeditionem
1675 3949 1955 4011 naturali
1973 3949 2115 4034 jure
2140 3950 2187 4013 δι
2214 3951 2565 4015 necessario
2590 3951 2931 4036 obligetur.
2959 3952 3137 4035 Hesp.
3170 3954 3282 4017 Pr.
3308 3953 3383 4016 A.
3406 3952 3553 4015 Post.

640 4035 715 4101 N.
765 4034 962 4119 quue
1012 4040 1050 4099 a
1073 4038 1406 4119 posteriori
1435 4060 1511 4101 ex
1539 4037 1676 4120 ipso
1705 4038 1931 4100 effectu
1960 4038 2341 4121 colligimus,
2390 4038 2565 4103 Deus
2592 4041 2761 4103 enim
2786 4040 2862 4103 de
2888 4039 3057 4105 facto
3080 4040 3405 4123 permittit
3426 4058 3553 4123 pec-

637 4126 800 4187 cata.
851 4125 1050 4206 Atqui
1097 4124 1215 4189 hoc
1261 4148 1384 4189 non
1432 4126 1590 4189 facit
1613 4129 1868 4209 praeter
1890 4130 2002 4189 aut
2026 4131 2245 4190 contra
2263 4128 2369 4210 jus
2394 4128 2439 4193 8ι
2462 4131 2846 4210 potestatem
2876 4151 3076 4193 suam.
3128 4129 3348 4195 Probe.
3392 4122 3552 4191 xm.

639 4210 742 4274 An
767 4212 982 4295 gratia
1004 4234 1378 4277 conservans
1411 4236 1483 4278 ac
1507 4214 1909 4288 confirmanS,
1937 4214 2205 4299 angeliS,
2227 4214 2365 4301 (qui
2390 4237 2530 4279 eam
2557 4216 2945 4297 habuerunt)
2972 4220 3017 4284 a
3041 4217 3409 4281 hominibus
3433 4214 3551 4301 (qui

639 4319 782 4363 eam
806 4321 932 4363 non
959 4298 1346 4380 habuerunt)
1373 4302 1437 4365 in
1470 4302 1676 4386 primii
1700 4303 2020 4366 creatione
2046 4302 2243 4367 fuerit
2279 4304 2509 4368 debita.
2556 4307 2733 4391 Resp.
2765 4308 2911 4390 Neq.
2937 4304 3112 4370 Idem
3141 4306 3339 4370 etiam
3363 4304 3552 4367 dicen-

641 4388 792 4453 dum
817 4388 894 4451 de
917 4388 1130 4473 gratia
1147 4388 1563 4469 instaurante,
1591 4394 1662 4454 ut
1685 4390 1732 4454 ἃ,
1756 4391 1833 4454 de
1859 4392 2345 4474 praeparatione
2364 4392 2443 4455 ad
2468 4396 2745 4477 gratiam
2770 4395 2817 4459 δι
2842 4394 3133 4479 gloriam.
3166 4394 3347 4470 Quae
3361 4390 3553 4458 omnia

3388 4482 3553 4545 desu-
