3694 4871
862 307 1103 374 str.
1152 305 1469 373 X11.Dn
1522 308 1753 374 Laos
1800 329 1892 374 εἰ·
1939 307 2481 375 ΕιτΑΝοειιο.
3011 310 3128 374 361

188 499 421 582 part-es
468 495 914 583 Euangelium‚
961 492 1113 576 Lex,
1146 498 1191 564 ἃ
1237 497 1539 582 dogmata
1586 495 1839 582 utrique
1873 495 2378 583 praesupposita.
2425 495 2525 562 Ita
2563 501 2636 562 ut
2674 499 2720 564 a
2743 493 3068 565 collective
3093 497 3140 560 δι

193 582 609 651 distributive
643 585 701 649 ei
727 585 1033 670 applicari
1059 585 1285 650 debeat
1309 585 1473 651 illud
1506 585 1819 671 Apostoli.
1873 588 2030 670 Quis
2051 588 2137 652 acl
2167 587 2313 652 haec
2342 587 2602 652 idoneus
2621 591 2651 651 ⁸?

288 672 379 738 II.
422 672 591 754 Quia
613 674 815 738 solida
838 673 999 759 legis
1023 673 1321 759 cognitio,
1349 674 1752 758 praedicatiO,
1781 678 1827 742 ἃ,
1850 676 2112 740 traditio
2136 679 2276 740 tum
2301 676 2554 758 publica
2577 679 2716 739 tum
2740 673 2988 755 privata
3013 695 3140 738 non

192 763 537 847 vulgarem
580 762 851 847 requirit
905 767 1302 847 apparatum,
1359 764 1678 828 assiduam
1726 763 1860 828 scil.
1901 765 1946 829 &
1973 764 2352 849 profundam
2367 764 2866 834 meditationem,
2892 766 3140 828 vastam

192 849 563 930 lectionem,
606 850 827 936 judicii
866 849 1337 935 perspicaciam,
1388 851 1728 917 memoriae
1776 852 2172 932 felicitatem,
2219 852 2508 938 linguam
2535 852 2943 929 eruditorum,
2971 850 3138 914 mul-

194 943 341 1004 tam
396 939 873 1024 experientiam,
920 938 1361 1023 cornucopiam
1408 940 1733 1010 librorum,
1783 941 1893 1025 qui
1951 943 2148 1026 legeS,
2197 963 2424 1020 moreS,
2459 963 2661 1011 casus,
2687 940 2952 1005 consilia
2977 961 3136 1004 con-

194 1027 433 1106 tinent,
484 1029 770 1094 crebram
794 1051 933 1092 cum
960 1027 1064 1112 pie
1090 1027 1353 1093 eruditis
1378 1031 1424 1096 81
1448 1029 1727 1114 expertis
1766 1029 2200 1104 collationem;
2237 1032 2302 1108 δι,
2330 1030 2495 1113 quod
2521 1028 2804 1094 omnium
2827 1027 2997 1093 basis
3021 1031 3138 1106 est,

195 1115 403 1180 trium
420 1116 727 1182 librorum
740 1122 1111 1200 perpetuam
1130 1115 1467 1182 lectionem
1482 1118 1529 1181 ἃ
1545 1119 1972 1196 relectionem,
1989 1117 2328 1182 bibliorum
2347 1117 2807 1202 seil.,propriae
2824 1116 3137 1181 conscien-

194 1205 357 1282 tiae,
405 1207 453 1272 sc
496 1205 795 1270 ecclesiae
841 1225 1012 1270 suae.
1060 1204 1237 1270 Haec
1278 1206 1492 1271 omnia
1536 1210 1670 1271 tam
1718 1207 1936 1272 facilia
1981 1229 2138 1284 esse,
2189 1207 2235 1271 ἃ
2276 1205 2486 1270 ubivis
2511 1205 2719 1283 obvia,
2745 1227 2930 1269 nemo
2956 1205 3140 1281 dicet,

204 1293 323 1376 qui
356 1294 541 1358 modo
564 1293 869 1358 terminos
892 1293 1038 1358 illos
1068 1293 1398 1380 intelligit.

294 1380 415 1446 III.
470 1383 635 1464 Quia
668 1405 741 1446 ea
766 1385 915 1446 sunt
938 1381 1279 1446 latifundia
1302 1383 1497 1448 studii
1520 1405 1593 1447 ac
1615 1382 1978 1468 theologiae
2003 1384 2232 1468 legalis
2257 1383 2378 1468 (ita
2402 1383 2670 1467 loquar),
2722 1385 2794 1445 ut
2819 1382 2898 1445 ad
2923 1381 3140 1464 despe-

196 1470 517 1534 rationem
554 1471 981 1555 adigerentur,
1008 1470 1118 1555 qui
1142 1471 1515 1536 thesaurum
1544 1472 1714 1536 hunc
1745 1473 1993 1557 gesturi
2015 1476 2164 1536 sunt
2197 1471 2262 1536 in
2287 1471 2456 1535 vasis
2481 1470 2797 1540 testaceis,
2847 1469 2972 1534 nisi
2997 1491 3141 1553 spe-

198 1557 358 1623 ciali
381 1558 617 1624 auxilio
642 1558 1019 1623 fulcirentur
1050 1559 1131 1624 ab
1176 1556 1306 1638 illo,
1357 1560 1467 1644 qui
1515 1559 1676 1624 dixit
1702 1565 1737 1621 2
1775 1560 1914 1626 Cor.
1957 1561 2058 1627 12.
2111 1560 2332 1627 Gratia
2371 1582 2508 1624 mea
2535 1559 2643 1624 tibi
2664 1559 2917 1647 sufficit,
2941 1559 3144 1624 virtus

200 1667 347 1711 inea
378 1647 449 1711 in
476 1647 857 1735 infirmitate,
905 1650 1003 1714 &a
1052 1645 1228 1722 Quae
1283 1648 1411 1712 sint
1457 1647 1799 1714 latifundia
1855 1651 2011 1733 ejus,
2059 1649 2319 1734 colliges
2361 1671 2438 1712 ex
2465 1645 2867 1712 Bibliotheca
2890 1651 3137 1722 nostrin

204 1735 254 1800 85
305 1737 367 1798 3.
412 1748 579 1820 part.
626 1737 815 1800 select.
858 1737 1065 1820 dispp.
1094 1737 1177 1801 tit.
1208 1737 1284 1800 de
1309 1735 1663 1818 Theologia
1686 1737 1983 1820 practica.
2032 1735 2170 1802 Nos
2193 1739 2264 1806 ἀς
2305 1735 2359 1796 ἓν
2399 1737 2567 1812 τύπῳ
2590 1735 2981 1800 delineamus
3007 1735 3142 1819 ejus

200 1822 671 1908 longitudinem
724 1827 770 1891 8⁶
814 1824 1217 1889 latitudinem
1273 1824 1342 1888 in
1371 1824 1723 1908 Theologia
1748 1826 2040 1906 textuali,
2080 1825 2144 1889 in
2170 1824 2496 1910 theologia
2521 1823 2868 1908 exemplari
2900 1846 3010 1887 seu
3037 1823 3140 1888 hi·

202 1910 462 1990 storica,
486 1912 553 1975 in
580 1912 909 1992 didactica,
934 1913 999 1976 in
1027 1912 1347 1991 eleuet-ica,
1376 1913 1440 1977 in
1466 1913 1765 1997 practica.

306 2001 623 2066 Textualis
653 2000 850 2067 habet
875 2001 1359 2085 explicationem
1384 2002 1685 2086 capitum,
1712 2006 2112 2080 tmematum,
2139 2005 2525 2066 commatum
2543 1999 2930 2084 scripturae,
2959 2001 3138 2085 [pag.

202 2087 330 2175 43]
356 2111 519 2173 quae
542 2091 752 2175 legem
778 2090 1121 2154 continent.
1156 2089 1354 2174 Atqui
1376 2092 1540 2155 tales
1564 2095 1777 2155 textus
1803 2093 1868 2154 in
1891 2091 1968 2154 V.
2000 2089 2073 2154 Τ.
2101 2090 2624 2174 quamplurimos,
2651 2088 2718 2152 in
2746 2088 2826 2152 N.
2859 2087 2936 2152 T.
2965 2087 3146 2153 libris

203 2199 337 2241 non
371 2200 603 2260 paucos
633 2201 769 2243 esse
800 2200 986 2242 nemo
1012 2178 1305 2264 ignorare
1338 2183 1571 2263 potest,
1598 2180 1709 2264 qui
1732 2180 1934 2245 biblia
1958 2179 2206 2244 evolvit.

300 2265 619 2332 Histoi-ica
642 2289 755 2332 seu
779 2265 1160 2351 exemplaris
1184 2289 1383 2346 sacra,
1417 2268 1773 2351 complures
1796 2267 2066 2354 paginas
2098 2271 2381 2351 occupat.
2413 2264 2573 2330 Vide
2605 2264 2764 2330 mihi
2791 2263 3147 2350 Prophetas

203 2357 397 2439 (quos
446 2355 699 2439 vocant)
740 2355 1004 2441 prioreS,
1053 2377 1195 2419 oum
1242 2356 1452 2429 Ester‚
1500 2355 1686 2435 Ezra,
1728 2356 2068 2434 Nehemia,
2095 2354 2294 2434 Ruth,
2321 2353 2850 2439 Paralipomenis:
2888 2358 2959 2418 ut
2982 2352 3144 2416 nihil

205 2442 418 2507 dicam
442 2443 518 2508 de
543 2447 723 2527 parte
748 2444 1160 2529 pentateuchi
1184 2445 1349 2509 bona
1374 2450 1579 2528 parte,
1608 2446 1653 2510 δυ
1676 2443 1958 2511 maxima
1980 2444 2566 2529 Euangelistarum.

300 2532 625 2598 Didactica
670 2536 767 2598 tot
797 2533 993 2597 habet
1016 2533 1239 2597 titulos
1266 2536 1311 2599 δι
1334 2534 1679 2598 subtitulos
1710 2535 1785 2598 de
1810 2534 1994 2599 bonis
2033 2534 2328 2617 operibus
2373 2554 2516 2596 cum
2547 2530 2856 2616 oppositis
2882 2529 3054 2596 vitiis
3079 2530 3145 2595 in

202 2618 497 2706 generali
522 2622 567 2685 δι
600 2621 667 2684 in
692 2619 1081 2705 particulari,
1116 2625 1187 2685 ut
1210 2622 1344 2686 fere
1368 2620 1687 2686 infinitum
1713 2621 1816 2697 sit,
1843 2624 2011 2707 quod
2035 2620 2408 2706 pertransiri
2433 2619 2672 2706 nequit.

298 2710 625 2787 Elenctica,
676 2713 967 2774 versatur
997 2708 1161 2775 circa
1186 2732 1460 2775 errores:
1519 2710 1718 2793 quiin
1744 2710 1907 2795 legis
1941 2710 2358 2795 explicatione
2391 2712 2436 2775 St
2463 2708 2885 2773 vindicatione
2907 2730 3147 2793 magno

200 2818 472 2861 numero
497 2802 866 2861 occurrunt:
918 2796 1015 2860 uti
1041 2820 1117 2861 ex
1150 2797 1578 2882 Scriptoribus
1610 2799 1981 2879 haereseon,
2017 2798 2386 2877 MoralistiS,
2413 2796 2740 2875 Oasuistis,
2767 2796 3142 2881 Interpreti-

200 2886 329 2949 bus
374 2884 773 2970 Decalogicis
796 2884 1068 2970 perspici
1094 2891 1319 2969 potest.
1370 2886 1709 2951 Considera
1742 2888 1928 2951 modo
1952 2910 2005 2952 e.
2033 2910 2131 2972 gr.
2159 2884 2555 2951 vastissimas
2581 2886 3042 2950 controversias
3067 2885 3142 2948 de

200 2974 680 3056 superstitione,
708 2974 938 3059 magis,
964 2974 1348 3053 idololatria,
1374 2976 1449 3039 de
1474 2997 1687 3039 amore
1712 2976 2006 3059 proximi,
2035 2977 2108 3040 de
2127 2976 2487 3058 majoritate
2521 2976 2566 3039 82
2591 2973 2953 3039 obedientia
2977 2975 3056 3038 ad
3084 2974 3143 3037 5.

198 3082 437 3145 praec„
486 3064 687 3147 deque
712 3063 880 3127 bello
904 3062 981 3125 ad
1010 3062 1071 3127 6.
1097 3063 1172 3127 de
1196 3063 1512 3148 conjugiO,
1561 3063 1639 3127 ad
1668 3064 1725 3127 7.
1753 3065 1827 3128 de
1854 3064 2108 3147 justitia
2133 3064 2338 3147 &jure
2363 3064 2444 3127 ad
2472 3064 2534 3127 8.
2559 3062 2605 3127 δι
2638 3061 2728 3127 sic
2752 3085 2865 3147 per
2889 3062 3146 3147 singula

199 3155 567 3234 praecepta.

300 3240 583 3305 Praetiea
636 3237 990 3325 Theologia
1042 3238 1205 3324 legis
1244 3262 1358 3323 per
1401 3240 1797 3305 hortationes
1847 3243 1894 3307 δι
1940 3240 2388 3325 correptioneS‚
2439 3264 2553 3325 per
2593 3240 2852 3317 motiva,
2881 3239 3145 3315 auxilia,

200 3326 439 3404 media,
487 3328 766 3392 remedia
814 3330 859 3394 ἃ
900 3328 1389 3410 praeservativa,
1415 3328 1811 3414 gnorismata
1842 3332 1888 3396 δι
1911 3334 2112 3405 notaS,
2134 3330 2200 3393 in
2223 3328 2547 3393 infinitum
2571 3351 2770 3413 poene
2796 3327 3143 3411 procurrit:

201 3416 367 3479 adeo
393 3420 463 3479 ut
487 3414 853 3501 Theologus
879 3416 1219 3500 elephanto
1248 3421 1417 3481 recte
1441 3422 1862 3501 comparetur,
1890 3418 2090 3502 quiin
2117 3419 2236 3484 hoc
2263 3418 2423 3483 mari
2453 3421 2763 3503 perpetuo
2795 3419 3016 3480 natare
3042 3415 3147 3479 de-

199 3506 339 3579 bet,
365 3503 432 3566 in
460 3525 585 3587 quo
608 3507 825 3569 tamen
856 3525 1060 3589 agnus
1086 3504 1177 3589 (h.
1204 3528 1258 3569 e.
1285 3505 1486 3570 idiota
1516 3508 1663 3569 vere
1689 3506 1860 3590 pius)
1887 3508 2213 3571 ambulare
2231 3510 2460 3590 potest.
2511 3504 2936 3587 Circumspice
2986 3502 3147 3566 mihi

201 3594 309 3656 tot
330 3591 553 3657 titulos
578 3592 890 3657 librorum
915 3592 1355 3676 practicorum,
1382 3614 1611 3676 prame-s
1634 3596 2104 3678 resipiscentiae,
2125 3616 2357 3680 praaes
2379 3594 2802 3669 conscientiae,
2832 3592 3144 3657 Emenda-

206 3680 409 3745 tiones
454 3681 629 3756 vitae,
685 3680 893 3746 Duces
912 3692 1323 3765 peccator-am,
1358 3684 1561 3749 Duces
1582 3684 1847 3767 pietatis,
1882 3686 2170 3750 stimulos
2204 3685 2534 3757 virtutum,
2560 3681 2993 3747 Destructoria
3015 3680 3150 3745 viti-

202 3790 419 3846 mum,
468 3769 727 3835 militias
775 3772 820 3836 ἃ
867 3770 1097 3836 milites
1133 3771 1521 3838 Christianos
1537 3782 1647 3837 aut
1671 3773 2049 3856 spirituales,
2085 3774 2324 3839 scholas
2353 3772 2780 3845 tentationum,
2805 3769 3147 3834 medicinas

209 3856 279 3922 ἃ·
302 3856 569 3923 medicos
591 3858 969 3943 spirituales,
994 3861 1351 3925 anatomia-3
1382 3861 1804 3938 conscientiae,
1832 3862 2313 3947 tranquillitates
2344 3860 2567 3936 animi,
2603 3858 2711 3923 ubi
2733 3859 2808 3922 cle
2828 3857 3147 3941 passioni-

203 3946 327 4011 bus
364 3948 635 4024 ani-mae,
676 3968 868 4015 aurea
935 3968 1124 4033 opera
1170 3949 1577 4020 contritionis,
1615 3950 2032 4015 institutiones
2069 3950 2449 4033 spirituales,
2475 3959 2638 4011 artes
2663 3946 2972 4012 serviendi
2995 3947 3146 4025 DeO,

208 4034 507 4120 Mysteria
556 4037 854 4119 propriae
898 4037 1288 4120 deceptionis,
1344 4037 1805 4103 Ambulationes
1834 4058 1979 4103 cum
2031 4038 2180 4115 Dec,
2229 4036 2709 4103 Praeservativa
2726 4046 3146 4120 peccatoram,

204 4123 551 4189 Excercitia
576 4124 844 4207 pietatis,
882 4128 1117 4191 Praoees
1140 4126 1404 4211 pietatis,
1446 4126 1695 4209 Viqilias
1723 4126 2150 4192 Christianae:
2199 4127 2297 4191 διο.
2351 4123 2551 4211 Atqui
2601 4124 2671 4188 hi
2697 4127 3008 4188 tractatus
3035 4144 3148 4208 ge·-

204 4212 477 4275 natales.
528 4210 692 4286 Quid
716 4212 921 4278 dicam
952 4215 1033 4277 de
1058 4214 1573 4297 particularibuS,
1599 4214 1709 4297 qui
1733 4214 1807 4277 de
1832 4213 2104 4297 singulis
2145 4213 2488 4277 virtutibus
2521 4218 2632 4277 aut
2681 4212 2855 4276 vitiis
2881 4211 3057 4275 editi.
3094 4234 3146 4277 e.

206 4319 307 4385 gr.
356 4300 433 4364 de
476 4320 692 4365 amore
714 4301 851 4379 Dei,
878 4304 954 4367 de
977 4304 1197 4368 timore
1222 4303 1355 4380 Dei,
1384 4304 1461 4369 de
1484 4304 1632 4379 zela,
1660 4303 1735 4367 de
1764 4302 2103 4381 securitate,
2129 4302 2205 4367 de
2227 4302 2532 4388 reqimine
2553 4304 2826 4387 linquae,
2853 4308 2924 4365 de
2944 4300 3150 4365 abusu

206 4387 491 4454 nominis
515 4388 737 4469 divini,
760 4390 836 4456 de
852 4391 1047 4475 prasci
1071 4390 1387 4466 sabbathi,
1424 4392 1499 4456 de
1521 4391 1872 4457 humilitate
1901 4388 1964 4457 ἃ·
1987 4390 2301 4476 superbia,
2329 4391 2406 4457 de
2431 4390 2922 4458 mansuetudine
2950 4386 3012 4454 ἃ·
3028 4389 3148 4540 ἰνᾶῒὲ
