3694 4871
629 307 758 373 176
844 306 1063 372 D1sr.
1109 304 1262 373 VII.
1307 305 1977 372 Paosnznirux
2022 323 2121 367 nr.
2164 299 2519 370 Maxumo
2564 302 2949 371 Gnaxsrt
2991 296 3229 365 Pius
3275 300 3333 365 Ι.
3625 0 3681 429 *i

625 495 858 571 λύτρον,
883 492 1224 571 ἀντίλυτρον
1269 493 1488 559 ΜαιιΙι.
1535 492 1642 557 20.
1692 490 1798 557 28.
1852 492 1970 557 Tic.
2012 492 2073 555 2.
2112 510 2169 555 v.
2201 489 2305 555 14.
2332 488 2393 553 1.
2421 490 2584 555 Petr.
2622 487 2680 552 1.
2704 508 2763 553 υ.
2801 484 2904 550 18.
2928 482 3109 551 Hebr.
3136 484 3201 549 9.
3230 486 3336 551 12.
3368 486 3437 553 1.
3466 487 3569 553 Ti-

625 585 820 650 moth,
869 586 930 649 2,
981 582 1040 648 5,
1091 582 1394 659 Sefflmdo,
1443 578 1720 659 ἄγορὰζω
1748 578 2090 659 ἓξαγορὰζω
2110 580 2277 653 τιμή,
2312 578 2371 644 1.
2400 576 2679 644 Corinth.
2714 576 2777 643 6.
2800 576 2905 640 20.
2936 575 3075 642 Gal.
3104 574 3167 639 3.
3197 575 3304 641 13.
3338 577 3567 657 Tertia,
3677 634 3680 653 ,

3675 430 3680 625 l

624 672 946 748 λυτραη-ὴς,
995 671 1248 751 vindex,
1299 670 1442 749 ἥκῃ
1460 668 1612 754 ςοέι,
1653 668 1974 735 vindicare
1998 668 2247 734 Levatio.
2274 666 2379 731 25.
2406 665 2453 731 a
2483 667 2685 732 Actor.
2724 665 2783 729 7.
2811 664 2917 729 35.
2949 664 3087 729 coll.
3112 686 3259 729 cum
3292 665 3379 729 iis
3410 664 3567 729 locis

624 763 738 828 ubi
774 784 891 864 nos
913 783 1028 846 per
1051 758 1376 862 Christum
1399 759 1821 861 redemtorem
1845 758 2114 823 dicimur
2142 754 2569 818 ἀλλάττεσθαι
2592 756 2639 821 δι
2666 756 3027 829 λυτροῦσθαι
3050 754 3091 816 a
3111 754 3499 861 captivitate
3522 754 3569 819 ἃ
3678 836 3680 851 ³

625 853 933 917 servitute
958 852 1222 934 peccati,
1247 848 1504 925 diaboli,
1537 850 1764 912 mortls
1788 849 1891 914 Sto.
1922 846 1979 911 l.
2012 845 2177 914 Petr.
2206 847 2265 909 1.
2309 845 2411 909 18.
2436 844 2621 911 Hebr.
2650 844 2712 908 2.
2741 843 2845 906 15.
2889 842 3150 924 Quarto,
3177 844 3567 902 oen-«mim
3677 854 3680 871 ⁴

625 940 815 1010 Hebr.
838 939 902 1002 2.
931 937 1033 1003 15.
1063 936 1180 1003 IV.
1210 938 1438 1004 (Ila-esis
1459 935 1752 1021 signatur
1773 958 1925 1001 voce
1944 936 2217 1001 victima.
2262 930 2409 999 Huc
2437 932 2606 998 refer
2624 930 2860 1017 primo,
2884 926 3194 1011 ἀναφέρειν,
3226 928 3563 1011 προσφορὰ,

623 1026 981 1108 προσφέρειν,
1026 1030 1231 1101 θυσία,
1278 1026 1457 1098 edem,
1503 1024 1790 1100 ἁμαρτία,
1824 1039 1997 1096 nrm
2045 1024 2367 1103 delictum,
2412 1043 2639 1108 agnus,
2684 1018 2944 1105 pascha,
2976 1018 3200 1098 altare,
3246 1018 3565 1095 sacerdos,

626 1114 924 1181 Pontifex
950 1115 1027 1179 de
1057 1113 1300 1181 Christi
1323 1113 1836 1200 perpessionibus
1860 1138 1974 1199 pro
1997 1112 2183 1179 nobis
2206 1114 2535 1195 usurpata,
2560 1109 2783 1193 Ephe&
2830 1110 2891 1173 5.
2926 1110 2985 1173 2.
3014 1108 3200 1174 Hebr.
3228 1108 3292 1172 7.
3320 1108 3434 1172 27.
3460 1108 3563 1171 28.

630 1204 688 1269 1.
742 1206 880 1271 Cor.
915 1202 977 1268 5.
1005 1203 1066 1268 7.
1089 1204 1314 1269 Johan.
1367 1204 1426 1269 l.
1449 1224 1509 1268 v.
1535 1203 1647 1267 29.
1673 1202 1736 1268 2.
1763 1200 2042 1269 Corinth.
2070 1201 2131 1266 5.
2155 1201 2321 1269 lesa.
2348 1200 2454 1263 53.
2482 1198 2672 1265 Hebr.
2700 1198 2802 1261 13.
2840 1197 2941 1260 10.
2968 1196 3155 1262 Hebr.
3184 1196 3244 1260 7.
3274 1198 3385 1260 27.
3418 1194 3483 1261 ἃ·
3504 1196 3563 1261 9.

629 1294 732 1359 14.
788 1293 894 1358 28.
949 1289 1013 1357 ἃ·
1063 1292 1166 1357 10.
1193 1313 1350 1358 verz.
1381 1293 1484 1357 10.
1515 1290 1616 1355 12.
1655 1291 1714 1355 1.
1744 1292 1909 1358 Ρθιν.
1936 1294 1999 1356 2.
2025 1291 2131 1355 24.
2156 1288 2460 1364 SecundO,
2492 1290 2631 1352 tota
2654 1285 2875 1351 schola
2906 1285 3367 1349 sacrificiorum
3392 1286 3443 1351 ἃ
3462 1288 3561 1368 ty-

624 1404 854 1467 porum
898 1380 985 1447 V.
1037 1379 1114 1445 T.
1159 1380 1288 1447 huc
1318 1379 1700 1459 advocanda,
1747 1379 1980 1463 quibus
2026 1377 2385 1455 translatiO,
2434 1374 2780 1459 impositio,
2830 1372 3205 1453 satisfactiO,
3254 1372 3561 1457 expiatio,

625 1472 810 1557 [pag.
835 1469 998 1555 232]
1030 1468 1424 1553 propitiatio,
1449 1468 1712 1545 ablatio,
1738 1470 2060 1554 purgatio,
2107 1466 2395 1531 remissio
2424 1467 2829 1549 peccatorum
2872 1461 3199 1541 tribuitur,
3224 1462 3477 1527 Levitic.
3506 1463 3562 1527 1.

626 1564 688 1625 3.
735 1561 798 1627 4.
851 1556 916 1624 ἃ·
967 1560 1029 1622 4.
1059 1578 1219 1624 ver8.
1251 1558 1352 1624 15.
1385 1558 1492 1621 29.
1526 1557 1633 1621 32.
1665 1556 1730 1624 ἃ·
1757 1556 1861 1620 16.
1884 1578 2043 1623 vers.
2078 1556 2183 1619 21.
2210 1555 2317 1619 22.
2348 1550 2412 1618 ἃ·
2438 1552 2540 1618 17.
2564 1572 2721 1618 vers.
2759 1553 2861 1615 11.
2885 1573 3013 1615 non
3036 1550 3297 1635 proprie
3330 1553 3563 1636 (neque

625 1648 797 1714 enim
848 1646 972 1711 hoc
1013 1647 1429 1731 praestabant
1476 1648 1589 1710 aut
1632 1649 1959 1730 praestare
2002 1646 2302 1729 poterant
2337 1640 2522 1708 Hebr.
2560 1641 2664 1705 10.
2700 1641 2758 1704 1.
2788 1640 2850 1703 2.
2878 1638 2967 1723 3.)
2992 1640 3101 1704 sed
3131 1638 3491 1723 symbolice
3518 1640 3563 1705 s

622 1736 856 1820 typice,
881 1739 1196 1820 quatenus
1228 1735 1363 1801 scil.
1393 1734 1865 1799 adumbrabant
1888 1734 1935 1799 a
1959 1732 2328 1819 figurabant
2360 1730 2689 1795 Christum
2724 1730 2951 1795 Coloss.
3000 1730 3062 1791 2.
3107 1728 3295 1794 Hebr.
3318 1728 3378 1795 7.
3412 1726 3481 1793 ἃ·
3505 1730 3560 1791 8.

630 1822 695 1889 8.·
741 1825 800 1890 9.
862 1822 927 1890 ἃ·
975 1824 1077 1888 10.
1124 1822 1301 1907 Ergo
1346 1823 1416 1887 in
1461 1821 1716 1887 Christo
1739 1822 1867 1887 fuit
1898 1844 2123 1907 corpus
2148 1842 2385 1899 eorum,
2413 1821 2458 1886 δι
2481 1818 2550 1883 in
2573 1840 2649 1883 eo
2679 1839 2827 1882 vere
2857 1817 3193 1901 impletum
3216 1816 3367 1896 fuit,
3396 1816 3565 1901 quod

624 1913 719 1980 ibi
741 1912 1264 1997 praefiguratum.
1291 1909 1373 1977 V.
1405 1911 1636 1977 Classis
1659 1912 1954 1997 signatur
1976 1933 2127 1977 voce
2158 1910 2459 1993 Sponsor.
2506 1904 2652 1972 Huc
2674 1904 2843 1971 refer
2874 1906 3087 1990 primo
3109 1903 3336 1980 ἔγγυος
3368 1906 3562 1973 Hebr.

628 2002 687 2066 7.
739 2002 844 2067 22.
894 2001 1200 2079 Secundo,
1247 2002 1416 2084 quod
1445 2022 1693 2084 passus,
1739 2004 2049 2079 mortuus,
2096 1999 2351 2063 oblatus
2382 1996 2468 2061 sit
2491 1992 2633 2071 ὑπὲρ
2652 1996 2837 2075 ἡμῶν,
2862 1994 2984 2059 hoc
3015 1998 3131 2073 est,
3156 1994 3295 2060 vice
3319 1999 3561 2073 nostra,

626 2091 762 2156 loco
809 2094 1048 2170 nostro,
1096 2089 1333 2174 quippe
1379 2088 1564 2154 nobis
1609 2088 2031 2154 substitutus:
2088 2088 2155 2151 in
2187 2087 2373 2150 illum
2405 2084 2575 2149 enim
2598 2084 2915 2147 translata
2946 2082 3320 2167 &imposita
3340 2088 3565 2147 nostra

625 2185 886 2264 peccata
933 2179 980 2244 8⁵
1025 2180 1264 2263 poenae
1302 2178 1578 2262 peccatis
1599 2178 1835 2243 nostris
1860 2178 2111 2243 debitae
2133 2177 2292 2241 lesa.
2320 2174 2427 2238 53.
2451 2171 2597 2257 Ipse
2620 2171 2827 2237 factus
2859 2175 2961 2237 est
2982 2193 3098 2256 pro
3121 2171 3307 2237 nobis
3336 2194 3563 2255 pecca-

623 2274 765 2333 tum
801 2270 848 2335 &
901 2266 1287 2343 maledictiO,
1337 2268 1376 2329 2
1414 2265 1692 2331 Corinth.
1743 2268 1804 2330 5.
1855 2267 1963 2333 21.
1990 2267 2128 2333 Gal.
2156 2265 2216 2327 3.
2249 2263 2350 2327 13.
2375 2260 2521 2346 Ipse
2551 2260 2621 2324 in
2651 2282 2721 2325 se
2750 2260 3049 2344 suscepit,
3074 2261 3358 2339 sustulit,
3384 2261 3563 2339 tulit,

623 2357 957 2442 bajulavit,
1003 2356 1164 2421 lesa.
1213 2356 1317 2421 53.
1369 2355 1429 2418 4.
1481 2355 1542 2419 5.
1595 2355 1655 2419 1.
1703 2354 1874 2422 Petr.
1923 2357 1985 2419 2.
2012 2354 2118 2419 24.
2143 2351 2328 2418 Hebr.
2364 2348 2425 2414 9.
2453 2350 2558 2419 28.
2583 2347 2729 2432 Ipse
2753 2352 3011 2414 exactus
3040 2349 3189 2430 fuit,
3220 2370 3564 2433 percussus

625 2451 884 2530 propter
927 2449 1188 2530 peccata
1232 2466 1346 2509 seu
1392 2443 1607 2509 debita
1651 2446 1891 2527 nostra,
1938 2445 2060 2518 luit
2104 2463 2340 2526 poenas
2379 2443 2651 2517 nostras,
2676 2437 2869 2503 solvit
2892 2439 3062 2525 quod
3084 2462 3211 2504 non
3232 2443 3561 2522 rapuerat,

623 2535 790 2600 Jesa.
823 2535 928 2598 53.
965 2535 1024 2597 4.
1053 2535 1115 2597 5.
1143 2535 1378 2601 Psalm.
1415 2533 1519 2596 69.
1547 2532 1609 2596 5.
1633 2531 1721 2596 Et
1743 2533 1835 2599 sic
1858 2533 2129 2599 abstulit
2160 2531 2418 2614 peccata
2446 2531 2686 2607 nostra,
2717 2548 2959 2612 nosque
2992 2531 3032 2592 a
3074 2527 3296 2611 poenis
3322 2528 3562 2592 immu-

623 2647 736 2689 nes
761 2623 1102 2708 praestitit,
1123 2626 1464 2706 utrumque
1480 2621 1722 2686 malum
1739 2623 1785 2687 a
1809 2623 2033 2707 culpae
2060 2624 2107 2689 a
2135 2640 2377 2704 poenae
2400 2615 2685 2688 ἂὲέτησε,
2718 2619 3083 2691 κατ-ἤργησε,
3112 2616 3457 2696 destruxit,
3482 2615 3562 2680 ab

623 2716 894 2794 utroque
924 2733 1040 2776 nos
1063 2710 1384 2796 purgavit,
1417 2709 1733 2789 liberavit,
1764 2717 2127 2772 τετελείωκεν
2156 2707 2256 2774 &c.
2294 2708 2433 2774 Gal.
2466 2708 2522 2770 1.
2550 2711 2611 2772 4.
2640 2705 2825 2772 Hebr.
2844 2706 2900 2768 9.
2924 2706 3031 2770 26.
3054 2703 3119 2770 ἃ·
3142 2705 3203 2770 2.
3234 2705 3338 2769 14.
3362 2704 3434 2772 ἃ·
3464 2705 3561 2770 10.

632 2802 732 2865 14.
783 2803 1012 2866 Colo-ss.
1055 2800 1119 2864 2.
1171 2799 1273 2863 14.
1305 2800 1362 2863 1.
1394 2799 1496 2863 10.
1539 2800 1681 2863 lesa
1728 2794 1833 2862 53.
1866 2794 1923 2857 1.
1947 2793 2220 2862 lohann.
2248 2797 2309 2862 3.
2336 2797 2395 2860 8.
2432 2793 2653 2871 Tertia,
2686 2792 2867 2870 Quod
2896 2815 3116 2858 omnes
3140 2815 3377 2878 poenas
3414 2815 3563 2878 peo-

631 2889 788 2954 catis
833 2887 1068 2954 nostris
1092 2887 1340 2953 debitas
1363 2888 1444 2951 ad
1474 2886 1778 2952 ultimum
1815 2903 2015 2967 usque
2040 2885 2461 2968 quadrantem
2490 2883 2536 2948 a
2558 2884 2627 2948 in
2656 2883 2872 2947 anima
2897 2883 2944 2947 ἃ
2965 2882 3031 2946 in
3056 2903 3319 2966 corpore
3342 2883 3562 2948 luerit.

632 2976 796 3044 Vide
833 2977 954 3041 hoc
998 2998 1112 3061 per
1141 2979 1355 3060 partes
1395 2973 1869 3040 accuratissime
1921 2971 2311 3038 delineatum
2356 2973 2437 3037 ab
2462 2972 2705 3039 Amesio
2731 2971 2833 3037 lib.
2868 2973 2923 3034 1.
2951 2971 3261 3037 Medullae
3282 2993 3425 3056 cap.
3456 2973 3559 3037 22.

629 3066 718 3132 Et
761 3065 978 3132 confer
1021 3064 1202 3148 Disp.
1241 3077 1524 3130 nostram
1548 3065 1624 3129 de
1653 3062 1896 3149 Ayom'a
1926 3057 2177 3141 Christi,
2194 3061 2257 3130 ἃ·
2279 3062 2573 3128 Maccovii
2594 3059 3077 3127 Anti-Socinum
3102 3081 3238 3145 cap.
3264 3061 3327 3125 7.
3352 3059 3562 3145 Atqui

628 3154 752 3219 hoc
796 3155 872 3220 de
919 3154 1252 3218 innocente
1306 3156 1352 3220 ἃ
1390 3155 1564 3238 justo
1611 3152 1736 3216 dici
1786 3171 1915 3215 non
1953 3155 2183 3232 potest,
2214 3150 2341 3216 nisi
2363 3148 2745 3235 Sponsorem
2767 3171 2881 3213 seu
2912 3148 3137 3214 vadem
3168 3153 3467 3214 nostrum
3496 3171 3561 3214 se

629 3243 1072 3328 praestitisset.
1120 3241 1634 3326 chirographum
1659 3238 1894 3304 delevit
1924 3259 1997 3301 ac
2028 3240 2064 3302 e
2086 3240 2294 3305 medio
2318 3239 2597 3315 sustulit,
2635 3239 2860 3303 Golosa
2888 3238 2949 3302 2.
2974 3258 3129 3302 vers.
3167 3238 3270 3301 12.
3323 3235 3388 3302 8.·
3414 3261 3563 3322 pec-

629 3336 842 3398 catum
889 3330 1347 3411 condemnavit,
1394 3332 1575 3397 Rom.
1625 3329 1685 3392 8.
1733 3329 1794 3393 3.
1846 3326 1907 3392 4.
1956 3325 2070 3391 VI.
2117 3327 2345 3395 Classis
2384 3328 2677 3412 signatur
2702 3325 2959 3391 vocibus
2971 3327 3145 3411 ,iuris
3175 3327 3222 3392 a
3242 3327 3374 3391 veri
3394 3350 3418 3392 .·
3444 3327 3565 3391 hoc

630 3425 749 3500 est,
794 3420 1139 3486 secundum
1186 3419 1500 3503 justitiam
1545 3419 1591 3484 δι
1637 3416 1975 3482 veritatem
2018 3415 2143 3481 Dei
2190 3416 2480 3481 debuisse
2520 3416 2677 3479 satis
2700 3414 2840 3479 fieri
2865 3417 2903 3478 a
2926 3413 3183 3479 Christo
3206 3413 3563 3480 Mediatore

629 3514 847 3574 nostro
871 3509 950 3574 ad
974 3507 1176 3572 nostri
1198 3507 1673 3584 redemtionem,
1699 3508 1746 3572 a
1776 3506 2234 3588 consequenter
2258 3525 2478 3570 revera
2503 3503 2584 3568 ab
2608 3503 2721 3568 illo
2744 3503 2943 3568 fuisse
2967 3502 3391 3583 satisfactum,
3418 3527 3563 3570 cum

627 3598 812 3664 nobis
857 3619 1078 3663 revera
1121 3595 1408 3660 remissio
1451 3599 1855 3679 peccatorum
1878 3592 2190 3676 acquisita
2222 3594 2267 3660 δε
2290 3593 2611 3678 applicata
2634 3591 2739 3656 sit.
2764 3590 2910 3656 Hoc
2940 3596 3397 3677 argumentum
3418 3615 3564 3657 oum

629 3687 715 3752 sit
744 3685 1121 3763 bimembre,
1160 3684 1328 3769 quod
1364 3683 1445 3748 ad
1489 3682 1802 3767 posterius
1829 3682 2184 3746 membrum
2218 3684 2257 3745 a
2288 3685 2425 3746 toto
2448 3679 2935 3746 Christianismo
2960 3702 3037 3745 ex
3070 3682 3285 3747 Genea.
3314 3682 3375 3745 2.
3400 3703 3561 3748 vers.

636 3776 738 3840 17.
786 3796 928 3841 cum
959 3775 1228 3842 Roman.
1259 3774 1319 3839 5.
1342 3793 1500 3838 vers.
1532 3772 1834 3835 12.—19.
1860 3773 2147 3849 tenetur3
2173 3771 2285 3835 sed
2306 3793 2432 3835 non
2457 3769 2680 3835 itidem
2704 3769 2871 3852 quod
2894 3769 2975 3834 ad
2996 3769 3176 3854 prius
3200 3770 3565 3836 membrum

629 3866 706 3929 de
722 3863 978 3948 justitia
1007 3862 1318 3947 punitiva,
1349 3862 1530 3944 cujus
1561 3859 1929 3925 exercitium
1966 3859 2141 3924 Deus
2165 3859 2460 3924 omittere
2484 3863 2599 3923 aut
2622 3858 2941 3944 abnegare
2962 3863 3261 3944 nequeat.
3310 3857 3411 3922 De
3436 3881 3563 3943 quo

629 3953 800 4018 infra
845 3951 1136 4036 pluribus
1183 3950 1521 4035 agendum.
1569 3947 1710 4012 Hae
1756 3949 1990 4013 classes
2028 3953 2551 4033 argumentorum
2590 3946 3005 4012 accumulatis
3028 3947 3561 4012 concordantibus

629 4040 996 4124 Scripturas
1035 4039 1190 4104 locis
1233 4039 1504 4103 firmiter
1549 4037 1859 4102 tenendae
1906 4040 2125 4102 contra
2164 4035 2721 4102 Achristianorum
2744 4035 3132 4120 objectiones
3158 4038 3352 4121 (quae
3396 4034 3561 4100 alio-

629 4131 784 4214 quin
831 4129 989 4193 satis
1031 4132 1256 4192 tenues
1283 4129 1329 4193 δε
1350 4125 1618 4209 futiles,)
1642 4125 1957 4210 imprimis
1982 4129 2203 4190 contra
2224 4147 2443 4190 eorum
2470 4125 2892 4209 exceptiones,
2924 4145 3091 4208 quae
3114 4124 3325 4209 prima
3348 4124 3559 4208 specie

629 4217 1014 4302 sophisticae
1061 4216 1401 4280 admodum
1431 4216 1478 4281 a
1523 4214 1770 4280 validae
1816 4213 2129 4279 videntur.
2178 4211 2303 4278 Sed
2349 4215 2417 4278 in
2454 4234 2796 4299 progressu
2841 4212 3293 4298 disputationis
3326 4235 3559 4278 evane-

631 4309 828 4382 scent,
853 4305 910 4366 si
929 4303 1090 4368 haec
1109 4303 1238 4367 tria
1261 4303 1702 4374 observentur:
1733 4325 2005 4386 quorum
2026 4303 2316 4386 primum
2346 4306 2464 4382 est,
2483 4306 2556 4367 ut
2578 4299 2915 4367 confertim
2932 4305 2978 4369 a
3000 4302 3391 4387 conjunctim
3408 4323 3557 4366 oon-

630 4398 734 4458 tra
771 4391 1168 4474 exceptiones
1211 4391 1530 4454 textuales
1576 4395 1713 4455 tota
1741 4390 2025 4474 phalanx
2054 4396 2573 4474 argumentorum
2608 4391 2688 4455 iis
2712 4395 3091 4474 opponatur,
3116 4393 3163 4458 85
3184 4395 3561 4544 urgeanturi

3491 4503 3531 4544 u
