3694 4871
602 308 730 371 372
1259 304 2876 373 Dus-12.XII.DnLnonserum-uen1o.

606 496 949 560 comitatur
1005 498 1250 563 reatus:
1286 498 1500 559 reatus
1547 516 1696 558 vero
1723 499 1819 558 est
1844 494 2156 577 obligatio
2181 494 2257 557 ad
2286 516 2589 577 poenam:
2620 515 2773 575 ergo
2806 498 2953 557 sunt
2986 494 3103 557 sub
3130 494 3223 558 ira
3246 494 3387 573 Dei,
3412 496 3519 559 sub

606 583 1054 649 maledictione
1091 583 1274 667 legiS,
1325 587 1424 650 ἃς.
1475 582 1659 667 Resp.
1709 582 2056 667 Distingue
2106 587 2352 646 reatum
2398 583 2463 645 in
2492 588 2635 645 actu
2665 582 2873 665 primo
2890 604 3005 646 seu
3028 585 3457 665 potentialem,
3490 589 3521 647 a

605 677 790 738 reatu
823 672 889 736 in
937 675 1084 737 actu
1115 672 1406 749 secundO,
1440 694 1551 736 seu
1577 671 1834 736 actuali.
1885 671 1981 735 De
2010 672 2118 734 illo
2144 672 2539 735 concedimus
2566 694 2579 734 ε
2621 672 2696 734 de
2745 670 2867 733 isto
2898 693 3227 754 negamus,
3247 696 3321 736 ex
3348 672 3519 737 Rom.

609 762 668 827 8.
718 784 778 826 v,
834 762 889 824 1.
944 762 1088 827 Non
1112 773 1200 827 est
1223 762 1676 837 condenmatio,
1712 762 1811 825 ac.
1841 784 1898 823 V.
1929 762 2031 823 33.
2074 762 2229 842 Quis
2262 760 2568 825 accusabit
2594 762 2803 824 electos
2832 761 2964 833 Dei,
3000 763 3099 825 &c
3133 763 3283 843 Quis
3307 773 3395 825 est
3418 764 3521 847 qui

607 850 996 917 condemnat.
1049 852 1148 915 διο.
1199 848 1400 913 Omne
1458 854 1786 933 peccatum
1833 849 2115 913 fidelium
2156 852 2377 932 aptum
2416 854 2639 912 natum
2667 852 2763 912 est
2790 848 3057 931 (τέφικε)
3088 850 3299 914 fideles
3324 850 3519 915 facere

609 940 774 1004 filios
822 938 1176 1023 gehennae,
1225 938 1532 1022 subjicere
1583 938 1715 1002 irae
1762 938 1905 1015 Dei,
1962 938 2078 1001 sub
2129 938 2290 1022 legis
2342 937 2785 1001 maledictione
2810 938 3229 1001 constituere:
3256 940 3359 1002 sed
3390 938 3518 1001 ideo

610 1032 753 1093 actu
790 1050 895 1092 eos
920 1049 1048 1091 non
1073 1026 1228 1091 facit
1253 1027 1418 1092 filios
1444 1026 1796 1111 gehennae,
1821 1049 1948 1091 non
1973 1026 2305 1091 constituit
2330 1028 2447 1090 sub
2474 1026 2918 1090 maledictione
2949 1027 3131 1112 legis,
3160 1026 3330 1091 Sicut
3352 1027 3515 1091 trabs

610 1117 809 1181 muris
848 1116 1148 1198 imposita
1194 1116 1408 1197 πέφυκε
1448 1116 1741 1181 deorsum
1787 1114 1971 1181 ferri:
2031 1115 2139 1179 sed
2188 1136 2311 1179 non
2365 1115 2568 1179 fertur
2614 1138 2727 1197 per
2768 1115 3195 1180 interventum
3222 1118 3378 1179 muri
3402 1139 3515 1199 quo

612 1205 876 1270 fulcitur
908 1205 954 1269 86
981 1208 1394 1270 sustentatur.

707 1296 769 1356 2.
823 1292 1122 1378 objectio:
1168 1292 1343 1357 Deus
1388 1294 1684 1359 irascitur
1725 1293 2009 1358 fidelium
2061 1294 2355 1377 peccatiS,
2406 1316 2605 1376 eaque
2653 1294 2816 1375 juste-
2867 1294 3113 1375 judicat
3144 1293 3516 1377 &peccantes

606 1385 776 1468 juste
815 1382 1020 1466 punit.
1069 1382 1242 1466 Ergo
1294 1406 1368 1445 ex
1411 1387 1592 1467 parte
1642 1384 1687 1448 ὦ
1730 1382 1857 1447 alio
1890 1386 2181 1465 respectu
2228 1387 2376 1445 sunt
2400 1383 2517 1445 sub
2546 1382 2687 1465 lege
2712 1384 2757 1446 δι
2784 1380 3037 1445 foedere
3065 1383 3273 1463 legali.
3298 1383 3406 1446 sub
3430 1382 3511 1445 ira

612 1471 754 1549 Dei,
805 1472 922 1535 sub
969 1471 1434 1536 maledictione.
1488 1474 1666 1555 Hesp.
1702 1470 1936 1535 Essent
1968 1470 2131 1534 tales
2178 1470 2223 1533 ὦ
2270 1471 2334 1533 in
2386 1470 2503 1534 tali
2530 1474 2701 1533 statu
2731 1494 2743 1543 ;
2773 1470 2892 1532 nisi
2922 1470 3160 1534 Christi
3187 1470 3512 1535 satisfactio

615 1560 1082 1635 intervenisset,
1109 1564 1366 1643 propter
1395 1583 1586 1644 quam
1611 1560 1906 1623 fidelibus
1934 1568 2082 1623 actu
2106 1581 2230 1623 non
2258 1560 2612 1641 imputatur
2644 1560 2825 1643 [pag.
2856 1559 2975 1644 527]
3010 1564 3360 1641 pec-catum:
3384 1559 3507 1623 abs·

613 1670 736 1731 que
791 1654 865 1711 ea
910 1647 1193 1729 alioquin
1233 1648 1696 1731 imputandum.
1751 1650 1903 1714 Era!-
1961 1648 2127 1712 Dens
2177 1648 2495 1713 mtmdnm
2550 1649 2620 1711 in
2671 1647 2915 1711 Christo
2954 1648 3073 1711 sibi
3112 1648 3509 1713 reconciliati-5.

615 1758 747 1800 non
771 1738 1104 1818 imputans
1133 1737 1288 1819 ipsis
1317 1750 1578 1819 peecata,
1614 1738 1652 1799 2
1682 1736 1824 1801 Cor.
1856 1738 1917 1799 5.

706 1828 765 1887 3.
821 1824 1116 1908 objectio:
1151 1823 1349 1888 Sicuti
1379 1825 1668 1889 Christus
1695 1825 1772 1888 ab
1805 1826 2133 1891 Ambrosio
2159 1826 2223 1888 in
2254 1827 2395 1889 Luc.
2426 1826 2528 1888 21.
2559 1825 2928 1889 benedictus
2961 1826 3191 1890 dicitur
3216 1826 3278 1889 in
3302 1824 3510 1903 suaju-

615 1913 794 1979 stitia
842 1916 888 1979 ἅτ
920 1912 1294 1977 maledictus
1319 1918 1580 1998 propter
1609 1936 1752 1977 nos:
1781 1915 1869 1977 sic
1897 1916 2087 1977 etiam
2118 1914 2333 1976 fideles
2366 1914 2486 1977 dici
2506 1918 2765 1997 possent
2798 1914 3119 1978 maledicti
3142 1917 3207 1978 in
3240 1937 3387 1991 sese,
3410 1912 3511 1975 hoc

617 2006 733 2079 est,
766 2002 833 2066 in
859 2005 1032 2066 statu
1057 2002 1480 2067 damnationis
1509 2026 1642 2066 esse
1676 2007 1935 2085 'propter
1964 2008 2221 2085 peccata
2245 2025 2357 2065 sua.
2380 2027 2393 2075 ;
2420 2003 2465 2067 δι
2495 2002 2807 2065 benedicti
2834 2002 2900 2065 in
2924 2002 3179 2067 Christo
3200 2003 3511 2066 mediatore

618 2095 662 2157 a
687 2112 988 2175 sponsore
1013 2112 1154 2165 suo;
1190 2113 1300 2155 seu
1325 2092 1390 2155 in
1416 2097 1588 2155 statu
1621 2092 1868 2175 gratiae
1898 2114 2031 2155 esse
2061 2095 2320 2174 propter
2346 2090 2693 2155 Christum.
2746 2092 2923 2173 Hesp.
2974 2090 3192 2177 Longe
3219 2087 3515 2155 dissimilis

617 2184 715 2244 est
758 2180 956 2244 ratio:
1009 2178 1299 2243 Christus
1340 2184 1600 2264 propter
1625 2179 1838 2243 debita
1870 2186 2089 2243 nost-ra
2116 2180 2395 2243 nondum
2419 2184 2571 2243 tunc
2597 2179 2853 2243 exoluta
2885 2185 3023 2243 erat
3044 2186 3191 2245 actu
3214 2182 3445 2251 κκτᾱρα,
3476 2178 3513 2241 ἃ

619 2268 899 2343 debitor3
947 2271 1139 2350 atque
1188 2269 1343 2332 adeo
1391 2269 1508 2333 sub
1550 2268 1789 2349 judicio
1836 2267 1995 2331 Dei:
2045 2267 2185 2333 ideo
2221 2268 2413 2331 etiam
2449 2268 2678 2332 dicitur
2710 2289 2823 2342 ω)
2850 2270 3141 2351 niqqasdz
3170 2276 3411 2333 exact-us
3436 2270 3515 2329 est

619 2357 739 2421 Jcs.
790 2358 895 2419 53.
935 2377 991 2419 v.
1023 2359 1082 2419 ¹1.
1109 2358 1325 2420 fideles
1352 2362 1585 2434 autem,
1614 2379 1883 2441 quorum
1918 2357 2128 2419 debita
2163 2361 2197 2419 a
2224 2356 2477 2420 Christo
2504 2360 2650 2420 actu
2674 2358 2985 2435 exsoluta,
3012 2361 3057 2423 δι
3084 2358 3238 2442 ipsis
3272 2359 3333 2421 in
3352 2354 3514 2442 justi·

619 2446 912 2510 ficatione
959 2468 1073 2528 per
1119 2446 1309 2509 fidem
1359 2451 1503 2510 actu
1536 2447 1800 2510 remissa
1827 2453 1993 2521 sunt,
2024 2469 2148 2509 non
2182 2450 2449 2530 possunt
2472 2468 2606 2510 esse
2640 2450 2750 2510 aut
2774 2447 2895 2510 dici
2920 2447 2982 2509 in
3012 2469 3150 2511 sese
3184 2452 3325 2511 artu
3350 2446 3515 2510 male·

621 2535 807 2598 dicti:
858 2537 903 2600 &
947 2538 1090 2597 actu
1125 2535 1242 2598 sub
1267 2535 1726 2612 maledictione,
1753 2539 2014 2618 propter
2040 2541 2297 2618 peccata
2324 2557 2456 2598 sua.
2508 2535 2672 2610 Quia
2695 2540 2974 2618 peccata,
3002 2559 3165 2619 quae
3188 2560 3311 2599 non
3338 2537 3516 2618 impu-

621 2627 862 2698 tantur,
890 2623 934 2688 &
968 2622 1156 2686 simul
1192 2647 1264 2687 ac
1289 2624 1484 2687 semel
1512 2624 1775 2686 remissa
1800 2627 1969 2700 sunt,
1995 2623 2315 2687 habentur
2342 2629 2647 2706 tanquam
2675 2646 2801 2686 non
2825 2625 3184 2689 commissa.
3232 2625 3519 2688 tIudicium

621 2711 788 2775 enim
840 2710 964 2775 Dei
1014 2716 1112 2775 est
1159 2713 1500 2776 seeundum
1547 2711 1909 2776 veritatem.
1958 2712 2044 2775 Et
2076 2713 2368 2794 implicat
2400 2712 2983 2776 contradictionem.
3020 2718 3165 2777 actu
3192 2714 3520 2778 absolutum

621 2823 758 2864 esse
807 2800 1087 2883 aliquem
1133 2805 1394 2884 propter
1441 2800 1682 2865 Christi
1729 2800 2231 2865 satisfactionem
2279 2802 2360 2865 ab
2406 2801 2799 2883 obligatione
2846 2803 2925 2864 ad
2974 2801 3517 2866 maledictionem&

619 2910 888 2971 poenam
909 2913 923 2961 ς
960 2890 1005 2954 δι
1030 2889 1446 2953 nihilominus
1470 2891 1738 2954 eundem
1763 2894 1915 2954 actu'
1934 2890 2293 2974 obligatum
2320 2906 2455 2954 esse
2482 2913 2554 2953 ac
2578 2912 2834 2952 manere
2859 2891 2937 2952 ad
2966 2913 3253 2974 poenam,
3280 2895 3385 2954 aut
3400 2893 3521 2953 actu

623 2999 760 3040 esse
793 2977 911 3040 sub
938 2984 1118 3041 reatu
1153 3001 1225 3042 ac
1250 2977 1715 3043 maledictione.
1761 2977 1959 3054 Quasi
1990 2979 2132 3061 quis
2158 2978 2395 3042 diceret
2420 2979 2688 3042 eundem
2713 2977 2957 3042 Titium
2984 2980 3305 3062 captivum
3332 2980 3517 3042 vincu-

624 3065 703 3129 lis
731 3067 1138 3130 constrictum
1167 3090 1240 3131 ac
1265 3069 1536 3152 ligatum
1563 3067 1767 3130 teneri
1791 3067 1859 3130 in
1884 3089 2131 3131 carcere
2157 3067 2275 3130 sub
2304 3071 2621 3150 potestate
2640 3067 2870 3149 judicis
2896 3070 2940 3133 ἃ
2966 3065 3517 3132 commentariensis

623 3155 1072 3218 constitutum:
1102 3159 1146 3220 ἃ-
1171 3156 1382 3234 simul,
1417 3157 1526 3221 sed
1552 3155 1677 3219 alio
1704 3162 2012 3238 respectu,
2048 3156 2389 3219 liberatum
2418 3177 2552 3220 esse
2580 3159 2615 3218 a
2643 3156 2929 3231 vinculis,
2958 3179 3034 3220 ex
3060 3179 3307 3220 cart-ere
3332 3155 3519 3219 dimis-

623 3266 765 3307 sum
791 3265 926 3306 esse
953 3245 998 3307 a
1023 3243 1222 3306 libere
1248 3246 1484 3328 ubique
1509 3266 1624 3328 pro
1649 3244 1916 3308 arbitrio
1948 3244 2295 3309 ambulare.
2346 3244 2469 3309 Per
2494 3244 2772 3308 diversos
2801 3250 3147 3327 respectus,
3170 3246 3279 3328 qui
3298 3248 3519 3328 fingun-

624 3336 748 3409 tur,
776 3330 1263 3396 contradictoria
1295 3332 1454 3397 haut
1480 3333 1741 3397 minime
1768 3332 2089 3396 conciliari
2118 3337 2413 3416 possunt:
2448 3355 2572 3396 non
2600 3331 2829 3416 magiS,
2858 3355 3051 3416 quam
3086 3356 3201 3417 per
3226 3333 3517 3397 ridiculam

624 3421 1096 3485 distinctionem
1143 3419 1493 3485 Cardinalis
1543 3422 1805 3486 Pei-roni
1853 3421 2175 3486 conciliari
2224 3425 2519 3505 poterant
2575 3423 2735 3485 ist-ae
2765 3423 3254 3504 propositiones,
3283 3422 3520 3486 Animae

625 3513 990 3574 sanctorum
1039 3509 1436 3592 quorundam
1485 3515 1630 3573 actu
1679 3511 2013 3594 quiescunt
2058 3511 2123 3573 in
2174 3533 2347 3594 pace,
2382 3512 2601 3575 &actu
2626 3511 2985 3594 purgatorii
3012 3511 3387 3575 cruciatibus
3412 3515 3521 3570 tor·

625 3601 922 3682 quentur.
970 3597 1315 3674 Quiescunt
1363 3597 1495 3660 scil.
1536 3599 1582 3661 a
1607 3599 1931 3663 dormiunt
1954 3599 2019 3662 in
2045 3621 2265 3663 sonmo
2298 3599 2471 3682 pacis
2498 3598 2743 3662 ratione
2779 3599 2875 3662 vel
2904 3603 3195 3683 respectu
3220 3598 3519 3663 ecclesiae:

626 3687 884 3751 eaedem
932 3686 1348 3751 nihilominus
1400 3686 1756 3769 purgatorii
1805 3688 2191 3752 cruciatibus
2239 3692 2639 3771 torquentur,
2687 3687 2933 3751 ratione
2984 3711 3097 3752 seu
3123 3691 3399 3771 respectu
3421 3683 3521 3749 sui.

627 3774 792 3838 Vide
815 3774 1152 3839 ridiculam
1175 3775 1341 3839 hanc
1373 3772 1845 3839 distinctionem
1874 3776 2193 3858 explosam
2233 3779 2267 3840 a
2296 3775 2707 3840 celeberrimo
2734 3773 3015 3858 Papatus
3041 3776 3432 3861 antagonista
3456 3773 3521 3839 P.

631 3864 935 3930 Molinaeo
962 3865 1032 3929 in
1059 3865 1337 3929 Novitale
1367 3863 1674 3949 Papismi.

717 3953 781 4015 4.
827 3952 1126 4035 objectio:
1161 3951 1335 4017 Deus
1390 3952 1687 4018 irascitur
1733 3952 2009 4034 peccatis
2057 3954 2363 4030 fidelium,
2406 3975 2607 4037 eaque
2655 3955 3043 4030 detestatur;
3079 3977 3231 4039 ergo
3262 3959 3399 4017 sunt
3426 3950 3526 4014 sub

628 4041 725 4106 ira
748 4039 872 4104 Dei
897 4042 944 4104 δι
967 4040 1432 4118 maledictione,
1457 4041 1708 4123 quando
1733 4042 1778 4106 ἃ
1803 4040 2303 4124 quotiescunque.
2328 4048 2628 4125 peccant;
2664 4048 2815 4106 sunt
2838 4043 2955 4106 sub
2983 4043 3147 4128 lege,
3168 4043 3283 4106 sub
3306 4041 3527 4104 foedere

629 4151 915 4213 operum,
959 4129 1069 4193 hoc
1092 4131 1193 4212 sac
1221 4128 1283 4194 ac
1307 4131 1484 4202 vives,
1513 4129 1773 4194 Levitic.
1807 4127 1908 4192 18.
1962 4130 2320 4196 Mal0111'cfe·s
2348 4133 2459 4217 qui
2482 4151 2612 4195 uon
2645 4133 2969 4208 manserit,
3000 4134 3099 4196 διο.
3160 4133 3408 4196 Denter.
3440 4128 3528 4190 25.

635 4221 814 4302 Resp.
851 4219 997 4300 Neq.
1047 4217 1511 4300 Consequentia
1535 4218 1814 4300 majoris,
1850 4240 1963 4302 per
1988 4217 2459 4283 distinctionem
2485 4219 2617 4283 irae
2642 4221 2689 4284 a
2714 4219 3173 4302 irae,jnstitiae
3192 4220 3238 4283 a
3248 4216 3529 4302 justitiae.

633 4303 738 4368 Ira
779 4307 915 4387 ejus
947 4307 992 4371 8τ
1010 4303 1262 4388 justitia
1292 4304 1561 4387 puniens
1591 4305 1829 4383 fideles,
1860 4313 1957 4372 est
1982 4308 2248 4392 abyssus
2273 4304 2759 4385 misericordiae,
2794 4315 2893 4373 est
2916 4311 3195 4373 maxime
3228 4305 3533 4372 salutaris·

633 4395 731 4460 est
777 4390 1005 4455 intima
1051 4393 1098 4456 St
1145 4394 1410 4472 paterna
1457 4389 1734 4468 dilectio,
1786 4398 1883 4454 est
1928 4396 2159 4455 παιδεῖαι
2198 4415 2459 4477 parcens
2491 4417 2561 4458 ac
2592 4417 3026 4478 praeservans,
3056 4421 3137 4463 ne
3161 4420 3303 4463 cum
3328 4393 3533 4460 mundo

3376 4505 3507 4569 pere
3524 4502 3533 4542 2
