<?xml version="1.0" encoding="UTF-8"?>
<!DOCTYPE html PUBLIC "-//W3C//DTD XHTML 1.0 Transitional//EN"
    "http://www.w3.org/TR/xhtml1/DTD/xhtml1-transitional.dtd">
<html xmlns="http://www.w3.org/1999/xhtml" xml:lang="en" lang="en">
 <head>
  <title>
</title>
<meta http-equiv="Content-Type" content="text/html;charset=utf-8" />
  <meta name='ocr-system' content='tesseract 3.04.00' />
  <meta name='ocr-capabilities' content='ocr_page ocr_carea ocr_par ocr_line ocrx_word'/>
</head>
<body>
  <div class='ocr_page' id='page_1' title='image "./selectarumdispu00kuypgoog_0126.png"; bbox 0 0 3694 4871; ppageno 0'>
   <div class='ocr_carea' id='block_1_1' title="bbox 555 352 3048 425">
    <p class='ocr_par' dir='ltr' id='par_1_1' title="bbox 555 352 3048 425">
     <span class='ocr_line' id='line_1_1' title="bbox 555 352 3048 425; baseline -0.001 -1"><span class='ocrx_word' id='word_1_1' title='bbox 555 357 1026 425; x_wconf 67' lang='lat' dir='ltr'><strong>DoonA‘Ms</strong></span> <span class='ocrx_word' id='word_1_2' title='bbox 1075 381 1170 423; x_wconf 77' lang='lat' dir='ltr'><strong>oa</strong></span> <span class='ocrx_word' id='word_1_3' title='bbox 1218 352 2211 423; x_wconf 67' lang='lat' dir='ltr'><strong>SS.Tn1n1rArs.PARs</strong></span> <span class='ocrx_word' id='word_1_4' title='bbox 2260 376 2615 425; x_wconf 71' lang='lat' dir='ltr'><strong>AtraaA.</strong></span> <span class='ocrx_word' id='word_1_5' title='bbox 2963 354 3048 425; x_wconf 83' lang='lat'><strong>95</strong></span> 
     </span>
    </p>
   </div>
   <div class='ocr_carea' id='block_1_2' title="bbox 145 543 3059 4602">
    <p class='ocr_par' dir='ltr' id='par_1_2' title="bbox 147 543 3055 3561">
     <span class='ocr_line' id='line_1_2' title="bbox 153 543 3049 630; baseline -0.001 -19"><span class='ocrx_word' id='word_1_6' title='bbox 153 550 186 611; x_wconf 78' lang='grc' dir='ltr'><strong>ῑι</strong></span> <span class='ocrx_word' id='word_1_7' title='bbox 205 546 474 630; x_wconf 80' lang='lat' dir='ltr'><strong>patribus</strong></span> <span class='ocrx_word' id='word_1_8' title='bbox 495 545 624 609; x_wconf 86' lang='lat' dir='ltr'><strong>illis</strong></span> <span class='ocrx_word' id='word_1_9' title='bbox 649 545 772 609; x_wconf 84' lang='lat' dir='ltr'><strong>hac</strong></span> <span class='ocrx_word' id='word_1_10' title='bbox 795 544 862 608; x_wconf 90' lang='lat' dir='ltr'><strong>in</strong></span> <span class='ocrx_word' id='word_1_11' title='bbox 885 548 1066 629; x_wconf 87' lang='lat' dir='ltr'><strong>parte</strong></span> <span class='ocrx_word' id='word_1_12' title='bbox 1093 545 1425 609; x_wconf 89' lang='lat' dir='ltr'><strong>recedunt:</strong></span> <span class='ocrx_word' id='word_1_13' title='bbox 1454 565 1674 608; x_wconf 87' lang='lat' dir='ltr'><strong>omnes</strong></span> <span class='ocrx_word' id='word_1_14' title='bbox 1699 543 1871 609; x_wconf 84' lang='lat' dir='ltr'><strong>enim</strong></span> <span class='ocrx_word' id='word_1_15' title='bbox 1904 547 1949 610; x_wconf 76' lang='grc' dir='ltr'><strong>δι</strong></span> <span class='ocrx_word' id='word_1_16' title='bbox 1976 544 2211 627; x_wconf 87' lang='lat' dir='ltr'><strong>ubique</strong></span> <span class='ocrx_word' id='word_1_17' title='bbox 2242 544 2676 627; x_wconf 85' lang='lat' dir='ltr'><strong>approbarunt</strong></span> <span class='ocrx_word' id='word_1_18' title='bbox 2701 543 3049 609; x_wconf 87' lang='lat' dir='ltr'><strong>formulam</strong></span> 
     </span>
     <span class='ocr_line' id='line_1_3' title="bbox 153 630 3049 717; baseline -0.001 -16"><span class='ocrx_word' id='word_1_19' title='bbox 153 634 436 701; x_wconf 83' lang='lat' dir='ltr'><strong>Nicenam</strong></span> <span class='ocrx_word' id='word_1_20' title='bbox 479 637 524 700; x_wconf 67' lang='lat' dir='ltr'><strong>s</strong></span> <span class='ocrx_word' id='word_1_21' title='bbox 571 633 970 717; x_wconf 89' lang='lat' dir='ltr'><strong>sequentium</strong></span> <span class='ocrx_word' id='word_1_22' title='bbox 1028 632 1474 708; x_wconf 87' lang='lat' dir='ltr'><strong>Conciliorum,</strong></span> <span class='ocrx_word' id='word_1_23' title='bbox 1519 654 1644 715; x_wconf 92' lang='lat' dir='ltr'><strong>qua</strong></span> <span class='ocrx_word' id='word_1_24' title='bbox 1679 631 2211 697; x_wconf 82' lang='lat' dir='ltr'><strong>Anti-Trinitarii</strong></span> <span class='ocrx_word' id='word_1_25' title='bbox 2243 632 2682 697; x_wconf 83' lang='lat' dir='ltr'><strong>excluduntur.</strong></span> <span class='ocrx_word' id='word_1_26' title='bbox 2739 630 2843 697; x_wconf 85' lang='lat' dir='ltr'><strong>Sic</strong></span> <span class='ocrx_word' id='word_1_27' title='bbox 2877 634 3049 698; x_wconf 90' lang='lat' dir='ltr'><strong>enim</strong></span> 
     </span>
     <span class='ocr_line' id='line_1_4' title="bbox 152 720 3051 808; baseline 0 -21"><span class='ocrx_word' id='word_1_28' title='bbox 152 724 356 789; x_wconf 76' lang='lat' dir='ltr'><strong>ducent</strong></span> <span class='ocrx_word' id='word_1_29' title='bbox 395 724 624 806; x_wconf 86' lang='lat' dir='ltr'><strong>scripta</strong></span> <span class='ocrx_word' id='word_1_30' title='bbox 673 722 898 799; x_wconf 85' lang='lat' dir='ltr'><strong>Bedae,</strong></span> <span class='ocrx_word' id='word_1_31' title='bbox 959 722 1410 805; x_wconf 70' lang='lat' dir='ltr'><strong>Theophystacti,</strong></span> <span class='ocrx_word' id='word_1_32' title='bbox 1451 721 1796 806; x_wconf 73' lang='lat' dir='ltr'><strong>Enthvsmii,</strong></span> <span class='ocrx_word' id='word_1_33' title='bbox 1830 722 2206 799; x_wconf 73' lang='grc' dir='ltr'>Οεοιιηιειιίἰ,</span> <span class='ocrx_word' id='word_1_34' title='bbox 2234 722 2503 799; x_wconf 78' lang='lat' dir='ltr'><strong>Alcaini,</strong></span> <span class='ocrx_word' id='word_1_35' title='bbox 2538 720 2839 801; x_wconf 80' lang='lat' dir='ltr'><strong>Rabbani,</strong></span> <span class='ocrx_word' id='word_1_36' title='bbox 2872 723 3051 808; x_wconf 65' lang='grc' dir='ltr'><strong>Παμ-</strong></span> 
     </span>
     <span class='ocr_line' id='line_1_5' title="bbox 153 810 3049 896; baseline 0 -21"><span class='ocrx_word' id='word_1_37' title='bbox 153 814 358 892; x_wconf 68' lang='lat' dir='ltr'><strong>vitonis,</strong></span> <span class='ocrx_word' id='word_1_38' title='bbox 388 812 670 896; x_wconf 71' lang='lat' dir='ltr'><strong>llayonie</strong></span> <span class='ocrx_word' id='word_1_39' title='bbox 693 814 768 877; x_wconf 84' lang='lat' dir='ltr'><strong>de</strong></span> <span class='ocrx_word' id='word_1_40' title='bbox 791 833 839 876; x_wconf 85' lang='lat'><strong>8.</strong></span> <span class='ocrx_word' id='word_1_41' title='bbox 885 812 1130 887; x_wconf 81' lang='lat' dir='ltr'><strong><em>Victore,</em></strong></span> <span class='ocrx_word' id='word_1_42' title='bbox 1156 810 1531 888; x_wconf 81' lang='lat' dir='ltr'><strong>Ansbertini,</strong></span> <span class='ocrx_word' id='word_1_43' title='bbox 1558 810 1862 887; x_wconf 78' lang='lat' dir='ltr'><strong>Ansetmi,</strong></span> <span class='ocrx_word' id='word_1_44' title='bbox 1892 810 2191 877; x_wconf 73' lang='lat' dir='ltr'><strong>ltichardi</strong></span> <span class='ocrx_word' id='word_1_45' title='bbox 2222 811 2300 874; x_wconf 83' lang='lat' dir='ltr'><strong>de</strong></span> <span class='ocrx_word' id='word_1_46' title='bbox 2320 830 2370 874; x_wconf 77' lang='lat'><strong>8.</strong></span> <span class='ocrx_word' id='word_1_47' title='bbox 2416 812 2661 888; x_wconf 79' lang='lat' dir='ltr'><strong><em>Victore,</em></strong></span> <span class='ocrx_word' id='word_1_48' title='bbox 2692 811 3049 890; x_wconf 81' lang='lat' dir='ltr'><strong>Barnarde,</strong></span> 
     </span>
     <span class='ocr_line' id='line_1_6' title="bbox 151 898 3050 983; baseline -0.001 -16"><span class='ocrx_word' id='word_1_49' title='bbox 151 902 476 979; x_wconf 73' lang='lat' dir='ltr'><strong>hembardi,</strong></span> <span class='ocrx_word' id='word_1_50' title='bbox 535 902 806 965; x_wconf 86' lang='lat' dir='ltr'><strong>Thomae</strong></span> <span class='ocrx_word' id='word_1_51' title='bbox 871 899 935 965; x_wconf 69' lang='lat' dir='ltr'><strong>a</strong></span> <span class='ocrx_word' id='word_1_52' title='bbox 987 904 1577 975; x_wconf 73' lang='lat' dir='ltr'><strong>commentatorum</strong></span> <span class='ocrx_word' id='word_1_53' title='bbox 1641 899 1750 981; x_wconf 89' lang='lat' dir='ltr'><strong>qui</strong></span> <span class='ocrx_word' id='word_1_54' title='bbox 1789 900 2025 981; x_wconf 90' lang='lat' dir='ltr'><strong>partim</strong></span> <span class='ocrx_word' id='word_1_55' title='bbox 2052 898 2479 982; x_wconf 85' lang='lat' dir='ltr'>peculiaribus</span> <span class='ocrx_word' id='word_1_56' title='bbox 2512 904 2693 964; x_wconf 88' lang='lat' dir='ltr'><strong>tract.</strong></span> <span class='ocrx_word' id='word_1_57' title='bbox 2722 900 2959 983; x_wconf 89' lang='lat' dir='ltr'><strong>partim</strong></span> <span class='ocrx_word' id='word_1_58' title='bbox 2985 905 3050 963; x_wconf 92' lang='lat' dir='ltr'><strong>in</strong></span> 
     </span>
     <span class='ocr_line' id='line_1_7' title="bbox 151 986 3051 1073; baseline -0.001 -19"><span class='ocrx_word' id='word_1_59' title='bbox 151 994 550 1066; x_wconf 84' lang='lat' dir='ltr'><strong>commentar.,</strong></span> <span class='ocrx_word' id='word_1_60' title='bbox 599 988 1024 1063; x_wconf 75' lang='lat' dir='ltr'><strong>concionibus,</strong></span> <span class='ocrx_word' id='word_1_61' title='bbox 1070 987 1222 1052; x_wconf 89' lang='lat' dir='ltr'><strong>locis</strong></span> <span class='ocrx_word' id='word_1_62' title='bbox 1248 988 1685 1053; x_wconf 87' lang='lat' dir='ltr'><strong>communibus</strong></span> <span class='ocrx_word' id='word_1_63' title='bbox 1711 990 1756 1052; x_wconf 71' lang='grc' dir='ltr'><strong>δι</strong></span> <span class='ocrx_word' id='word_1_64' title='bbox 1790 986 2347 1071; x_wconf 90' lang='lat' dir='ltr'><strong>Disputationibus</strong></span> <span class='ocrx_word' id='word_1_65' title='bbox 2372 987 2493 1051; x_wconf 92' lang='lat' dir='ltr'><strong>hoc</strong></span> <span class='ocrx_word' id='word_1_66' title='bbox 2517 988 2749 1073; x_wconf 83' lang='lat' dir='ltr'><strong>dogma</strong></span> <span class='ocrx_word' id='word_1_67' title='bbox 2772 1010 3051 1073; x_wconf 87' lang='lat' dir='ltr'><strong>propug-</strong></span> 
     </span>
     <span class='ocr_line' id='line_1_8' title="bbox 153 1075 3051 1160; baseline 0 -19"><span class='ocrx_word' id='word_1_68' title='bbox 153 1082 319 1142; x_wconf 84' lang='lat' dir='ltr'><strong>nant:</strong></span> <span class='ocrx_word' id='word_1_69' title='bbox 343 1078 448 1143; x_wconf 87' lang='lat' dir='ltr'><strong>ubi</strong></span> <span class='ocrx_word' id='word_1_70' title='bbox 479 1078 873 1142; x_wconf 79' lang='lat' dir='ltr'><strong>adversarios</strong></span> <span class='ocrx_word' id='word_1_71' title='bbox 897 1080 1206 1160; x_wconf 88' lang='lat' dir='ltr'><strong>tanquam</strong></span> <span class='ocrx_word' id='word_1_72' title='bbox 1232 1082 1513 1141; x_wconf 78' lang='lat' dir='ltr'><strong>errantes</strong></span> <span class='ocrx_word' id='word_1_73' title='bbox 1539 1077 1604 1140; x_wconf 90' lang='lat' dir='ltr'><strong>in</strong></span> <span class='ocrx_word' id='word_1_74' title='bbox 1639 1076 1758 1140; x_wconf 88' lang='lat' dir='ltr'><strong>fide</strong></span> <span class='ocrx_word' id='word_1_75' title='bbox 1793 1078 1838 1141; x_wconf 84' lang='lat'>&amp;</span> <span class='ocrx_word' id='word_1_76' title='bbox 1864 1076 2217 1141; x_wconf 89' lang='lat' dir='ltr'><strong>haereticos</strong></span> <span class='ocrx_word' id='word_1_77' title='bbox 2242 1075 2539 1159; x_wconf 88' lang='lat' dir='ltr'><strong>rejiciunt</strong></span> <span class='ocrx_word' id='word_1_78' title='bbox 2562 1100 2575 1152; x_wconf 84' lang='lat'>3</span> <span class='ocrx_word' id='word_1_79' title='bbox 2596 1078 2642 1142; x_wconf 74' lang='grc' dir='ltr'><strong>δι</strong></span> <span class='ocrx_word' id='word_1_80' title='bbox 2659 1098 3051 1160; x_wconf 87' lang='lat' dir='ltr'><strong>consequen-</strong></span> 
     </span>
     <span class='ocr_line' id='line_1_9' title="bbox 154 1163 3052 1251; baseline 0.001 -21"><span class='ocrx_word' id='word_1_81' title='bbox 154 1172 238 1230; x_wconf 79' lang='lat' dir='ltr'><strong>ter</strong></span> <span class='ocrx_word' id='word_1_82' title='bbox 263 1166 763 1231; x_wconf 85' lang='lat' dir='ltr'><strong>communionem</strong></span> <span class='ocrx_word' id='word_1_83' title='bbox 788 1166 1138 1229; x_wconf 75' lang='lat' dir='ltr'><strong>fraternam</strong></span> <span class='ocrx_word' id='word_1_84' title='bbox 1173 1166 1324 1251; x_wconf 85' lang='lat' dir='ltr'><strong>ipsis</strong></span> <span class='ocrx_word' id='word_1_85' title='bbox 1350 1166 1687 1249; x_wconf 79' lang='lat' dir='ltr'><strong>denegant.</strong></span> <span class='ocrx_word' id='word_1_86' title='bbox 1723 1163 1901 1229; x_wconf 90' lang='lat' dir='ltr'><strong>Inter</strong></span> <span class='ocrx_word' id='word_1_87' title='bbox 1925 1166 2084 1229; x_wconf 88' lang='lat' dir='ltr'><strong>alios</strong></span> <span class='ocrx_word' id='word_1_88' title='bbox 2112 1166 2423 1231; x_wconf 77' lang='lat' dir='ltr'><strong>Alcuinus</strong></span> <span class='ocrx_word' id='word_1_89' title='bbox 2448 1165 2580 1229; x_wconf 90' lang='lat' dir='ltr'><strong>sive</strong></span> <span class='ocrx_word' id='word_1_90' title='bbox 2600 1166 2866 1231; x_wconf 80' lang='lat' dir='ltr'><strong>Albinus</strong></span> <span class='ocrx_word' id='word_1_91' title='bbox 2885 1188 3052 1232; x_wconf 86' lang='lat' dir='ltr'><strong>anno</strong></span> 
     </span>
     <span class='ocr_line' id='line_1_10' title="bbox 153 1254 3049 1338; baseline 0.001 -21"><span class='ocrx_word' id='word_1_92' title='bbox 153 1256 282 1319; x_wconf 78' lang='grc'><strong>770.</strong></span> <span class='ocrx_word' id='word_1_93' title='bbox 333 1256 522 1319; x_wconf 86' lang='lat' dir='ltr'><strong>libros</strong></span> <span class='ocrx_word' id='word_1_94' title='bbox 569 1260 700 1319; x_wconf 89' lang='lat' dir='ltr'><strong>tres</strong></span> <span class='ocrx_word' id='word_1_95' title='bbox 748 1256 993 1318; x_wconf 76' lang='lat' dir='ltr'><strong>erudite</strong></span> <span class='ocrx_word' id='word_1_96' title='bbox 1026 1254 1278 1338; x_wconf 86' lang='lat' dir='ltr'><strong>scr-ipsit</strong></span> <span class='ocrx_word' id='word_1_97' title='bbox 1302 1255 1377 1319; x_wconf 84' lang='lat' dir='ltr'><strong>de</strong></span> <span class='ocrx_word' id='word_1_98' title='bbox 1411 1255 1730 1331; x_wconf 81' lang='lat' dir='ltr'><strong>Trinitatc,</strong></span> <span class='ocrx_word' id='word_1_99' title='bbox 1758 1275 1916 1336; x_wconf 91' lang='lat' dir='ltr'><strong>quos</strong></span> <span class='ocrx_word' id='word_1_100' title='bbox 1942 1254 2206 1317; x_wconf 82' lang='lat' dir='ltr'><strong>seorsim</strong></span> <span class='ocrx_word' id='word_1_101' title='bbox 2230 1254 2430 1318; x_wconf 89' lang='lat' dir='ltr'><strong>editos</strong></span> <span class='ocrx_word' id='word_1_102' title='bbox 2457 1276 2623 1318; x_wconf 87' lang='lat' dir='ltr'><strong>anno</strong></span> <span class='ocrx_word' id='word_1_103' title='bbox 2657 1255 2848 1316; x_wconf 81' lang='lat'><strong>1554.</strong></span> <span class='ocrx_word' id='word_1_104' title='bbox 2882 1276 3049 1319; x_wconf 89' lang='lat' dir='ltr'><strong>com·</strong></span> 
     </span>
     <span class='ocr_line' id='line_1_11' title="bbox 149 1342 3049 1425; baseline 0.001 -18"><span class='ocrx_word' id='word_1_105' title='bbox 149 1345 430 1409; x_wconf 78' lang='lat' dir='ltr'><strong>mentatio</strong></span> <span class='ocrx_word' id='word_1_106' title='bbox 455 1344 806 1415; x_wconf 84' lang='lat' dir='ltr'><strong>illustravit</strong></span> <span class='ocrx_word' id='word_1_107' title='bbox 833 1345 1034 1408; x_wconf 78' lang='lat' dir='ltr'><strong>Lucas</strong></span> <span class='ocrx_word' id='word_1_108' title='bbox 1057 1344 1330 1407; x_wconf 73' lang='lat' dir='ltr'><strong>LossiuS.</strong></span> <span class='ocrx_word' id='word_1_109' title='bbox 1361 1342 1484 1407; x_wconf 91' lang='lat' dir='ltr'><strong>Ubi</strong></span> <span class='ocrx_word' id='word_1_110' title='bbox 1513 1343 1616 1407; x_wconf 84' lang='lat' dir='ltr'><strong>lib.</strong></span> <span class='ocrx_word' id='word_1_111' title='bbox 1655 1346 1706 1406; x_wconf 95' lang='grc'><strong>1.</strong></span> <span class='ocrx_word' id='word_1_112' title='bbox 1735 1364 1871 1425; x_wconf 80' lang='lat' dir='ltr'><strong>cap.</strong></span> <span class='ocrx_word' id='word_1_113' title='bbox 1900 1343 1959 1406; x_wconf 79' lang='lat'><strong>2.</strong></span> <span class='ocrx_word' id='word_1_114' title='bbox 1987 1342 2049 1409; x_wconf 75' lang='grc'><strong>8.·</strong></span> <span class='ocrx_word' id='word_1_115' title='bbox 2074 1344 2135 1407; x_wconf 83' lang='lat'><strong>3.</strong></span> <span class='ocrx_word' id='word_1_116' title='bbox 2162 1342 2505 1406; x_wconf 85' lang='lat' dir='ltr'><strong>necessitas</strong></span> <span class='ocrx_word' id='word_1_117' title='bbox 2528 1342 2713 1425; x_wconf 89' lang='lat' dir='ltr'><strong>hujus</strong></span> <span class='ocrx_word' id='word_1_118' title='bbox 2730 1344 3049 1409; x_wconf 76' lang='lat' dir='ltr'><strong>doetrinae</strong></span> 
     </span>
     <span class='ocr_line' id='line_1_12' title="bbox 150 1431 3052 1498; baseline 0 -2"><span class='ocrx_word' id='word_1_119' title='bbox 150 1435 442 1498; x_wconf 70' lang='lat' dir='ltr'><strong>‹ts-seritur.</strong></span> <span class='ocrx_word' id='word_1_120' title='bbox 491 1431 617 1495; x_wconf 85' lang='lat' dir='ltr'><strong>His</strong></span> <span class='ocrx_word' id='word_1_121' title='bbox 643 1433 802 1495; x_wconf 89' lang='lat' dir='ltr'><strong>adde</strong></span> <span class='ocrx_word' id='word_1_122' title='bbox 828 1454 1049 1495; x_wconf 89' lang='lat' dir='ltr'><strong>omnes</strong></span> <span class='ocrx_word' id='word_1_123' title='bbox 1079 1433 1452 1497; x_wconf 80' lang='lat' dir='ltr'><strong>Canonistas</strong></span> <span class='ocrx_word' id='word_1_124' title='bbox 1475 1433 1560 1496; x_wconf 83' lang='lat' dir='ltr'><strong>ad</strong></span> <span class='ocrx_word' id='word_1_125' title='bbox 1589 1432 2039 1497; x_wconf 79' lang='lat' dir='ltr'><strong>Clementinam</strong></span> <span class='ocrx_word' id='word_1_126' title='bbox 2064 1433 2319 1497; x_wconf 69' lang='lat' dir='ltr'><strong>‘atticam</strong></span> <span class='ocrx_word' id='word_1_127' title='bbox 2344 1432 2419 1495; x_wconf 84' lang='lat' dir='ltr'><strong>de</strong></span> <span class='ocrx_word' id='word_1_128' title='bbox 2443 1431 2713 1497; x_wconf 78' lang='lat' dir='ltr'><strong>Samma</strong></span> <span class='ocrx_word' id='word_1_129' title='bbox 2749 1433 3052 1498; x_wconf 81' lang='lat' dir='ltr'><strong>Trinitatc</strong></span> 
     </span>
     <span class='ocr_line' id='line_1_13' title="bbox 154 1519 3050 1605; baseline 0 -20"><span class='ocrx_word' id='word_1_130' title='bbox 154 1522 206 1585; x_wconf 70' lang='lat' dir='ltr'><strong>tr</strong></span> <span class='ocrx_word' id='word_1_131' title='bbox 247 1524 382 1587; x_wconf 81' lang='lat' dir='ltr'><strong>Fide</strong></span> <span class='ocrx_word' id='word_1_132' title='bbox 408 1522 738 1587; x_wconf 83' lang='lat' dir='ltr'><strong>Catholica.</strong></span> <span class='ocrx_word' id='word_1_133' title='bbox 789 1519 858 1584; x_wconf 86' lang='lat' dir='ltr'><strong>Si</strong></span> <span class='ocrx_word' id='word_1_134' title='bbox 891 1542 1005 1603; x_wconf 90' lang='lat' dir='ltr'><strong>per</strong></span> <span class='ocrx_word' id='word_1_135' title='bbox 1031 1521 1317 1584; x_wconf 82' lang='lat' dir='ltr'><strong>nationes</strong></span> <span class='ocrx_word' id='word_1_136' title='bbox 1346 1521 1654 1604; x_wconf 87' lang='lat' dir='ltr'><strong>suffragia</strong></span> <span class='ocrx_word' id='word_1_137' title='bbox 1679 1520 2066 1603; x_wconf 82' lang='lat' dir='ltr'><strong>colligantur</strong></span> <span class='ocrx_word' id='word_1_138' title='bbox 2090 1520 2355 1584; x_wconf 88' lang='lat' dir='ltr'><strong>eandem</strong></span> <span class='ocrx_word' id='word_1_139' title='bbox 2382 1542 2599 1583; x_wconf 82' lang='lat' dir='ltr'><strong>vocem</strong></span> <span class='ocrx_word' id='word_1_140' title='bbox 2625 1520 2912 1585; x_wconf 90' lang='lat' dir='ltr'><strong>omnium</strong></span> <span class='ocrx_word' id='word_1_141' title='bbox 2937 1544 3050 1605; x_wconf 89' lang='lat' dir='ltr'><strong>per</strong></span> 
     </span>
     <span class='ocr_line' id='line_1_14' title="bbox 149 1608 3049 1695; baseline 0 -22"><span class='ocrx_word' id='word_1_142' title='bbox 149 1611 376 1695; x_wconf 82' lang='lat' dir='ltr'><strong>singula</strong></span> <span class='ocrx_word' id='word_1_143' title='bbox 419 1610 676 1675; x_wconf 86' lang='lat' dir='ltr'><strong>saecula</strong></span> <span class='ocrx_word' id='word_1_144' title='bbox 720 1608 1068 1673; x_wconf 86' lang='lat' dir='ltr'><strong>successive</strong></span> <span class='ocrx_word' id='word_1_145' title='bbox 1094 1610 1452 1673; x_wconf 85' lang='lat' dir='ltr'><strong>audiemus:</strong></span> <span class='ocrx_word' id='word_1_146' title='bbox 1482 1610 1572 1672; x_wconf 90' lang='lat' dir='ltr'><strong>ita</strong></span> <span class='ocrx_word' id='word_1_147' title='bbox 1606 1614 1676 1673; x_wconf 92' lang='lat' dir='ltr'><strong>ut</strong></span> <span class='ocrx_word' id='word_1_148' title='bbox 1704 1609 1870 1672; x_wconf 90' lang='lat' dir='ltr'><strong>inter</strong></span> <span class='ocrx_word' id='word_1_149' title='bbox 1892 1613 1989 1672; x_wconf 86' lang='lat' dir='ltr'><strong>tot</strong></span> <span class='ocrx_word' id='word_1_150' title='bbox 2013 1609 2405 1692; x_wconf 84' lang='lat' dir='ltr'><strong>corruptelas</strong></span> <span class='ocrx_word' id='word_1_151' title='bbox 2430 1611 2475 1675; x_wconf 72' lang='grc' dir='ltr'><strong>δι</strong></span> <span class='ocrx_word' id='word_1_152' title='bbox 2501 1608 2945 1673; x_wconf 77' lang='lat' dir='ltr'><strong>distractiones</strong></span> <span class='ocrx_word' id='word_1_153' title='bbox 2978 1610 3049 1673; x_wconf 91' lang='lat' dir='ltr'><strong>in</strong></span> 
     </span>
     <span class='ocr_line' id='line_1_15' title="bbox 151 1697 3043 1783; baseline 0 -22"><span class='ocrx_word' id='word_1_154' title='bbox 151 1698 314 1780; x_wconf 87' lang='lat' dir='ltr'><strong>hujus</strong></span> <span class='ocrx_word' id='word_1_155' title='bbox 335 1699 650 1783; x_wconf 83' lang='lat' dir='ltr'><strong>dogmatis</strong></span> <span class='ocrx_word' id='word_1_156' title='bbox 675 1698 941 1762; x_wconf 85' lang='lat' dir='ltr'><strong>veritate</strong></span> <span class='ocrx_word' id='word_1_157' title='bbox 965 1699 1014 1763; x_wconf 68' lang='grc' dir='ltr'>ἃ</span> <span class='ocrx_word' id='word_1_158' title='bbox 1043 1698 1418 1763; x_wconf 87' lang='lat' dir='ltr'><strong>necessitate</strong></span> <span class='ocrx_word' id='word_1_159' title='bbox 1445 1697 1909 1763; x_wconf 85' lang='lat' dir='ltr'><strong>Christianismi</strong></span> <span class='ocrx_word' id='word_1_160' title='bbox 1934 1698 2145 1762; x_wconf 88' lang='lat' dir='ltr'><strong>unitas</strong></span> <span class='ocrx_word' id='word_1_161' title='bbox 2172 1700 2217 1763; x_wconf 76' lang='grc' dir='ltr'><strong>δι</strong></span> <span class='ocrx_word' id='word_1_162' title='bbox 2241 1698 2542 1780; x_wconf 89' lang='lat' dir='ltr'><strong>antiquus</strong></span> <span class='ocrx_word' id='word_1_163' title='bbox 2569 1698 3043 1763; x_wconf 87' lang='lat' dir='ltr'><strong>catholicismus</strong></span> 
     </span>
     <span class='ocr_line' id='line_1_16' title="bbox 149 1786 3045 1872; baseline 0.001 -22"><span class='ocrx_word' id='word_1_164' title='bbox 149 1788 500 1852; x_wconf 87' lang='lat' dir='ltr'><strong>mirabiliter</strong></span> <span class='ocrx_word' id='word_1_165' title='bbox 545 1792 952 1851; x_wconf 84' lang='lat' dir='ltr'><strong>conservatus</strong></span> <span class='ocrx_word' id='word_1_166' title='bbox 978 1787 1080 1852; x_wconf 88' lang='lat' dir='ltr'><strong>sit.</strong></span> <span class='ocrx_word' id='word_1_167' title='bbox 1123 1787 1446 1851; x_wconf 86' lang='lat' dir='ltr'><strong>Ecclesiae</strong></span> <span class='ocrx_word' id='word_1_168' title='bbox 1477 1786 1844 1851; x_wconf 80' lang='lat' dir='ltr'><strong>Gallicanae</strong></span> <span class='ocrx_word' id='word_1_169' title='bbox 1870 1787 2249 1871; x_wconf 81' lang='lat' dir='ltr'><strong>suffragium</strong></span> <span class='ocrx_word' id='word_1_170' title='bbox 2274 1786 2471 1851; x_wconf 88' lang='lat' dir='ltr'><strong>habet</strong></span> <span class='ocrx_word' id='word_1_171' title='bbox 2506 1786 2688 1872; x_wconf 83' lang='lat' dir='ltr'><strong>[pag.</strong></span> <span class='ocrx_word' id='word_1_172' title='bbox 2725 1787 2887 1871; x_wconf 73' lang='lat'>494]</span> <span class='ocrx_word' id='word_1_173' title='bbox 2917 1789 3045 1852; x_wconf 84' lang='lat' dir='ltr'><strong>Bo-</strong></span> 
     </span>
     <span class='ocr_line' id='line_1_17' title="bbox 147 1874 3045 1959; baseline 0 -20"><span class='ocrx_word' id='word_1_174' title='bbox 147 1877 350 1943; x_wconf 72' lang='lat' dir='ltr'><strong>chettas</strong></span> <span class='ocrx_word' id='word_1_175' title='bbox 395 1879 462 1941; x_wconf 81' lang='lat' dir='ltr'><strong>in</strong></span> <span class='ocrx_word' id='word_1_176' title='bbox 517 1876 751 1941; x_wconf 86' lang='lat' dir='ltr'><strong>Decret.</strong></span> <span class='ocrx_word' id='word_1_177' title='bbox 799 1878 996 1943; x_wconf 78' lang='lat' dir='ltr'><strong>eccles,</strong></span> <span class='ocrx_word' id='word_1_178' title='bbox 1028 1877 1386 1943; x_wconf 77' lang='lat' dir='ltr'><strong>Gallicanae</strong></span> <span class='ocrx_word' id='word_1_179' title='bbox 1407 1876 1508 1941; x_wconf 85' lang='lat' dir='ltr'><strong>lib.</strong></span> <span class='ocrx_word' id='word_1_180' title='bbox 1541 1877 1596 1939; x_wconf 93' lang='lat'><strong>1.</strong></span> <span class='ocrx_word' id='word_1_181' title='bbox 1627 1876 1712 1939; x_wconf 82' lang='lat' dir='ltr'><strong>tit.</strong></span> <span class='ocrx_word' id='word_1_182' title='bbox 1747 1877 1801 1938; x_wconf 90' lang='lat'><strong>1.</strong></span> <span class='ocrx_word' id='word_1_183' title='bbox 1831 1874 1941 1938; x_wconf 91' lang='lat' dir='ltr'><strong>ubi</strong></span> <span class='ocrx_word' id='word_1_184' title='bbox 1969 1875 2137 1939; x_wconf 89' lang='lat' dir='ltr'><strong>inter</strong></span> <span class='ocrx_word' id='word_1_185' title='bbox 2160 1875 2288 1939; x_wconf 88' lang='lat' dir='ltr'><strong>alia</strong></span> <span class='ocrx_word' id='word_1_186' title='bbox 2316 1874 2609 1959; x_wconf 82' lang='lat' dir='ltr'><strong>Gregorii</strong></span> <span class='ocrx_word' id='word_1_187' title='bbox 2636 1874 3045 1954; x_wconf 76' lang='lat' dir='ltr'><strong>TuronensiS,</strong></span> 
     </span>
     <span class='ocr_line' id='line_1_18' title="bbox 151 1963 3051 2050; baseline 0 -21"><span class='ocrx_word' id='word_1_188' title='bbox 151 1965 244 2047; x_wconf 88' lang='lat' dir='ltr'><strong>qui</strong></span> <span class='ocrx_word' id='word_1_189' title='bbox 293 1966 528 2050; x_wconf 87' lang='lat' dir='ltr'><strong>primus</strong></span> <span class='ocrx_word' id='word_1_190' title='bbox 577 1970 694 2041; x_wconf 88' lang='lat' dir='ltr'><strong>est,</strong></span> <span class='ocrx_word' id='word_1_191' title='bbox 743 1964 900 2029; x_wconf 89' lang='lat' dir='ltr'><strong>haec</strong></span> <span class='ocrx_word' id='word_1_192' title='bbox 961 1965 1126 2029; x_wconf 87' lang='lat' dir='ltr'><strong>seria</strong></span> <span class='ocrx_word' id='word_1_193' title='bbox 1172 1966 1548 2029; x_wconf 87' lang='lat' dir='ltr'><strong>contestatio</strong></span> <span class='ocrx_word' id='word_1_194' title='bbox 1596 1988 1672 2028; x_wconf 85' lang='lat' dir='ltr'><strong>ex</strong></span> <span class='ocrx_word' id='word_1_195' title='bbox 1701 1963 1924 2027; x_wconf 89' lang='lat' dir='ltr'><strong>histor.</strong></span> <span class='ocrx_word' id='word_1_196' title='bbox 1952 1964 2063 2027; x_wconf 90' lang='lat' dir='ltr'><strong>lib.</strong></span> <span class='ocrx_word' id='word_1_197' title='bbox 2096 1965 2153 2028; x_wconf 94' lang='lat' dir='ltr'><strong>l.</strong></span> <span class='ocrx_word' id='word_1_198' title='bbox 2182 1963 2332 2029; x_wconf 76' lang='lat' dir='ltr'><strong>Illos</strong></span> <span class='ocrx_word' id='word_1_199' title='bbox 2356 1984 2497 2027; x_wconf 80' lang='lat' dir='ltr'><strong>vero</strong></span> <span class='ocrx_word' id='word_1_200' title='bbox 2520 1964 3051 2048; x_wconf 79' lang='lat' dir='ltr'><strong>qaidicunt,erat</strong></span> 
     </span>
     <span class='ocr_line' id='line_1_19' title="bbox 189 2052 3053 2136; baseline -0.001 -17"><span class='ocrx_word' id='word_1_201' title='bbox 189 2056 380 2121; x_wconf 59' lang='lat' dir='ltr'><strong>unrado</strong></span> <span class='ocrx_word' id='word_1_202' title='bbox 425 2076 554 2119; x_wconf 79' lang='lat' dir='ltr'><strong>non</strong></span> <span class='ocrx_word' id='word_1_203' title='bbox 600 2066 753 2129; x_wconf 87' lang='lat' dir='ltr'><strong>erat,</strong></span> <span class='ocrx_word' id='word_1_204' title='bbox 786 2053 1234 2119; x_wconf 74' lang='lat' dir='ltr'><strong>exsecrabiliter</strong></span> <span class='ocrx_word' id='word_1_205' title='bbox 1257 2075 1475 2132; x_wconf 72' lang='lat' dir='ltr'><strong>renue,</strong></span> <span class='ocrx_word' id='word_1_206' title='bbox 1508 2052 1570 2118; x_wconf 76' lang='lat' dir='ltr'><strong>a·</strong></span> <span class='ocrx_word' id='word_1_207' title='bbox 1599 2054 1674 2118; x_wconf 84' lang='lat' dir='ltr'><strong>ab</strong></span> <span class='ocrx_word' id='word_1_208' title='bbox 1708 2054 1952 2117; x_wconf 78' lang='lat' dir='ltr'><strong>ccclesia</strong></span> <span class='ocrx_word' id='word_1_209' title='bbox 1972 2054 2285 2136; x_wconf 69' lang='lat' dir='ltr'><strong>seyreyari</strong></span> <span class='ocrx_word' id='word_1_210' title='bbox 2306 2064 2628 2117; x_wconf 79' lang='lat' dir='ltr'><strong>contestor.</strong></span> <span class='ocrx_word' id='word_1_211' title='bbox 2663 2052 3053 2117; x_wconf 83' lang='lat' dir='ltr'><strong>Consensum</strong></span> 
     </span>
     <span class='ocr_line' id='line_1_20' title="bbox 199 2140 3052 2209; baseline 0 -4"><span class='ocrx_word' id='word_1_212' title='bbox 199 2144 548 2209; x_wconf 83' lang='lat' dir='ltr'><strong>rientalimn</strong></span> <span class='ocrx_word' id='word_1_213' title='bbox 603 2142 864 2207; x_wconf 83' lang='lat' dir='ltr'><strong>exhibet</strong></span> <span class='ocrx_word' id='word_1_214' title='bbox 911 2141 1131 2207; x_wconf 90' lang='lat' dir='ltr'><strong>Photii</strong></span> <span class='ocrx_word' id='word_1_215' title='bbox 1162 2141 1574 2207; x_wconf 89' lang='lat' dir='ltr'><strong>Nomocanon</strong></span> <span class='ocrx_word' id='word_1_216' title='bbox 1608 2143 1706 2205; x_wconf 91' lang='lat' dir='ltr'><strong>tit.</strong></span> <span class='ocrx_word' id='word_1_217' title='bbox 1748 2146 1798 2206; x_wconf 90' lang='lat' dir='ltr'><strong>l.</strong></span> <span class='ocrx_word' id='word_1_218' title='bbox 1825 2164 1878 2205; x_wconf 89' lang='lat' dir='ltr'><strong>c.</strong></span> <span class='ocrx_word' id='word_1_219' title='bbox 1914 2144 1966 2205; x_wconf 93' lang='lat' dir='ltr'><strong>l.</strong></span> <span class='ocrx_word' id='word_1_220' title='bbox 1996 2141 2105 2205; x_wconf 87' lang='lat' dir='ltr'><strong>ubi</strong></span> <span class='ocrx_word' id='word_1_221' title='bbox 2132 2146 2283 2205; x_wconf 87' lang='lat' dir='ltr'><strong>nota</strong></span> <span class='ocrx_word' id='word_1_222' title='bbox 2306 2140 2618 2205; x_wconf 89' lang='lat' dir='ltr'><strong>scholium</strong></span> <span class='ocrx_word' id='word_1_223' title='bbox 2652 2140 3052 2205; x_wconf 86' lang='lat' dir='ltr'><strong>Balsamonis</strong></span> 
     </span>
     <span class='ocr_line' id='line_1_21' title="bbox 154 2230 3052 2316; baseline -0.001 -17"><span class='ocrx_word' id='word_1_224' title='bbox 154 2232 268 2313; x_wconf 77' lang='lat' dir='ltr'><strong>(qui</strong></span> <span class='ocrx_word' id='word_1_225' title='bbox 291 2232 540 2316; x_wconf 87' lang='lat' dir='ltr'><strong>scripsit</strong></span> <span class='ocrx_word' id='word_1_226' title='bbox 565 2232 682 2295; x_wconf 92' lang='lat' dir='ltr'><strong>sub</strong></span> <span class='ocrx_word' id='word_1_227' title='bbox 709 2230 1007 2295; x_wconf 88' lang='lat' dir='ltr'><strong>Manuele</strong></span> <span class='ocrx_word' id='word_1_228' title='bbox 1033 2230 1354 2295; x_wconf 85' lang='lat' dir='ltr'><strong>Comneno</strong></span> <span class='ocrx_word' id='word_1_229' title='bbox 1383 2232 1546 2295; x_wconf 86' lang='lat' dir='ltr'><strong>circa</strong></span> <span class='ocrx_word' id='word_1_230' title='bbox 1572 2253 1811 2295; x_wconf 89' lang='lat' dir='ltr'><strong>annum</strong></span> <span class='ocrx_word' id='word_1_231' title='bbox 1844 2231 2013 2292; x_wconf 79' lang='lat'>1200</span> <span class='ocrx_word' id='word_1_232' title='bbox 2019 2230 2063 2311; x_wconf 88' lang='lat'><strong>.)</strong></span> <span class='ocrx_word' id='word_1_233' title='bbox 2096 2230 2217 2296; x_wconf 75' lang='lat' dir='ltr'><strong>Pr</strong></span> <span class='ocrx_word' id='word_1_234' title='bbox 2196 2251 2324 2294; x_wconf 72' lang='lat' dir='ltr'><strong>ima</strong></span> <span class='ocrx_word' id='word_1_235' title='bbox 2348 2230 2703 2295; x_wconf 75' lang='lat' dir='ltr'><strong>constitutio</strong></span> <span class='ocrx_word' id='word_1_236' title='bbox 2731 2232 2820 2295; x_wconf 87' lang='lat' dir='ltr'><strong>tit.</strong></span> <span class='ocrx_word' id='word_1_237' title='bbox 2863 2233 2918 2293; x_wconf 91' lang='lat'><strong>1.</strong></span> <span class='ocrx_word' id='word_1_238' title='bbox 2947 2230 3052 2298; x_wconf 79' lang='lat' dir='ltr'><strong>tib.</strong></span> 
     </span>
     <span class='ocr_line' id='line_1_22' title="bbox 189 2318 3055 2407; baseline -0.001 -21.957"><span class='ocrx_word' id='word_1_239' title='bbox 189 2322 462 2386; x_wconf 79' lang='lat' dir='ltr'><strong>.codicis</strong></span> <span class='ocrx_word' id='word_1_240' title='bbox 508 2332 592 2386; x_wconf 84' lang='lat' dir='ltr'><strong>est</strong></span> <span class='ocrx_word' id='word_1_241' title='bbox 648 2320 760 2385; x_wconf 44' lang='lat' dir='ltr'><strong>&lt;stuc</strong></span> <span class='ocrx_word' id='word_1_242' title='bbox 794 2318 1190 2387; x_wconf 78' lang='lat' dir='ltr'><strong>Christianus</strong></span> <span class='ocrx_word' id='word_1_243' title='bbox 1215 2332 1299 2384; x_wconf 81' lang='lat' dir='ltr'><strong>est</strong></span> <span class='ocrx_word' id='word_1_244' title='bbox 1325 2320 1889 2406; x_wconf 72' lang='lat' dir='ltr'><strong>qaicrrditpatris,</strong></span> <span class='ocrx_word' id='word_1_245' title='bbox 1922 2320 2123 2407; x_wconf 64' lang='lat' dir='ltr'><strong>fitiitt</strong></span> <span class='ocrx_word' id='word_1_246' title='bbox 2150 2319 2319 2403; x_wconf 84' lang='lat' dir='ltr'><strong>Spir.</strong></span> <span class='ocrx_word' id='word_1_247' title='bbox 2347 2342 2397 2383; x_wconf 80' lang='lat' dir='ltr'><strong>s,</strong></span> <span class='ocrx_word' id='word_1_248' title='bbox 2425 2319 2541 2383; x_wconf 74' lang='lat' dir='ltr'><strong>sub</strong></span> <span class='ocrx_word' id='word_1_249' title='bbox 2566 2320 2713 2403; x_wconf 79' lang='lat' dir='ltr'><strong>pari</strong></span> <span class='ocrx_word' id='word_1_250' title='bbox 2738 2320 3055 2402; x_wconf 81' lang='lat' dir='ltr'><strong>majestate</strong></span> 
     </span>
     <span class='ocr_line' id='line_1_23' title="bbox 151 2406 3051 2493; baseline 0 -21"><span class='ocrx_word' id='word_1_251' title='bbox 151 2430 327 2476; x_wconf 69' lang='lat' dir='ltr'><strong>atzam</strong></span> <span class='ocrx_word' id='word_1_252' title='bbox 369 2432 499 2476; x_wconf 77' lang='lat' dir='ltr'><strong>esse</strong></span> <span class='ocrx_word' id='word_1_253' title='bbox 544 2410 849 2476; x_wconf 76' lang='lat' dir='ltr'><strong>deitatem.</strong></span> <span class='ocrx_word' id='word_1_254' title='bbox 907 2408 1034 2493; x_wconf 82' lang='lat' dir='ltr'><strong>Qui</strong></span> <span class='ocrx_word' id='word_1_255' title='bbox 1060 2431 1196 2474; x_wconf 83' lang='lat' dir='ltr'><strong>vero</strong></span> <span class='ocrx_word' id='word_1_256' title='bbox 1221 2422 1438 2476; x_wconf 75' lang='lat' dir='ltr'><strong>contra</strong></span> <span class='ocrx_word' id='word_1_257' title='bbox 1462 2410 1622 2475; x_wconf 80' lang='lat' dir='ltr'><strong>dicta</strong></span> <span class='ocrx_word' id='word_1_258' title='bbox 1654 2410 1840 2487; x_wconf 81' lang='lat' dir='ltr'><strong>docet,</strong></span> <span class='ocrx_word' id='word_1_259' title='bbox 1870 2409 2213 2474; x_wconf 82' lang='lat' dir='ltr'><strong>haereticus</strong></span> <span class='ocrx_word' id='word_1_260' title='bbox 2236 2421 2340 2474; x_wconf 80' lang='lat' dir='ltr'><strong>est.</strong></span> <span class='ocrx_word' id='word_1_261' title='bbox 2390 2406 2527 2473; x_wconf 89' lang='lat' dir='ltr'><strong>Nec</strong></span> <span class='ocrx_word' id='word_1_262' title='bbox 2552 2415 2946 2474; x_wconf 86' lang='lat' dir='ltr'><strong>recesserunt</strong></span> <span class='ocrx_word' id='word_1_263' title='bbox 2970 2408 3051 2473; x_wconf 88' lang='lat' dir='ltr'><strong>ab</strong></span> 
     </span>
     <span class='ocr_line' id='line_1_24' title="bbox 151 2497 3052 2582; baseline 0.001 -22"><span class='ocrx_word' id='word_1_264' title='bbox 151 2497 252 2564; x_wconf 80' lang='lat' dir='ltr'><strong>hac</strong></span> <span class='ocrx_word' id='word_1_265' title='bbox 293 2499 606 2564; x_wconf 84' lang='lat' dir='ltr'><strong>sententia</strong></span> <span class='ocrx_word' id='word_1_266' title='bbox 655 2521 852 2582; x_wconf 85' lang='lat' dir='ltr'><strong>usque</strong></span> <span class='ocrx_word' id='word_1_267' title='bbox 877 2498 942 2562; x_wconf 89' lang='lat' dir='ltr'><strong>in</strong></span> <span class='ocrx_word' id='word_1_268' title='bbox 969 2499 1137 2562; x_wconf 88' lang='lat' dir='ltr'><strong>hunc</strong></span> <span class='ocrx_word' id='word_1_269' title='bbox 1160 2499 1326 2562; x_wconf 88' lang='lat' dir='ltr'><strong>diem</strong></span> <span class='ocrx_word' id='word_1_270' title='bbox 1357 2503 1430 2562; x_wconf 92' lang='lat' dir='ltr'><strong>ut</strong></span> <span class='ocrx_word' id='word_1_271' title='bbox 1454 2499 1753 2582; x_wconf 85' lang='lat' dir='ltr'><strong>colligere</strong></span> <span class='ocrx_word' id='word_1_272' title='bbox 1787 2503 1883 2563; x_wconf 91' lang='lat' dir='ltr'><strong>est</strong></span> <span class='ocrx_word' id='word_1_273' title='bbox 1917 2521 1992 2562; x_wconf 80' lang='lat' dir='ltr'><strong>ex</strong></span> <span class='ocrx_word' id='word_1_274' title='bbox 2021 2499 2149 2562; x_wconf 88' lang='lat' dir='ltr'><strong>illis</strong></span> <span class='ocrx_word' id='word_1_275' title='bbox 2176 2521 2339 2582; x_wconf 86' lang='lat' dir='ltr'><strong>quae</strong></span> <span class='ocrx_word' id='word_1_276' title='bbox 2364 2501 2505 2562; x_wconf 90' lang='lat' dir='ltr'><strong>acta</strong></span> <span class='ocrx_word' id='word_1_277' title='bbox 2528 2520 2672 2561; x_wconf 90' lang='lat' dir='ltr'><strong>cum</strong></span> <span class='ocrx_word' id='word_1_278' title='bbox 2702 2497 3002 2562; x_wconf 87' lang='lat' dir='ltr'><strong>Graecis</strong></span> <span class='ocrx_word' id='word_1_279' title='bbox 2984 2521 3052 2562; x_wconf 88' lang='lat' dir='ltr'><strong>m</strong></span> 
     </span>
     <span class='ocr_line' id='line_1_25' title="bbox 151 2587 3051 2671; baseline 0.001 -21"><span class='ocrx_word' id='word_1_280' title='bbox 151 2587 402 2653; x_wconf 79' lang='lat' dir='ltr'><strong>Concilio</strong></span> <span class='ocrx_word' id='word_1_281' title='bbox 429 2588 798 2652; x_wconf 83' lang='lat' dir='ltr'><strong>Florentino</strong></span> <span class='ocrx_word' id='word_1_282' title='bbox 825 2619 834 2650; x_wconf 93' lang='lat'><strong>:</strong></span> <span class='ocrx_word' id='word_1_283' title='bbox 873 2588 1028 2651; x_wconf 87' lang='lat' dir='ltr'><strong>item</strong></span> <span class='ocrx_word' id='word_1_284' title='bbox 1055 2611 1130 2651; x_wconf 82' lang='lat' dir='ltr'><strong>ex</strong></span> <span class='ocrx_word' id='word_1_285' title='bbox 1154 2609 1454 2671; x_wconf 76' lang='lat' dir='ltr'><strong>responso</strong></span> <span class='ocrx_word' id='word_1_286' title='bbox 1479 2589 1776 2652; x_wconf 73' lang='lat' dir='ltr'><strong>Ieremiac</strong></span> <span class='ocrx_word' id='word_1_287' title='bbox 1806 2587 2211 2652; x_wconf 74' lang='lat' dir='ltr'><strong>patriarchae</strong></span> <span class='ocrx_word' id='word_1_288' title='bbox 2245 2588 2773 2670; x_wconf 60' lang='lat' dir='ltr'><strong>Constantinopol.</strong></span> <span class='ocrx_word' id='word_1_289' title='bbox 2794 2588 2879 2652; x_wconf 80' lang='lat' dir='ltr'><strong>ad</strong></span> <span class='ocrx_word' id='word_1_290' title='bbox 2894 2589 3051 2654; x_wconf 84' lang='lat' dir='ltr'><strong>Aca-</strong></span> 
     </span>
     <span class='ocr_line' id='line_1_26' title="bbox 151 2673 3051 2760; baseline 0.001 -22"><span class='ocrx_word' id='word_1_291' title='bbox 151 2673 288 2742; x_wconf 80' lang='lat' dir='ltr'><strong>dem.</strong></span> <span class='ocrx_word' id='word_1_292' title='bbox 351 2677 738 2759; x_wconf 67' lang='lat' dir='ltr'><strong>Wittebcryh,</strong></span> <span class='ocrx_word' id='word_1_293' title='bbox 788 2676 1070 2760; x_wconf 75' lang='lat' dir='ltr'><strong>Epe‘stola</strong></span> <span class='ocrx_word' id='word_1_294' title='bbox 1115 2677 1522 2742; x_wconf 73' lang='lat' dir='ltr'><strong>patriarchae</strong></span> <span class='ocrx_word' id='word_1_295' title='bbox 1564 2679 1786 2742; x_wconf 81' lang='lat' dir='ltr'><strong>Meletii</strong></span> <span class='ocrx_word' id='word_1_296' title='bbox 1824 2678 1910 2742; x_wconf 85' lang='lat' dir='ltr'><strong>ad</strong></span> <span class='ocrx_word' id='word_1_297' title='bbox 1954 2677 2236 2742; x_wconf 72' lang='lat' dir='ltr'><strong>Nobiliss.</strong></span> <span class='ocrx_word' id='word_1_298' title='bbox 2280 2677 2333 2742; x_wconf 93' lang='lat' dir='ltr'><strong>I.</strong></span> <span class='ocrx_word' id='word_1_299' title='bbox 2382 2677 2678 2742; x_wconf 79' lang='lat' dir='ltr'><strong>Doazam</strong></span> <span class='ocrx_word' id='word_1_300' title='bbox 2710 2675 3051 2740; x_wconf 88' lang='lat' dir='ltr'><strong>Nordovici</strong></span> 
     </span>
     <span class='ocr_line' id='line_1_27' title="bbox 150 2761 3051 2851; baseline 0.001 -25"><span class='ocrx_word' id='word_1_301' title='bbox 150 2761 543 2848; x_wconf 83' lang='lat' dir='ltr'><strong>Toparcham</strong></span> <span class='ocrx_word' id='word_1_302' title='bbox 571 2767 617 2830; x_wconf 74' lang='grc' dir='ltr'><strong>δι</strong></span> <span class='ocrx_word' id='word_1_303' title='bbox 643 2787 882 2848; x_wconf 86' lang='lat' dir='ltr'><strong>nupera</strong></span> <span class='ocrx_word' id='word_1_304' title='bbox 905 2765 1286 2848; x_wconf 71' lang='lat' dir='ltr'><strong>consessione</strong></span> <span class='ocrx_word' id='word_1_305' title='bbox 1305 2766 1704 2850; x_wconf 77' lang='lat' dir='ltr'><strong>patriarchae</strong></span> <span class='ocrx_word' id='word_1_306' title='bbox 1733 2766 1986 2851; x_wconf 75' lang='lat' dir='ltr'><strong>Cyrilti:</strong></span> <span class='ocrx_word' id='word_1_307' title='bbox 2020 2770 2092 2829; x_wconf 85' lang='lat' dir='ltr'><strong>ut</strong></span> <span class='ocrx_word' id='word_1_308' title='bbox 2118 2765 2279 2829; x_wconf 90' lang='lat' dir='ltr'><strong>nihil</strong></span> <span class='ocrx_word' id='word_1_309' title='bbox 2308 2765 2513 2830; x_wconf 89' lang='lat' dir='ltr'><strong>dicam</strong></span> <span class='ocrx_word' id='word_1_310' title='bbox 2541 2765 2617 2828; x_wconf 90' lang='lat' dir='ltr'><strong>de</strong></span> <span class='ocrx_word' id='word_1_311' title='bbox 2642 2765 2909 2848; x_wconf 88' lang='lat' dir='ltr'><strong>privatis</strong></span> <span class='ocrx_word' id='word_1_312' title='bbox 2942 2789 3051 2830; x_wconf 76' lang='lat' dir='ltr'><strong>va-</strong></span> 
     </span>
     <span class='ocr_line' id='line_1_28' title="bbox 151 2853 3051 2940; baseline 0.001 -25"><span class='ocrx_word' id='word_1_313' title='bbox 151 2853 362 2918; x_wconf 86' lang='lat' dir='ltr'><strong>riorum</strong></span> <span class='ocrx_word' id='word_1_314' title='bbox 415 2855 690 2938; x_wconf 82' lang='lat' dir='ltr'><strong>scriptiS,</strong></span> <span class='ocrx_word' id='word_1_315' title='bbox 747 2859 792 2920; x_wconf 71' lang='lat'><strong>81</strong></span> <span class='ocrx_word' id='word_1_316' title='bbox 839 2854 1111 2937; x_wconf 87' lang='lat' dir='ltr'><strong>publicis</strong></span> <span class='ocrx_word' id='word_1_317' title='bbox 1154 2855 1545 2940; x_wconf 73' lang='lat' dir='ltr'><strong>eucliolo‹¹·iis</strong></span> <span class='ocrx_word' id='word_1_318' title='bbox 1570 2855 1930 2938; x_wconf 76' lang='lat' dir='ltr'><strong>&amp;liturgiis</strong></span> <span class='ocrx_word' id='word_1_319' title='bbox 1961 2853 2255 2918; x_wconf 87' lang='lat' dir='ltr'><strong>Graecor.</strong></span> <span class='ocrx_word' id='word_1_320' title='bbox 2280 2853 2640 2918; x_wconf 86' lang='lat' dir='ltr'><strong>Armenior.</strong></span> <span class='ocrx_word' id='word_1_321' title='bbox 2671 2854 3051 2938; x_wconf 88' lang='lat' dir='ltr'><strong>Aegyptior.</strong></span> 
     </span>
     <span class='ocr_line' id='line_1_29' title="bbox 151 2939 3053 3027; baseline 0.001 -22"><span class='ocrx_word' id='word_1_322' title='bbox 151 2939 337 3026; x_wconf 79' lang='lat' dir='ltr'><strong>Syror.</strong></span> <span class='ocrx_word' id='word_1_323' title='bbox 390 2943 802 3026; x_wconf 84' lang='lat' dir='ltr'><strong>Aethiopum,</strong></span> <span class='ocrx_word' id='word_1_324' title='bbox 853 2942 1255 3006; x_wconf 88' lang='lat' dir='ltr'><strong>Moscovitar.</strong></span> <span class='ocrx_word' id='word_1_325' title='bbox 1321 2944 1551 3007; x_wconf 81' lang='lat' dir='ltr'><strong>Exstat</strong></span> <span class='ocrx_word' id='word_1_326' title='bbox 1584 2943 1779 3006; x_wconf 87' lang='lat' dir='ltr'><strong>etiam</strong></span> <span class='ocrx_word' id='word_1_327' title='bbox 1803 2945 2205 3027; x_wconf 75' lang='lat' dir='ltr'><strong>Responsum</strong></span> <span class='ocrx_word' id='word_1_328' title='bbox 2239 2943 2468 3008; x_wconf 79' lang='lat' dir='ltr'><strong>Basilii</strong></span> <span class='ocrx_word' id='word_1_329' title='bbox 2491 2943 2667 3007; x_wconf 79' lang='lat' dir='ltr'><strong>dacis</strong></span> <span class='ocrx_word' id='word_1_330' title='bbox 2696 2945 3053 3008; x_wconf 74' lang='lat' dir='ltr'><strong>lloscoram</strong></span> 
     </span>
     <span class='ocr_line' id='line_1_30' title="bbox 149 3031 3055 3117; baseline 0 -24"><span class='ocrx_word' id='word_1_331' title='bbox 149 3053 294 3095; x_wconf 81' lang='lat' dir='ltr'><strong>anno</strong></span> <span class='ocrx_word' id='word_1_332' title='bbox 335 3033 521 3096; x_wconf 78' lang='lat'><strong>1570.</strong></span> <span class='ocrx_word' id='word_1_333' title='bbox 549 3033 634 3096; x_wconf 78' lang='lat' dir='ltr'><strong>att</strong></span> <span class='ocrx_word' id='word_1_334' title='bbox 664 3031 805 3096; x_wconf 83' lang='lat' dir='ltr'><strong>Joh.</strong></span> <span class='ocrx_word' id='word_1_335' title='bbox 829 3032 1080 3098; x_wconf 82' lang='lat' dir='ltr'><strong>Robitae</strong></span> <span class='ocrx_word' id='word_1_336' title='bbox 1106 3035 1575 3117; x_wconf 57' lang='lat' dir='ltr'><strong>consessionem</strong></span> <span class='ocrx_word' id='word_1_337' title='bbox 1603 3033 1959 3115; x_wconf 77' lang='lat' dir='ltr'><strong>ut11&#39;cap.:-3.</strong></span> <span class='ocrx_word' id='word_1_338' title='bbox 1987 3032 2049 3097; x_wconf 78' lang='lat' dir='ltr'><strong>a·</strong></span> <span class='ocrx_word' id='word_1_339' title='bbox 2074 3033 2133 3094; x_wconf 95' lang='grc'><strong>6.</strong></span> <span class='ocrx_word' id='word_1_340' title='bbox 2185 3031 2533 3095; x_wconf 88' lang='lat' dir='ltr'><strong>Christiani</strong></span> <span class='ocrx_word' id='word_1_341' title='bbox 2560 3031 2817 3095; x_wconf 87' lang='lat' dir='ltr'><strong>nomine</strong></span> <span class='ocrx_word' id='word_1_342' title='bbox 2841 3032 3055 3115; x_wconf 83' lang='lat' dir='ltr'><strong>privat</strong></span> 
     </span>
     <span class='ocr_line' id='line_1_31' title="bbox 149 3117 3047 3205; baseline 0.002 -25"><span class='ocrx_word' id='word_1_343' title='bbox 149 3117 202 3181; x_wconf 88' lang='lat' dir='ltr'><strong>in</strong></span> <span class='ocrx_word' id='word_1_344' title='bbox 245 3120 356 3186; x_wconf 88' lang='lat' dir='ltr'><strong>hoc</strong></span> <span class='ocrx_word' id='word_1_345' title='bbox 400 3122 698 3205; x_wconf 82' lang='lat' dir='ltr'><strong>dogmate</strong></span> <span class='ocrx_word' id='word_1_346' title='bbox 747 3121 1224 3184; x_wconf 83' lang='lat' dir='ltr'><strong>dissentientes:</strong></span> <span class='ocrx_word' id='word_1_347' title='bbox 1285 3123 1393 3184; x_wconf 87' lang='lat' dir='ltr'><strong>sed</strong></span> <span class='ocrx_word' id='word_1_348' title='bbox 1419 3121 1806 3186; x_wconf 87' lang='lat' dir='ltr'><strong>calumniose</strong></span> <span class='ocrx_word' id='word_1_349' title='bbox 1839 3122 1905 3185; x_wconf 91' lang='lat' dir='ltr'><strong>id</strong></span> <span class='ocrx_word' id='word_1_350' title='bbox 1931 3121 2212 3204; x_wconf 87' lang='lat' dir='ltr'><strong>applicat</strong></span> <span class='ocrx_word' id='word_1_351' title='bbox 2239 3121 2531 3184; x_wconf 87' lang='lat' dir='ltr'><strong>ministro</strong></span> <span class='ocrx_word' id='word_1_352' title='bbox 2556 3119 2655 3183; x_wconf 90' lang='lat' dir='ltr'><strong>illi</strong></span> <span class='ocrx_word' id='word_1_353' title='bbox 2680 3120 3047 3186; x_wconf 88' lang='lat' dir='ltr'><strong>reformato.</strong></span> 
     </span>
     <span class='ocr_line' id='line_1_32' title="bbox 149 3207 3049 3294; baseline 0.002 -26"><span class='ocrx_word' id='word_1_354' title='bbox 149 3207 238 3270; x_wconf 77' lang='lat' dir='ltr'><strong>Ad</strong></span> <span class='ocrx_word' id='word_1_355' title='bbox 267 3209 818 3274; x_wconf 79' lang='lat' dir='ltr'><strong>Christianismum</strong></span> <span class='ocrx_word' id='word_1_356' title='bbox 845 3209 1300 3274; x_wconf 88' lang='lat' dir='ltr'><strong>occidentalem</strong></span> <span class='ocrx_word' id='word_1_357' title='bbox 1328 3215 1472 3294; x_wconf 90' lang='lat' dir='ltr'><strong>post</strong></span> <span class='ocrx_word' id='word_1_358' title='bbox 1497 3215 1784 3293; x_wconf 86' lang='lat' dir='ltr'><strong>tempora</strong></span> <span class='ocrx_word' id='word_1_359' title='bbox 1809 3209 2303 3287; x_wconf 86' lang='lat' dir='ltr'><strong>reformationis,</strong></span> <span class='ocrx_word' id='word_1_360' title='bbox 2330 3209 2386 3272; x_wconf 90' lang='lat' dir='ltr'><strong>si</strong></span> <span class='ocrx_word' id='word_1_361' title='bbox 2408 3209 2783 3286; x_wconf 81' lang='lat' dir='ltr'><strong>accedimuS,</strong></span> <span class='ocrx_word' id='word_1_362' title='bbox 2804 3231 3049 3292; x_wconf 90' lang='lat' dir='ltr'><strong>compe·</strong></span> 
     </span>
     <span class='ocr_line' id='line_1_33' title="bbox 149 3297 3049 3382; baseline 0.001 -24"><span class='ocrx_word' id='word_1_363' title='bbox 149 3297 361 3362; x_wconf 84' lang='lat' dir='ltr'><strong>riemus</strong></span> <span class='ocrx_word' id='word_1_364' title='bbox 405 3299 571 3363; x_wconf 87' lang='lat' dir='ltr'><strong>inter</strong></span> <span class='ocrx_word' id='word_1_365' title='bbox 595 3321 814 3363; x_wconf 88' lang='lat' dir='ltr'><strong>omnes</strong></span> <span class='ocrx_word' id='word_1_366' title='bbox 847 3299 1254 3378; x_wconf 88' lang='lat' dir='ltr'><strong>mutationes,</strong></span> <span class='ocrx_word' id='word_1_367' title='bbox 1281 3299 1712 3377; x_wconf 83' lang='lat' dir='ltr'><strong>discessiones,</strong></span> <span class='ocrx_word' id='word_1_368' title='bbox 1739 3299 2027 3361; x_wconf 84' lang='lat' dir='ltr'><strong>funestas</strong></span> <span class='ocrx_word' id='word_1_369' title='bbox 2053 3298 2475 3380; x_wconf 87' lang='lat' dir='ltr'><strong>disceptiones</strong></span> <span class='ocrx_word' id='word_1_370' title='bbox 2507 3297 2697 3381; x_wconf 87' lang='lat' dir='ltr'><strong>hujus</strong></span> <span class='ocrx_word' id='word_1_371' title='bbox 2731 3298 3049 3382; x_wconf 85' lang='lat' dir='ltr'><strong>dogmatis</strong></span> 
     </span>
     <span class='ocr_line' id='line_1_34' title="bbox 149 3383 3049 3471; baseline 0.001 -25"><span class='ocrx_word' id='word_1_372' title='bbox 149 3383 562 3471; x_wconf 81' lang='lat' dir='ltr'><strong>integritatem</strong></span> <span class='ocrx_word' id='word_1_373' title='bbox 621 3389 666 3452; x_wconf 65' lang='lat'><strong>82</strong></span> <span class='ocrx_word' id='word_1_374' title='bbox 717 3387 1160 3452; x_wconf 87' lang='lat' dir='ltr'><strong>necessitatem</strong></span> <span class='ocrx_word' id='word_1_375' title='bbox 1209 3409 1334 3452; x_wconf 90' lang='lat' dir='ltr'><strong>uno</strong></span> <span class='ocrx_word' id='word_1_376' title='bbox 1380 3389 1514 3452; x_wconf 87' lang='lat' dir='ltr'><strong>zelo</strong></span> <span class='ocrx_word' id='word_1_377' title='bbox 1561 3387 1641 3451; x_wconf 88' lang='lat' dir='ltr'><strong>ab</strong></span> <span class='ocrx_word' id='word_1_378' title='bbox 1681 3387 1977 3451; x_wconf 89' lang='lat' dir='ltr'><strong>omnibus</strong></span> <span class='ocrx_word' id='word_1_379' title='bbox 2002 3391 2332 3450; x_wconf 86' lang='lat' dir='ltr'><strong>assertam.</strong></span> <span class='ocrx_word' id='word_1_380' title='bbox 2384 3386 2481 3450; x_wconf 92' lang='lat' dir='ltr'><strong>De</strong></span> <span class='ocrx_word' id='word_1_381' title='bbox 2508 3385 2857 3450; x_wconf 82' lang='lat' dir='ltr'><strong>l&#39;ontificiis</strong></span> <span class='ocrx_word' id='word_1_382' title='bbox 2883 3385 3049 3450; x_wconf 80' lang='lat' dir='ltr'><strong>infra</strong></span> 
     </span>
     <span class='ocr_line' id='line_1_35' title="bbox 148 3472 3053 3561; baseline 0.001 -27"><span class='ocrx_word' id='word_1_383' title='bbox 148 3472 420 3540; x_wconf 85' lang='lat' dir='ltr'><strong>dicemus.</strong></span> <span class='ocrx_word' id='word_1_384' title='bbox 489 3475 580 3540; x_wconf 80' lang='lat' dir='ltr'><strong>Et</strong></span> <span class='ocrx_word' id='word_1_385' title='bbox 653 3475 1178 3540; x_wconf 86' lang='lat' dir='ltr'><strong>Remonstrantes</strong></span> <span class='ocrx_word' id='word_1_386' title='bbox 1247 3479 1500 3561; x_wconf 71' lang='lat' dir='ltr'><strong>Apoloq.</strong></span> <span class='ocrx_word' id='word_1_387' title='bbox 1566 3476 1783 3540; x_wconf 89' lang='lat' dir='ltr'><strong>dicunt</strong></span> <span class='ocrx_word' id='word_1_388' title='bbox 1845 3499 1952 3539; x_wconf 85' lang='lat' dir='ltr'><strong>cos</strong></span> <span class='ocrx_word' id='word_1_389' title='bbox 2016 3498 2150 3540; x_wconf 91' lang='lat' dir='ltr'><strong>esse</strong></span> <span class='ocrx_word' id='word_1_390' title='bbox 2201 3475 2508 3558; x_wconf 89' lang='lat' dir='ltr'><strong>primores</strong></span> <span class='ocrx_word' id='word_1_391' title='bbox 2559 3474 2743 3556; x_wconf 87' lang='lat' dir='ltr'><strong>hujus</strong></span> <span class='ocrx_word' id='word_1_392' title='bbox 2799 3474 3053 3540; x_wconf 84' lang='lat' dir='ltr'><strong>articuli</strong></span> 
     </span>
    </p>

    <p class='ocr_par' dir='ltr' id='par_1_3' title="bbox 145 3561 3059 4602">
     <span class='ocr_line' id='line_1_36' title="bbox 149 3561 504 3629; baseline 0.017 -6"><span class='ocrx_word' id='word_1_393' title='bbox 149 3561 504 3629; x_wconf 84' lang='lat' dir='ltr'><strong>defensores.</strong></span> 
     </span>
     <span class='ocr_line' id='line_1_37' title="bbox 229 3650 3052 3753; baseline -0 -38"><span class='ocrx_word' id='word_1_394' title='bbox 229 3651 648 3718; x_wconf 76' lang='lat' dir='ltr'><strong>protestantes</strong></span> <span class='ocrx_word' id='word_1_395' title='bbox 695 3653 741 3718; x_wconf 65' lang='lat' dir='ltr'><strong>a</strong></span> <span class='ocrx_word' id='word_1_396' title='bbox 791 3652 1149 3718; x_wconf 83' lang='lat' dir='ltr'><strong>Reformati</strong></span> <span class='ocrx_word' id='word_1_397' title='bbox 1200 3655 1567 3719; x_wconf 87' lang='lat' dir='ltr'><strong>insistentes</strong></span> <span class='ocrx_word' id='word_1_398' title='bbox 1595 3653 1883 3753; x_wconf 80' lang='lat' dir='ltr'><strong>vestigiis</strong></span> <span class='ocrx_word' id='word_1_399' title='bbox 1916 3652 2381 3730; x_wconf 89' lang='lat' dir='ltr'><strong>Waldensium,</strong></span> <span class='ocrx_word' id='word_1_400' title='bbox 2417 3651 2881 3735; x_wconf 81' lang='lat' dir='ltr'><strong>Albigensium,</strong></span> <span class='ocrx_word' id='word_1_401' title='bbox 2908 3650 3052 3714; x_wconf 92' lang='lat' dir='ltr'><strong>Wi—</strong></span> 
     </span>
     <span class='ocr_line' id='line_1_38' title="bbox 150 3739 3055 3826; baseline 0.001 -26"><span class='ocrx_word' id='word_1_402' title='bbox 150 3739 532 3817; x_wconf 84' lang='lat' dir='ltr'><strong>clelistarum,</strong></span> <span class='ocrx_word' id='word_1_403' title='bbox 581 3741 1029 3818; x_wconf 88' lang='lat' dir='ltr'><strong>Bohemorum,</strong></span> <span class='ocrx_word' id='word_1_404' title='bbox 1086 3742 1502 3826; x_wconf 87' lang='lat' dir='ltr'><strong>aliorumque,</strong></span> <span class='ocrx_word' id='word_1_405' title='bbox 1553 3743 1714 3825; x_wconf 55' lang='lat' dir='ltr'><strong>qui(</strong></span> <span class='ocrx_word' id='word_1_406' title='bbox 1698 3742 2015 3806; x_wconf 89' lang='lat' dir='ltr'><strong>antehac</strong></span> <span class='ocrx_word' id='word_1_407' title='bbox 1995 3766 2032 3805; x_wconf 89' lang='lat' dir='ltr'><strong>a</strong></span> <span class='ocrx_word' id='word_1_408' title='bbox 2057 3741 2310 3824; x_wconf 84' lang='lat' dir='ltr'><strong>Papatu</strong></span> <span class='ocrx_word' id='word_1_409' title='bbox 2332 3741 2769 3818; x_wconf 86' lang='lat' dir='ltr'><strong>discesserant,</strong></span> <span class='ocrx_word' id='word_1_410' title='bbox 2798 3745 2911 3803; x_wconf 90' lang='lat' dir='ltr'><strong>aut</strong></span> <span class='ocrx_word' id='word_1_411' title='bbox 2936 3741 3055 3804; x_wconf 83' lang='lat' dir='ltr'><strong>sub</strong></span> 
     </span>
     <span class='ocr_line' id='line_1_39' title="bbox 145 3827 3053 3916; baseline -0 -24"><span class='ocrx_word' id='word_1_412' title='bbox 145 3827 282 3912; x_wconf 86' lang='lat' dir='ltr'><strong>jugo</strong></span> <span class='ocrx_word' id='word_1_413' title='bbox 325 3833 456 3914; x_wconf 73' lang='lat' dir='ltr'><strong>ejus</strong></span> <span class='ocrx_word' id='word_1_414' title='bbox 485 3836 884 3916; x_wconf 85' lang='lat' dir='ltr'><strong>gemuerant,</strong></span> <span class='ocrx_word' id='word_1_415' title='bbox 909 3831 1155 3896; x_wconf 89' lang='lat' dir='ltr'><strong>nullam</strong></span> <span class='ocrx_word' id='word_1_416' title='bbox 1187 3832 1707 3896; x_wconf 87' lang='lat' dir='ltr'><strong>reformationem</strong></span> <span class='ocrx_word' id='word_1_417' title='bbox 1733 3835 1844 3894; x_wconf 88' lang='lat' dir='ltr'><strong>aut</strong></span> <span class='ocrx_word' id='word_1_418' title='bbox 1871 3831 2291 3894; x_wconf 89' lang='lat' dir='ltr'><strong>mutationem</strong></span> <span class='ocrx_word' id='word_1_419' title='bbox 2317 3829 2422 3892; x_wconf 91' lang='lat' dir='ltr'><strong>hic</strong></span> <span class='ocrx_word' id='word_1_420' title='bbox 2444 3829 2871 3911; x_wconf 88' lang='lat' dir='ltr'><strong>postularunt,</strong></span> <span class='ocrx_word' id='word_1_421' title='bbox 2901 3829 3053 3912; x_wconf 87' lang='lat' dir='ltr'><strong>quin</strong></span> 
     </span>
     <span class='ocr_line' id='line_1_40' title="bbox 151 3915 3055 3984; baseline 0.001 -8"><span class='ocrx_word' id='word_1_422' title='bbox 151 3915 320 3982; x_wconf 88' lang='lat' dir='ltr'><strong>immo</strong></span> <span class='ocrx_word' id='word_1_423' title='bbox 341 3924 706 3984; x_wconf 83' lang='lat' dir='ltr'><strong>constanter</strong></span> <span class='ocrx_word' id='word_1_424' title='bbox 729 3919 880 3983; x_wconf 89' lang='lat' dir='ltr'><strong>huic</strong></span> <span class='ocrx_word' id='word_1_425' title='bbox 913 3921 1256 3984; x_wconf 87' lang='lat' dir='ltr'><strong>universali</strong></span> <span class='ocrx_word' id='word_1_426' title='bbox 1281 3921 1477 3984; x_wconf 90' lang='lat' dir='ltr'><strong>totius</strong></span> <span class='ocrx_word' id='word_1_427' title='bbox 1503 3919 1650 3984; x_wconf 89' lang='lat' dir='ltr'><strong>fidei</strong></span> <span class='ocrx_word' id='word_1_428' title='bbox 1681 3920 2100 3984; x_wconf 87' lang='lat' dir='ltr'><strong>fundamento</strong></span> <span class='ocrx_word' id='word_1_429' title='bbox 2124 3918 2569 3982; x_wconf 88' lang='lat' dir='ltr'><strong>adhaeserunt.</strong></span> <span class='ocrx_word' id='word_1_430' title='bbox 2600 3915 2717 3981; x_wconf 80' lang='lat' dir='ltr'><strong>Oui</strong></span> <span class='ocrx_word' id='word_1_431' title='bbox 2742 3917 2835 3981; x_wconf 90' lang='lat' dir='ltr'><strong>rei</strong></span> <span class='ocrx_word' id='word_1_432' title='bbox 2866 3917 3055 3982; x_wconf 85' lang='lat' dir='ltr'><strong>fidem</strong></span> 
     </span>
     <span class='ocr_line' id='line_1_41' title="bbox 153 4005 3057 4088; baseline 0.001 -21"><span class='ocrx_word' id='word_1_433' title='bbox 153 4005 366 4072; x_wconf 79' lang='lat' dir='ltr'><strong>faciunt</strong></span> <span class='ocrx_word' id='word_1_434' title='bbox 417 4011 476 4072; x_wconf 90' lang='grc'><strong>1.</strong></span> <span class='ocrx_word' id='word_1_435' title='bbox 527 4009 879 4072; x_wconf 86' lang='lat' dir='ltr'><strong>certamina</strong></span> <span class='ocrx_word' id='word_1_436' title='bbox 925 4030 1066 4072; x_wconf 90' lang='lat' dir='ltr'><strong>cum</strong></span> <span class='ocrx_word' id='word_1_437' title='bbox 1117 4010 1380 4074; x_wconf 89' lang='lat' dir='ltr'><strong>occultis</strong></span> <span class='ocrx_word' id='word_1_438' title='bbox 1407 4013 1452 4074; x_wconf 84' lang='grc' dir='ltr'><strong>8ι</strong></span> <span class='ocrx_word' id='word_1_439' title='bbox 1477 4006 1838 4072; x_wconf 86' lang='lat' dir='ltr'><strong>manifestis</strong></span> <span class='ocrx_word' id='word_1_440' title='bbox 1872 4005 2461 4071; x_wconf 84' lang='lat' dir='ltr'><strong>Anti-Trinitariis:</strong></span> <span class='ocrx_word' id='word_1_441' title='bbox 2490 4027 2761 4088; x_wconf 90' lang='lat' dir='ltr'><strong>quorum</strong></span> <span class='ocrx_word' id='word_1_442' title='bbox 2786 4005 3057 4070; x_wconf 87' lang='lat' dir='ltr'><strong>historia</strong></span> 
     </span>
     <span class='ocr_line' id='line_1_42' title="bbox 153 4093 3056 4180; baseline 0.001 -24"><span class='ocrx_word' id='word_1_443' title='bbox 153 4093 286 4160; x_wconf 78' lang='lat' dir='ltr'><strong>alias</strong></span> <span class='ocrx_word' id='word_1_444' title='bbox 307 4098 624 4162; x_wconf 79' lang='lat' dir='ltr'><strong>textenda.</strong></span> <span class='ocrx_word' id='word_1_445' title='bbox 653 4099 714 4161; x_wconf 89' lang='lat'><strong>2.</strong></span> <span class='ocrx_word' id='word_1_446' title='bbox 743 4097 1096 4162; x_wconf 86' lang='lat' dir='ltr'><strong>Harmonia</strong></span> <span class='ocrx_word' id='word_1_447' title='bbox 1128 4097 1630 4162; x_wconf 87' lang='lat' dir='ltr'><strong>Confessionum.</strong></span> <span class='ocrx_word' id='word_1_448' title='bbox 1659 4101 1718 4161; x_wconf 82' lang='lat'><strong>3.</strong></span> <span class='ocrx_word' id='word_1_449' title='bbox 1748 4095 2217 4180; x_wconf 87' lang='lat' dir='ltr'><strong>Syncretismus</strong></span> <span class='ocrx_word' id='word_1_450' title='bbox 2250 4094 2455 4158; x_wconf 88' lang='lat' dir='ltr'><strong>omnis</strong></span> <span class='ocrx_word' id='word_1_451' title='bbox 2480 4095 2527 4159; x_wconf 66' lang='lat'><strong>80</strong></span> <span class='ocrx_word' id='word_1_452' title='bbox 2561 4095 2901 4159; x_wconf 87' lang='lat' dir='ltr'><strong>tolerantia</strong></span> <span class='ocrx_word' id='word_1_453' title='bbox 2926 4095 3056 4159; x_wconf 90' lang='lat' dir='ltr'><strong>illis</strong></span> 
     </span>
     <span class='ocr_line' id='line_1_43' title="bbox 153 4182 3059 4271; baseline 0.002 -27"><span class='ocrx_word' id='word_1_454' title='bbox 153 4191 486 4250; x_wconf 76' lang='lat' dir='ltr'><strong>constanter</strong></span> <span class='ocrx_word' id='word_1_455' title='bbox 511 4189 768 4271; x_wconf 81' lang='lat' dir='ltr'><strong>negata,</strong></span> <span class='ocrx_word' id='word_1_456' title='bbox 802 4191 996 4265; x_wconf 90' lang='lat' dir='ltr'><strong>(utut</strong></span> <span class='ocrx_word' id='word_1_457' title='bbox 1021 4185 1465 4270; x_wconf 87' lang='lat' dir='ltr'><strong>chrestologiis</strong></span> <span class='ocrx_word' id='word_1_458' title='bbox 1497 4187 1628 4250; x_wconf 89' lang='lat' dir='ltr'><strong>suis</strong></span> <span class='ocrx_word' id='word_1_459' title='bbox 1656 4207 1795 4250; x_wconf 89' lang='lat' dir='ltr'><strong>eam</strong></span> <span class='ocrx_word' id='word_1_460' title='bbox 1819 4185 2143 4268; x_wconf 84' lang='lat' dir='ltr'><strong>flagitent)</strong></span> <span class='ocrx_word' id='word_1_461' title='bbox 2185 4187 2245 4248; x_wconf 80' lang='lat'><strong>4.</strong></span> <span class='ocrx_word' id='word_1_462' title='bbox 2272 4182 2525 4248; x_wconf 87' lang='lat' dir='ltr'><strong>Nomen</strong></span> <span class='ocrx_word' id='word_1_463' title='bbox 2549 4183 3059 4250; x_wconf 77' lang='lat' dir='ltr'><strong>Christianorum</strong></span> 
     </span>
     <span class='ocr_line' id='line_1_44' title="bbox 155 4269 3056 4359; baseline -0.001 -21"><span class='ocrx_word' id='word_1_464' title='bbox 155 4269 282 4354; x_wconf 67' lang='lat' dir='ltr'><strong>ipsis</strong></span> <span class='ocrx_word' id='word_1_465' title='bbox 325 4277 740 4359; x_wconf 83' lang='lat' dir='ltr'><strong>negatum.5</strong></span> <span class='ocrx_word' id='word_1_466' title='bbox 703 4273 1226 4357; x_wconf 53' lang='lat' dir='ltr'><strong>aperemptoria</strong></span> <span class='ocrx_word' id='word_1_467' title='bbox 1255 4275 1532 4339; x_wconf 80' lang='lat' dir='ltr'><strong>exclusio</strong></span> <span class='ocrx_word' id='word_1_468' title='bbox 1558 4296 1794 4348; x_wconf 87' lang='lat' dir='ltr'><strong>eorum,</strong></span> <span class='ocrx_word' id='word_1_469' title='bbox 1831 4279 2012 4337; x_wconf 82' lang='lat' dir='ltr'><strong>extra</strong></span> <span class='ocrx_word' id='word_1_470' title='bbox 2044 4272 2259 4337; x_wconf 86' lang='lat' dir='ltr'><strong>omnia</strong></span> <span class='ocrx_word' id='word_1_471' title='bbox 2280 4271 2544 4337; x_wconf 87' lang='lat' dir='ltr'><strong>consilia</strong></span> <span class='ocrx_word' id='word_1_472' title='bbox 2570 4273 2743 4354; x_wconf 89' lang='lat' dir='ltr'><strong>pacis</strong></span> <span class='ocrx_word' id='word_1_473' title='bbox 2768 4276 2881 4337; x_wconf 88' lang='lat' dir='ltr'><strong>aut</strong></span> <span class='ocrx_word' id='word_1_474' title='bbox 2906 4295 3056 4358; x_wconf 83' lang='lat' dir='ltr'><strong>syn-</strong></span> 
     </span>
     <span class='ocr_line' id='line_1_45' title="bbox 154 4359 3056 4440; baseline 0.001 -18"><span class='ocrx_word' id='word_1_475' title='bbox 154 4363 402 4427; x_wconf 83' lang='lat' dir='ltr'><strong>cretismi</strong></span> <span class='ocrx_word' id='word_1_476' title='bbox 449 4369 564 4428; x_wconf 87' lang='lat' dir='ltr'><strong>aut</strong></span> <span class='ocrx_word' id='word_1_477' title='bbox 613 4361 1028 4427; x_wconf 79' lang='lat' dir='ltr'><strong>Interimismi</strong></span> <span class='ocrx_word' id='word_1_478' title='bbox 1055 4364 1222 4428; x_wconf 87' lang='lat' dir='ltr'><strong>inter</strong></span> <span class='ocrx_word' id='word_1_479' title='bbox 1251 4363 1681 4428; x_wconf 84' lang='lat' dir='ltr'><strong>l&#39;rotestantes</strong></span> <span class='ocrx_word' id='word_1_480' title='bbox 1707 4370 1750 4424; x_wconf 69' lang='grc' dir='ltr'><strong>δι</strong></span> <span class='ocrx_word' id='word_1_481' title='bbox 1781 4361 2167 4440; x_wconf 63' lang='lat' dir='ltr'><strong>pontificios,</strong></span> <span class='ocrx_word' id='word_1_482' title='bbox 2202 4383 2453 4426; x_wconf 89' lang='lat' dir='ltr'><strong>rursum</strong></span> <span class='ocrx_word' id='word_1_483' title='bbox 2478 4359 2646 4425; x_wconf 90' lang='lat' dir='ltr'><strong>inter</strong></span> <span class='ocrx_word' id='word_1_484' title='bbox 2678 4362 3056 4426; x_wconf 88' lang='lat' dir='ltr'><strong>reformatos</strong></span> 
     </span>
     <span class='ocr_line' id='line_1_46' title="bbox 155 4447 3057 4537; baseline -0 -25"><span class='ocrx_word' id='word_1_485' title='bbox 155 4447 192 4512; x_wconf 66' lang='grc' dir='ltr'>ἃ</span> <span class='ocrx_word' id='word_1_486' title='bbox 217 4448 620 4534; x_wconf 82' lang='lat' dir='ltr'><strong>Lutheranos,</strong></span> <span class='ocrx_word' id='word_1_487' title='bbox 651 4452 922 4536; x_wconf 87' lang='lat' dir='ltr'><strong>denique</strong></span> <span class='ocrx_word' id='word_1_488' title='bbox 950 4451 1118 4516; x_wconf 89' lang='lat' dir='ltr'><strong>inter</strong></span> <span class='ocrx_word' id='word_1_489' title='bbox 1149 4475 1556 4537; x_wconf 85' lang='lat' dir='ltr'><strong>quoscunque</strong></span> <span class='ocrx_word' id='word_1_490' title='bbox 1581 4452 1736 4516; x_wconf 86' lang='lat' dir='ltr'><strong>alibi</strong></span> <span class='ocrx_word' id='word_1_491' title='bbox 1755 4451 2155 4518; x_wconf 82' lang='lat' dir='ltr'><strong>dissidentes,</strong></span> <span class='ocrx_word' id='word_1_492' title='bbox 2178 4449 2250 4516; x_wconf 85' lang='lat' dir='ltr'><strong>Si</strong></span> <span class='ocrx_word' id='word_1_493' title='bbox 2266 4455 2715 4536; x_wconf 87' lang='lat' dir='ltr'><strong>percurrantur</strong></span> <span class='ocrx_word' id='word_1_494' title='bbox 2732 4449 3057 4526; x_wconf 78' lang='lat' dir='ltr'><strong>historiae,</strong></span> 
     </span>
     <span class='ocr_line' id='line_1_47' title="bbox 2833 4539 3056 4602; baseline -0.009 0"><span class='ocrx_word' id='word_1_495' title='bbox 2833 4539 2879 4602; x_wconf 72' lang='lat' dir='ltr'><strong>St</strong></span> <span class='ocrx_word' id='word_1_496' title='bbox 2914 4559 3056 4600; x_wconf 80' lang='lat' dir='ltr'><strong>sex-</strong></span> 
     </span>
    </p>
   </div>
  </div>
 </body>
</html>
