3694 4871
521 339 1903 408 DocuAr1snnSS.Tn1mrArr..
1971 341 2197 408 Pius
2258 366 2613 408 aarum.
2951 345 3034 409 97

129 533 391 593 nostrum
436 528 760 593 internum
793 532 904 593 aut
941 530 1276 592 externum
1303 550 1438 591 esse
1465 527 1649 591 illum
1675 528 2007 593 colendum
2034 529 2079 594 δι
2104 528 2514 609 adorandum,
2546 529 2826 613 quicum
2850 534 3035 614 patre

129 620 168 683 a
197 616 318 681 filio
341 622 437 681 est
461 616 762 691 ὲμσοὺσ-ιος
786 615 992 691 Deus;
1020 620 1092 680 ut
1121 615 1242 681 hoc
1273 615 1626 681 etiamnum
1650 618 1688 679 a
1712 616 1842 679 suis
1869 616 2036 681 credi
2063 638 2215 700 prae
2248 640 2314 683 se
2340 616 2558 683 ferunt
2582 614 3035 683 Remonstrau·

129 711 230 771 tes.
257 708 313 769 3.
363 706 514 771 Pari
537 706 786 770 ratione
811 705 932 769 dici
959 709 1174 788 posset
1197 703 1703 769 Muhamedistas
1735 703 2063 769 Christum
2094 705 2429 786 honorare,
2455 728 2781 790 quousque
2797 706 3039 771 intelli-

129 800 270 880 gunt
292 801 332 857 δι
357 798 748 879 cognoscunt
772 816 916 857 eum
942 792 1416 869 honorandum3
1441 816 1558 857 uec
1583 797 1798 857 tamen
1822 793 1964 857 ideo
1990 816 2097 859 eos
2120 794 2187 857 in
2213 796 2721 859 communionem
2750 798 3039 861 nostram

131 888 411 966 tanquam
463 884 662 947 bonos
709 881 1108 947 Christianos
1155 881 1434 965 recipere
1483 881 1784 955 velimus;
1835 882 1931 946 uti
1963 905 2079 946 nec
2121 882 2647 948 Remonstrantes
2671 883 2737 948 id
2760 882 3039 950 facturos

129 972 366 1037 arbitro,
415 974 478 1037 4.
527 972 710 1035 Adde
757 969 1122 1035 Pontificios
1177 969 1541 1053 protestari,
1574 992 1641 1033 se
1666 975 1995 1035 aeternum
2020 970 2225 1036 filium
2252 969 2373 1036 Dei
2400 972 2666 1037 eundem
2691 993 2836 1036 cum
2860 978 3041 1057 patre

129 1060 314 1125 Deum
337 1060 624 1139 adorare,
649 1082 792 1123 cum
816 1081 1046 1142 panem
1071 1057 1562 1123 eucharisticum
1607 1058 1905 1122 adorant:
1964 1061 2129 1123 unde
2154 1064 2369 1124 tamen
2394 1082 2520 1125 non
2546 1061 2837 1144 sequitur
2860 1082 3033 1127 erro-

131 1172 246 1215 rem
271 1172 392 1213 nou
417 1172 556 1213 esse
580 1147 842 1213 noxium
867 1153 980 1211 aut
1003 1146 1568 1227 fundamentalem.
1616 1148 1677 1211 5.
1721 1146 1894 1223 Quin
1944 1150 1991 1214 ἃ
2035 1146 2077 1211 J
2082 1148 2268 1212 udaei
2298 1149 2646 1232 protestari
2670 1154 2949 1232 possent,
2972 1172 3040 1215 se

36 1236 38 1241 ’
131 1238 272 1302 nihil
317 1237 494 1302 aliud
546 1237 874 1306 intendere
929 1258 1124 1319 quam
1171 1239 1244 1299 ut
1267 1235 1530 1299 adorent
1555 1258 1627 1300 ac
1653 1236 1865 1299 colant
1888 1258 2085 1299 unum
2112 1237 2319 1301 solum
2342 1259 2563 1302 verum
2589 1236 2831 1321 Deum3
2860 1238 2971 1322 qui
2993 1238 3041 1305 ἃ

130 1332 421 1411 quatenus
467 1349 536 1390 se
561 1325 628 1388 in
661 1324 914 1408 scriptis
939 1322 1019 1387 V.
1053 1321 1127 1387 T.
1153 1322 1476 1408 patefecit.
1526 1322 1628 1387 An
1655 1322 1796 1387 ideo
1828 1324 2187 1389 dicerentur
2208 1348 2334 1389 non
2360 1348 2571 1389 errare
2594 1325 3041 1391 fundamenta·

134 1416 278 1494 liter,
325 1418 370 1482 ἃ
403 1418 442 1479 ὲ.
467 1412 1072 1479 Remonstrantibus
1097 1412 1164 1476 in
1195 1411 1698 1476 communionem
1727 1412 2221 1478 ecclesiasticam
2244 1414 2678 1497 reciperentur
2701 1417 2731 1479 P
2763 1412 2849 1480 II.
2902 1414 3039 1501 obj.

131 1503 274 1569 Sunt
297 1502 670 1581 Christiani,
703 1504 750 1567 &
778 1502 939 1565 tales
964 1523 1030 1565 se
1062 1501 1461 1583 profitentur,
1488 1500 1534 1565 a
1560 1501 1826 1565 verbum
1861 1499 1981 1565 Dei
2028 1505 2334 1585 tanquam
2382 1502 2641 1567 unicum
2665 1501 2814 1567 fidei
2836 1524 3039 1568 cano-

133 1616 258 1657 nem
283 1592 617 1677 recipiunt.
667 1591 847 1674 Hesp.
897 1588 1414 1672 Quamplurimos
1447 1590 1732 1653 invenias
1757 1588 1925 1653 inter
1948 1590 2245 1674 antiquos
2277 1592 2323 1657 δι
2353 1590 2732 1655 recentiores
2762 1590 3041 1658 haereti·

133 1704 222 1745 cos
249 1682 358 1765 qui
405 1681 628 1745 eadem
671 1677 1130 1762 protestatione
1179 1682 1270 1741 uti
1318 1682 1577 1761 possent
1617 1677 1725 1761 qui
1751 1682 1967 1741 tamen
1993 1700 2066 1741 eo
2093 1679 2231 1761 ipso
2255 1702 2380 1744 non
2406 1684 2555 1745 sunt
2578 1680 2871 1745 meliores
2896 1702 2949 1745 e.
2974 1702 3039 1767 g.

133 1768 502 1847 Nestoriani,
549 1766 960 1852 Eutychiani,
1010 1764 1492 1843 Monothelitae,
1541 1764 1913 1843 Sabelliani,
1963 1766 2070 1850 qui
2099 1768 2402 1851 postremi
2442 1771 2659 1831 tamen
2676 1769 2757 1833 ab
2782 1768 3041 1836 Acontio

137 1856 714 1923 Remonstrantibus
759 1859 1092 1939 tantopere
1139 1855 1396 1918 laudato
1441 1858 1622 1918 extra
1668 1877 1903 1919 novum
1950 1855 2149 1938 ipsius
2197 1855 2583 1921 catholicum
2606 1856 2967 1943 symbolum
2994 1860 3041 1925 ἃ

135 1948 622 2012 communionem
671 1966 782 2009 seu
830 1943 1316 2027 syncretismum
1363 1943 1771 2019 collocantur,
1821 1944 1973 2026 quia
2020 1948 2313 2009 statuunt
2366 1944 2572 2008 filium
2615 1967 2753 2011 esse
2778 1946 3035 2011 eandem

139 2058 449 2119 personam
474 2054 618 2099 cum
645 2036 847 2117 patre.
897 2030 995 2095 De
1027 2031 1325 2095 fanaticis
1358 2031 1688 2115 quibusvis
1720 2030 2296 2115 Anabaptistarum
2321 2034 2509 2097 sectis
2541 2032 2709 2098 idem
2734 2034 2857 2099 dici
2880 2057 3039 2119 pos-

135 2129 233 2189 set.
279 2125 376 2189 Ex
425 2122 778 2187 pontificiis
831 2120 1090 2187 Michael
1137 2121 1338 2203 Bajas
1385 2120 1456 2183 in
1499 2121 1921 2202 disputatione
1967 2122 2041 2186 dc
2084 2120 2462 2187 eucharistia
2482 2134 2700 2188 cont-ra
2732 2120 2795 2187 N
2798 2122 3044 2190 obiliss.

137 2212 324 2279 Sancl.
376 2211 752 2297 Aldeqondii
804 2210 1136 2275 dominum
1175 2231 1249 2273 eo
1304 2208 1642 2288 descendit,
1693 2212 1764 2273 ut
1809 2210 2304 2274 controversiam
2351 2210 2701 2294 scripturae
2733 2214 3041 2294 tanquam

138 2303 302 2367 unico
323 2298 640 2385 principio
667 2298 926 2383 &judici
951 2296 1413 2361 terminandam
1439 2298 1824 2361 concederet.
1874 2296 1978 2361 An
2005 2298 2145 2361 ideo
2184 2303 2495 2383 negarent
2516 2296 3040 2365 Remonstrantes
3112 2346 3123 2358 .

141 2391 394 2476 reliquos
441 2408 660 2455 omnes
705 2387 907 2472 ipsius
952 2408 1192 2451 errores
1242 2386 1318 2451 de
1343 2385 1649 2451 sacrificio
1674 2386 1926 2465 missae,
1953 2386 2028 2451 de
2054 2386 2597 2454 satisfactionibus
2620 2386 2938 2470 humaniS,
2964 2388 3040 2454 de

137 2482 294 2544 cultu
337 2479 695 2564 imaginum
741 2479 843 2542 διο.
870 2499 1006 2540 esse
1036 2475 1567 2554 fundamentales,
1593 2476 1825 2559 quibus
1856 2498 1983 2540 nou
2006 2476 2409 2540 obstantibus
2434 2477 2514 2541 ad
2537 2477 3041 2543 communionem

141 2574 400 2633 nostram
447 2565 876 2631 admittendus
925 2568 1091 2628 esset
1116 2568 1146 2628 P
1193 2561 1311 2628 ΙΙΙ.
1365 2564 1499 2647 obj.
1547 2563 1849 2648 Diligunt
1881 2565 2207 2634 domiuum
2230 2563 2274 2630 J
2278 2588 2454 2629 esum
2479 2566 2524 2630 δι
2550 2587 2627 2628 ex
2651 2564 2878 2630 intimo
2906 2566 3040 2650 ejus

139 2678 352 2736 amore,
396 2662 472 2721 ut
516 2658 563 2721 ἃ
599 2654 774 2718 verbi
797 2676 871 2717 ac
894 2651 1184 2716 veritatis
1209 2652 1343 2735 ejus
1369 2652 1459 2716 sic
1482 2674 1548 2715 se
1581 2653 1831 2717 credere
1858 2675 1930 2716 ac
1958 2653 2213 2729 sentire,
2240 2677 2355 2718 uec
2380 2676 2445 2718 se
2472 2653 2660 2718 aliter
2682 2676 2867 2737 posse
2892 2677 3039 2738 pro-

139 2751 463 2810 testantur:
512 2744 605 2807 ita
651 2746 725 2806 ut
769 2740 1114 2805 anathema
1161 2740 1433 2824 apostoli
1479 2742 1508 2803 1
1553 2741 1830 2805 Corinth.
1863 2743 1964 2806 16.
1996 2743 2099 2804 22.
2128 2741 2257 2806 illis
2282 2741 2493 2826 aptari
2516 2746 2809 2826 nequeat.
2856 2743 3038 2829 Hesp.

145 2833 194 2898 l.
233 2833 405 2899 Idem
454 2834 893 2917 protestantur
942 2828 1280 2908 Pontificii,
1328 2831 1374 2895 8⁶
1402 2828 1572 2892 iuter
1601 2829 1746 2893 illos
1779 2830 2056 2893 maxime
2080 2829 2364 2894 omnium
2389 2830 2625 2915 Papae,
2652 2829 3040 2912 Cardinales,

139 2921 440 3007 Episcopi,
466 2920 776 2997 AbbateS,
801 2917 1245 3002 Inquisitores,
1271 2923 1370 2982 διο.
1395 2939 1538 2982 cum
1564 2917 1899 3002 imagineS‚
1932 2923 2202 2996 sanctOS,
2228 2918 2510 3003 ang‹·IOS,
2536 2940 2765 3002 panem
2807 2921 3041 2986 eucha-

141 3011 406 3076 risticum
450 3011 738 3088 adorant,
773 3008 1155 3090 scripturam
1202 3011 1616 3070 contemnunt
1664 3005 1710 3070 St
1758 3007 2098 3071 traducunt
2111 3030 2129 3090 ;
2178 3029 2322 3072 vere
2356 3007 2535 3093 [pag.
2564 3007 2726 3094 497]
2753 3007 2971 3074 fideles
2995 3013 3042 3076 δι

141 3101 260 3182 pios
283 3103 748 3184 persequuntur
771 3097 818 3163 δι
842 3095 1313 3171 excarnificant,
1361 3093 1674 3172 millenas,
1701 3095 2019 3178 perfidias,
2050 3094 2461 3178 proditioneS,
2494 3095 2833 3178 parricidia
2856 3119 3041 3163 exco-

139 3187 334 3271 gitant
375 3189 420 3254 a
461 3189 882 3270 exequuntur.
933 3184 1038 3247 An
1062 3183 1203 3247 ideo
1227 3181 1768 3262 RemonstrauteS,
1797 3183 1879 3247 ad
1901 3183 2407 3248 communionem
2438 3207 2621 3250 suam
2644 3185 2789 3250 illos
2812 3187 3039 3252 admit-

139 3281 376 3341 terent?
414 3279 474 3340 2.
501 3274 668 3352 Quid
687 3273 742 3338 si
767 3273 910 3356 quis
943 3275 1209 3351 amaret,
1235 3294 1348 3336 seu
1371 3272 1586 3356 potius
1619 3276 2083 3354 protestaretur
2105 3294 2173 3337 se
2195 3295 2410 3336 amare
2434 3273 2759 3338 dominum
2784 3273 2826 3338 J
2830 3297 3038 3353 esum;

139 3363 372 3430 interim
425 3365 569 3430 odio
631 3363 899 3426 haberet
931 3363 976 3426 δι
1001 3359 1476 3444 blasphemaret
1500 3365 1554 3442 ej
1565 3361 1780 3424 usdem
1823 3361 2087 3426 verbum
2112 3383 2185 3425 ac
2208 3361 2558 3426 doctrinam
2583 3384 2637 3426 e.
2663 3382 2760 3448 gr.
2791 3359 2870 3428 de
2893 3386 3042 3428 vera

141 3452 322 3537 ipsius
351 3453 704 3529 divinitate,
737 3451 812 3515 de
859 3448 1293 3514 satisfactione
1343 3472 1455 3532 pro
1505 3450 1800 3532 peccatis,
1851 3450 1926 3513 de
1968 3472 2116 3515 vero
2150 3451 2196 3516 &
2220 3472 2519 3533 supremo
2540 3450 2780 3514 honore
2806 3450 3037 3533 divino,

141 3542 234 3626 qui
257 3543 348 3607 illi
365 3545 554 3626 juxta
577 3563 721 3606 cum
747 3543 928 3623 patre
961 3537 1276 3622 conpetit3
1327 3559 1408 3602 an
1432 3543 1802 3621 praetensus
1828 3538 1940 3602 ille
1966 3561 2143 3602 amor
2174 3537 2495 3603 sufficeret
2521 3541 2593 3603 ut
2617 3537 2783 3603 inter
2808 3539 3041 3623 probos

141 3630 354 3696 Christi
380 3629 720 3714 discipulos
742 3633 784 3690 &
810 3627 1168 3691 imitatores
1202 3625 1311 3689 ille
1333 3631 1703 3690 numeretur
1721 3631 1751 3691 Ρ
1800 3629 1860 3690 3.
1882 3625 2047 3702 Quid
2072 3626 2125 3690 si
2149 3627 2291 3710 quis
2326 3630 2711 3710 protestetur
2734 3650 2801 3692 se
2827 3649 3041 3694 amare

143 3741 446 3802 personam
482 3718 787 3802 aliquam,
836 3737 998 3800 quae
1046 3713 1132 3778 sit
1177 3714 1504 3798 legitimus
1549 3715 1750 3798 ipsius
1795 3714 2091 3798 princeps
2130 3719 2241 3780 aut
2266 3713 2685 3800 Magistratus
2710 3721 2823 3781 aut
2845 3721 3041 3804 tutor,

141 3813 242 3872 aut
269 3831 454 3884 uxor3
489 3805 748 3870 iuterim
779 3827 908 3868 una
933 3805 1412 3886 protestaretur,
1445 3825 1511 3866 se
1537 3825 1660 3866 uon
1687 3825 2029 3887 agnoscere
2055 3803 2235 3868 illam
2268 3825 2383 3888 pro
2416 3803 2707 3888 legitimo
2732 3805 3040 3892 principe,

143 3901 240 3961 aut
262 3903 490 3974 tutore,
523 3899 636 3958 aut
659 3915 876 3970 uxore,
907 3914 1022 3956 nec
1047 3895 1118 3955 ut
1144 3891 1304 3955 tales
1331 3914 1565 3970 amare,
1592 3914 1673 3955 an
1701 3893 2053 3956 communis
2078 3893 2187 3956 ille
2212 3897 2583 3976 praetensus
2608 3914 2805 3973 amor,
2832 3895 3043 3980 reipsa

145 4006 453 4067 perversus
501 3985 546 4049 δι
593 3980 1038 4066 supposititius
1091 3979 1412 4044 sufficeret
1437 3984 1467 4043 P
1513 3979 1836 4044 Sociuiani
1866 3979 2195 4045 Christum
2218 3979 2515 4066 diligunt,
2544 3981 2637 4044 uti
2661 3981 3041 4066 gloriantur,

143 4075 236 4138 sed
259 4075 517 4138 minime
541 4093 755 4135 amore
781 4069 1012 4147 divim,
1038 4068 1148 4152 qui
1171 4069 1292 4132 soli
1313 4069 1449 4132 Deo
1474 4069 1795 4152 competit,
1831 4071 1877 4134 &
1907 4069 1973 4133 in
1994 4091 2136 4133 eum
2162 4069 2369 4140 solum
2390 4069 2630 4146 tendit;
2656 4092 3043 4156 consequen-

147 4165 230 4225 ter
267 4162 442 4228 nullo
497 4182 712 4224 amore
757 4158 971 4222 debito
1023 4157 1070 4222 ἃ
1125 4156 1415 4240 legitimo
1463 4156 1648 4220 illum
1685 4157 1985 4242 diligunt.
2032 4156 2355 4221 Differunt
2380 4157 2549 4221 enim
2570 4157 2637 4221 in
2658 4158 3043 4227 immensum

145 4271 301 4316 amor
343 4251 466 4316 Dei
510 4249 556 4313 ἃ
580 4251 938 4313 creaturae:
988 4245 1080 4310 uti
1101 4267 1176 4308 ex
1201 4245 1421 4310 multis
1453 4245 1806 4309 rationibus
1830 4247 1877 4312 Sc
1902 4269 1978 4310 ex
2004 4250 2181 4310 textu
2210 4245 2424 4311 March.
2454 4245 2559 4310 22.
2584 4267 2640 4311 v.
2669 4248 2773 4313 37.
2801 4251 2907 4314 38.
2934 4251 3041 4318 39.

145 4339 465 4425 colligitur.
530 4335 732 4402 Suum
792 4335 1018 4418 cuique
1076 4333 1182 4397 hic
1239 4333 1680 4398 tribuendum:
1753 4355 1869 4398 nec
1932 4339 2142 4418 potest
2186 4334 2323 4398 sine
2372 4334 2636 4400 crimine
2689 4337 3043 4405 horrendae

147 4423 451 4500 &steht-mo..-
486 4429 532 4493 ἃ
584 4421 863 4498 ἀσεβείας
902 4427 1042 4502 ψίλῳ
1087 4443 1300 4485 amore
1355 4426 1682 4487 creaturae
1722 4423 1925 4486 amari
1972 4422 2261 4487 infinitus
2300 4445 2547 4488 summe
2571 4423 2775 4490 bonus
2802 4448 2874 4492 ac
2898 4451 3043 4512 per·-

1564 4518 1600 4574 7
2840 4515 3043 4582 fectus
