<?xml version="1.0" encoding="UTF-8"?>
<!DOCTYPE html PUBLIC "-//W3C//DTD XHTML 1.0 Transitional//EN"
    "http://www.w3.org/TR/xhtml1/DTD/xhtml1-transitional.dtd">
<html xmlns="http://www.w3.org/1999/xhtml" xml:lang="en" lang="en">
 <head>
  <title>
</title>
<meta http-equiv="Content-Type" content="text/html;charset=utf-8" />
  <meta name='ocr-system' content='tesseract 3.04.00' />
  <meta name='ocr-capabilities' content='ocr_page ocr_carea ocr_par ocr_line ocrx_word'/>
</head>
<body>
  <div class='ocr_page' id='page_1' title='image "./selectarumdispu00kuypgoog_0257.png"; bbox 0 0 3694 4871; ppageno 0'>
   <div class='ocr_carea' id='block_1_1' title="bbox 706 331 3315 400">
    <p class='ocr_par' dir='ltr' id='par_1_1' title="bbox 706 331 3315 400">
     <span class='ocr_line' id='line_1_1' title="bbox 706 331 3315 400; baseline 0.002 -8"><span class='ocrx_word' id='word_1_1' title='bbox 706 331 833 394; x_wconf 83' lang='lat'><strong>226</strong></span> <span class='ocrx_word' id='word_1_2' title='bbox 989 331 1208 400; x_wconf 70' lang='lat' dir='ltr'><strong>D1sp.</strong></span> <span class='ocrx_word' id='word_1_3' title='bbox 1253 332 1434 399; x_wconf 83' lang='lat' dir='ltr'><strong>VIII.</strong></span> <span class='ocrx_word' id='word_1_4' title='bbox 1481 332 1594 397; x_wconf 71' lang='lat' dir='ltr'><strong>Da·</strong></span> <span class='ocrx_word' id='word_1_5' title='bbox 1649 331 2003 397; x_wconf 69' lang='lat' dir='ltr'><strong>Pansolu</strong></span> <span class='ocrx_word' id='word_1_6' title='bbox 2050 331 2941 398; x_wconf 74' lang='lat' dir='ltr'><strong>Cnn1sr1MaoiATon1s</strong></span> <span class='ocrx_word' id='word_1_7' title='bbox 2988 333 3194 397; x_wconf 66' lang='lat' dir='ltr'><strong>PAns</strong></span> <span class='ocrx_word' id='word_1_8' title='bbox 3238 331 3315 397; x_wconf 92' lang='lat' dir='ltr'><strong>II.</strong></span> 
     </span>
    </p>
   </div>
   <div class='ocr_carea' id='block_1_2' title="bbox 3573 475 3641 3822">
    <p class='ocr_par' dir='ltr' id='par_1_2' title="bbox 3573 475 3641 3822">
     <span class='ocr_line' id='line_1_2' title="bbox 3583 475 3641 821; baseline 0 0"><span class='ocrx_word' id='word_1_9' title='bbox 3583 475 3641 821; x_wconf 95' lang='lat' dir='ltr'><strong>    </strong></span> 
     </span>
     <span class='ocr_line' id='line_1_3' title="bbox 3581 821 3641 997; baseline -0.3 -76"><span class='ocrx_word' id='word_1_10' title='bbox 3581 821 3641 997; x_wconf 95' lang='lat' dir='ltr'><strong>   </strong></span> 
     </span>
     <span class='ocr_line' id='line_1_4' title="bbox 3583 997 3641 1084; baseline 0 3787"><span class='ocrx_word' id='word_1_11' title='bbox 3583 997 3641 1084; x_wconf 95' lang='lat' dir='ltr'><strong> </strong></span> 
     </span>
     <span class='ocr_line' id='line_1_5' title="bbox 3578 1084 3641 1352; baseline 0 -91"><span class='ocrx_word' id='word_1_12' title='bbox 3578 1084 3641 1352; x_wconf 95' lang='lat' dir='ltr'><strong>    </strong></span> 
     </span>
     <span class='ocr_line' id='line_1_6' title="bbox 3575 1352 3641 1441; baseline 0 -4"><span class='ocrx_word' id='word_1_13' title='bbox 3575 1352 3641 1441; x_wconf 95' lang='lat' dir='ltr'><strong>  </strong></span> 
     </span>
     <span class='ocr_line' id='line_1_7' title="bbox 3578 1441 3641 1619; baseline -0.19 3"><span class='ocrx_word' id='word_1_14' title='bbox 3578 1441 3641 1619; x_wconf 95' lang='lat' dir='ltr'><strong>   </strong></span> 
     </span>
     <span class='ocr_line' id='line_1_8' title="bbox 3581 1619 3641 1708; baseline 0 -4"><span class='ocrx_word' id='word_1_15' title='bbox 3581 1619 3641 1708; x_wconf 95' lang='lat' dir='ltr'><strong>  </strong></span> 
     </span>
     <span class='ocr_line' id='line_1_9' title="bbox 3581 1708 3641 1964; baseline 0 -88"><span class='ocrx_word' id='word_1_16' title='bbox 3581 1708 3641 1964; x_wconf 95' lang='lat' dir='ltr'><strong>     </strong></span> 
     </span>
     <span class='ocr_line' id='line_1_10' title="bbox 3582 1964 3641 2146; baseline -0.356 -80"><span class='ocrx_word' id='word_1_17' title='bbox 3582 1964 3641 2146; x_wconf 95' lang='lat' dir='ltr'><strong>   </strong></span> 
     </span>
     <span class='ocr_line' id='line_1_11' title="bbox 3586 2146 3641 2406; baseline 0 -88"><span class='ocrx_word' id='word_1_18' title='bbox 3586 2146 3641 2406; x_wconf 95' lang='lat' dir='ltr'><strong>     </strong></span> 
     </span>
     <span class='ocr_line' id='line_1_12' title="bbox 3583 2406 3641 2678; baseline -0.155 -89"><span class='ocrx_word' id='word_1_19' title='bbox 3583 2406 3641 2678; x_wconf 95' lang='lat' dir='ltr'><strong>    </strong></span> 
     </span>
     <span class='ocr_line' id='line_1_13' title="bbox 3586 2678 3641 2852; baseline 0 -3"><span class='ocrx_word' id='word_1_20' title='bbox 3586 2678 3641 2852; x_wconf 95' lang='lat' dir='ltr'><strong>    </strong></span> 
     </span>
     <span class='ocr_line' id='line_1_14' title="bbox 3574 2852 3641 3118; baseline -0.164 2"><span class='ocrx_word' id='word_1_21' title='bbox 3574 2852 3641 3118; x_wconf 95' lang='lat' dir='ltr'><strong>   </strong></span> 
     </span>
     <span class='ocr_line' id='line_1_15' title="bbox 3573 3118 3641 3289; baseline -0.059 1"><span class='ocrx_word' id='word_1_22' title='bbox 3573 3118 3641 3289; x_wconf 95' lang='lat' dir='ltr'><strong>   </strong></span> 
     </span>
     <span class='ocr_line' id='line_1_16' title="bbox 3573 3289 3641 3555; baseline 0 -177"><span class='ocrx_word' id='word_1_23' title='bbox 3573 3289 3641 3555; x_wconf 95' lang='lat' dir='ltr'><strong>   </strong></span> 
     </span>
     <span class='ocr_line' id='line_1_17' title="bbox 3573 3555 3641 3822; baseline 0 0"><span class='ocrx_word' id='word_1_24' title='bbox 3573 3555 3641 3822; x_wconf 95' lang='lat' dir='ltr'><strong>  </strong></span> 
     </span>
    </p>
   </div>
   <div class='ocr_carea' id='block_1_3' title="bbox 704 517 3602 4393">
    <p class='ocr_par' dir='ltr' id='par_1_3' title="bbox 705 517 3602 3335">
     <span class='ocr_line' id='line_1_18' title="bbox 705 517 3587 601; baseline -0.002 -16"><span class='ocrx_word' id='word_1_25' title='bbox 705 542 832 585; x_wconf 90' lang='lat' dir='ltr'><strong>non</strong></span> <span class='ocrx_word' id='word_1_26' title='bbox 865 523 960 584; x_wconf 91' lang='lat' dir='ltr'><strong>est</strong></span> <span class='ocrx_word' id='word_1_27' title='bbox 993 518 1271 600; x_wconf 90' lang='lat' dir='ltr'><strong>primum</strong></span> <span class='ocrx_word' id='word_1_28' title='bbox 1295 518 1578 584; x_wconf 87' lang='lat' dir='ltr'><strong>efficiens</strong></span> <span class='ocrx_word' id='word_1_29' title='bbox 1602 520 1648 583; x_wconf 82' lang='lat'>&amp;</span> <span class='ocrx_word' id='word_1_30' title='bbox 1673 517 1939 581; x_wconf 70' lang='lat' dir='ltr'><strong>ultimus</strong></span> <span class='ocrx_word' id='word_1_31' title='bbox 1966 517 2131 596; x_wconf 90' lang='lat' dir='ltr'><strong>finis,</strong></span> <span class='ocrx_word' id='word_1_32' title='bbox 2157 518 2433 601; x_wconf 88' lang='lat' dir='ltr'><strong>primum</strong></span> <span class='ocrx_word' id='word_1_33' title='bbox 2461 518 2507 583; x_wconf 73' lang='grc'><strong>81</strong></span> <span class='ocrx_word' id='word_1_34' title='bbox 2532 539 2852 582; x_wconf 90' lang='lat' dir='ltr'><strong>summum</strong></span> <span class='ocrx_word' id='word_1_35' title='bbox 2876 540 3123 595; x_wconf 86' lang='lat' dir='ltr'><strong>verum,</strong></span> <span class='ocrx_word' id='word_1_36' title='bbox 3150 539 3223 581; x_wconf 89' lang='lat' dir='ltr'><strong>ac</strong></span> <span class='ocrx_word' id='word_1_37' title='bbox 3244 517 3483 591; x_wconf 77' lang='lat' dir='ltr'><strong>bonum,</strong></span> <span class='ocrx_word' id='word_1_38' title='bbox 3504 518 3587 580; x_wconf 69' lang='lat' dir='ltr'><strong>&amp;c-</strong></span> 
     </span>
     <span class='ocr_line' id='line_1_19' title="bbox 707 605 3585 688; baseline -0.002 -16"><span class='ocrx_word' id='word_1_39' title='bbox 707 609 816 672; x_wconf 89' lang='lat' dir='ltr'><strong>sed</strong></span> <span class='ocrx_word' id='word_1_40' title='bbox 839 628 1029 672; x_wconf 86' lang='lat' dir='ltr'><strong>causa</strong></span> <span class='ocrx_word' id='word_1_41' title='bbox 1052 607 1318 672; x_wconf 86' lang='lat' dir='ltr'><strong>inferior</strong></span> <span class='ocrx_word' id='word_1_42' title='bbox 1343 629 1414 671; x_wconf 87' lang='lat' dir='ltr'><strong>ac</strong></span> <span class='ocrx_word' id='word_1_43' title='bbox 1445 606 1855 670; x_wconf 90' lang='lat' dir='ltr'><strong>subordinata</strong></span> <span class='ocrx_word' id='word_1_44' title='bbox 1876 609 2016 669; x_wconf 90' lang='lat' dir='ltr'><strong>tum</strong></span> <span class='ocrx_word' id='word_1_45' title='bbox 2041 607 2497 688; x_wconf 88' lang='lat' dir='ltr'><strong>procatarctica</strong></span> <span class='ocrx_word' id='word_1_46' title='bbox 2524 628 2633 670; x_wconf 92' lang='lat' dir='ltr'><strong>seu</strong></span> <span class='ocrx_word' id='word_1_47' title='bbox 2658 606 2987 670; x_wconf 88' lang='lat' dir='ltr'><strong>meritoria</strong></span> <span class='ocrx_word' id='word_1_48' title='bbox 3014 611 3155 670; x_wconf 89' lang='lat' dir='ltr'><strong>tum</strong></span> <span class='ocrx_word' id='word_1_49' title='bbox 3180 605 3585 668; x_wconf 80' lang='lat' dir='ltr'><strong>iustrumenta-</strong></span> 
     </span>
     <span class='ocr_line' id='line_1_20' title="bbox 705 692 3583 778; baseline -0.002 -19"><span class='ocrx_word' id='word_1_50' title='bbox 705 695 807 772; x_wconf 82' lang='lat' dir='ltr'><strong>lis,</strong></span> <span class='ocrx_word' id='word_1_51' title='bbox 830 696 940 759; x_wconf 92' lang='lat' dir='ltr'><strong>ille</strong></span> <span class='ocrx_word' id='word_1_52' title='bbox 967 717 1090 759; x_wconf 91' lang='lat' dir='ltr'><strong>non</strong></span> <span class='ocrx_word' id='word_1_53' title='bbox 1115 700 1212 759; x_wconf 89' lang='lat' dir='ltr'><strong>est</strong></span> <span class='ocrx_word' id='word_1_54' title='bbox 1235 696 1552 778; x_wconf 87' lang='lat' dir='ltr'><strong>objectum</strong></span> <span class='ocrx_word' id='word_1_55' title='bbox 1576 693 1844 758; x_wconf 86' lang='lat' dir='ltr'><strong>formale</strong></span> <span class='ocrx_word' id='word_1_56' title='bbox 1872 699 2062 777; x_wconf 91' lang='lat' dir='ltr'><strong>atque</strong></span> <span class='ocrx_word' id='word_1_57' title='bbox 2089 694 2627 758; x_wconf 87' lang='lat' dir='ltr'><strong>ultimatum-fidei</strong></span> <span class='ocrx_word' id='word_1_58' title='bbox 2653 695 2699 758; x_wconf 62' lang='lat'><strong>8⁶</strong></span> <span class='ocrx_word' id='word_1_59' title='bbox 2724 693 3135 758; x_wconf 87' lang='lat' dir='ltr'><strong>adorationis.</strong></span> <span class='ocrx_word' id='word_1_60' title='bbox 3180 692 3297 758; x_wconf 84' lang='lat' dir='ltr'><strong>Sed</strong></span> <span class='ocrx_word' id='word_1_61' title='bbox 3317 693 3471 756; x_wconf 85' lang='lat' dir='ltr'><strong>filius</strong></span> <span class='ocrx_word' id='word_1_62' title='bbox 3484 693 3583 756; x_wconf 75' lang='lat' dir='ltr'><strong>Dei</strong></span> 
     </span>
     <span class='ocr_line' id='line_1_21' title="bbox 707 779 3583 866; baseline -0.002 -18"><span class='ocrx_word' id='word_1_63' title='bbox 707 783 1000 848; x_wconf 89' lang='lat' dir='ltr'><strong>Christus</strong></span> <span class='ocrx_word' id='word_1_64' title='bbox 1027 784 1334 848; x_wconf 89' lang='lat' dir='ltr'><strong>mediator</strong></span> <span class='ocrx_word' id='word_1_65' title='bbox 1358 786 1484 864; x_wconf 76' lang='lat' dir='ltr'><strong>qua</strong></span> <span class='ocrx_word' id='word_1_66' title='bbox 1515 782 1844 860; x_wconf 77' lang='lat' dir='ltr'>mediator,</span> <span class='ocrx_word' id='word_1_67' title='bbox 1872 804 1999 845; x_wconf 91' lang='lat' dir='ltr'><strong>non</strong></span> <span class='ocrx_word' id='word_1_68' title='bbox 2026 785 2120 845; x_wconf 88' lang='lat' dir='ltr'><strong>est</strong></span> <span class='ocrx_word' id='word_1_69' title='bbox 2151 782 2427 866; x_wconf 87' lang='lat' dir='ltr'><strong>primum</strong></span> <span class='ocrx_word' id='word_1_70' title='bbox 2455 782 2735 846; x_wconf 85' lang='lat' dir='ltr'><strong>efficiens</strong></span> <span class='ocrx_word' id='word_1_71' title='bbox 2760 784 2859 847; x_wconf 82' lang='lat' dir='ltr'><strong>&amp;c.</strong></span> <span class='ocrx_word' id='word_1_72' title='bbox 2896 779 3023 845; x_wconf 88' lang='lat' dir='ltr'><strong>Sed</strong></span> <span class='ocrx_word' id='word_1_73' title='bbox 3048 787 3148 845; x_wconf 89' lang='lat' dir='ltr'><strong>est</strong></span> <span class='ocrx_word' id='word_1_74' title='bbox 3164 803 3343 845; x_wconf 85' lang='lat' dir='ltr'><strong>causa</strong></span> <span class='ocrx_word' id='word_1_75' title='bbox 3360 780 3583 844; x_wconf 87' lang='lat' dir='ltr'><strong>inferior</strong></span> 
     </span>
     <span class='ocr_line' id='line_1_22' title="bbox 708 868 3581 954; baseline -0.003 -16"><span class='ocrx_word' id='word_1_76' title='bbox 708 873 808 938; x_wconf 70' lang='grc' dir='ltr'><strong>διο.</strong></span> <span class='ocrx_word' id='word_1_77' title='bbox 857 871 1052 954; x_wconf 72' lang='lat' dir='ltr'><strong>Ergo</strong></span> <span class='ocrx_word' id='word_1_78' title='bbox 1103 869 1314 936; x_wconf 89' lang='lat' dir='ltr'><strong>Minor</strong></span> <span class='ocrx_word' id='word_1_79' title='bbox 1359 870 1664 953; x_wconf 88' lang='lat' dir='ltr'><strong>probatur</strong></span> <span class='ocrx_word' id='word_1_80' title='bbox 1696 893 1772 933; x_wconf 84' lang='lat' dir='ltr'><strong>ex</strong></span> <span class='ocrx_word' id='word_1_81' title='bbox 1806 893 1900 948; x_wconf 85' lang='lat' dir='ltr'><strong>ec,</strong></span> <span class='ocrx_word' id='word_1_82' title='bbox 1929 870 2095 953; x_wconf 93' lang='lat' dir='ltr'><strong>quod</strong></span> <span class='ocrx_word' id='word_1_83' title='bbox 2122 893 2339 934; x_wconf 85' lang='lat' dir='ltr'><strong>servus</strong></span> <span class='ocrx_word' id='word_1_84' title='bbox 2364 868 2507 948; x_wconf 90' lang='lat' dir='ltr'><strong>Dei,</strong></span> <span class='ocrx_word' id='word_1_85' title='bbox 2536 871 2919 948; x_wconf 78' lang='lat' dir='ltr'><strong>exinanituS‚</strong></span> <span class='ocrx_word' id='word_1_86' title='bbox 2946 869 3156 934; x_wconf 91' lang='lat' dir='ltr'><strong>minor</strong></span> <span class='ocrx_word' id='word_1_87' title='bbox 3179 873 3349 953; x_wconf 85' lang='lat' dir='ltr'><strong>patre</strong></span> <span class='ocrx_word' id='word_1_88' title='bbox 3370 869 3581 944; x_wconf 81' lang='lat' dir='ltr'><strong>dicitur,</strong></span> 
     </span>
     <span class='ocr_line' id='line_1_23' title="bbox 707 957 3583 1042; baseline -0.001 -20"><span class='ocrx_word' id='word_1_89' title='bbox 707 981 834 1022; x_wconf 91' lang='lat' dir='ltr'><strong>non</strong></span> <span class='ocrx_word' id='word_1_90' title='bbox 879 963 1132 1023; x_wconf 87' lang='lat' dir='ltr'><strong>tantum</strong></span> <span class='ocrx_word' id='word_1_91' title='bbox 1179 963 1304 1042; x_wconf 76' lang='lat' dir='ltr'><strong>qua</strong></span> <span class='ocrx_word' id='word_1_92' title='bbox 1350 957 1561 1033; x_wconf 88' lang='lat' dir='ltr'><strong>homo,</strong></span> <span class='ocrx_word' id='word_1_93' title='bbox 1609 959 1719 1021; x_wconf 89' lang='lat' dir='ltr'><strong>sed</strong></span> <span class='ocrx_word' id='word_1_94' title='bbox 1761 959 1954 1021; x_wconf 91' lang='lat' dir='ltr'><strong>etiam</strong></span> <span class='ocrx_word' id='word_1_95' title='bbox 2004 961 2130 1041; x_wconf 77' lang='lat' dir='ltr'><strong>qua</strong></span> <span class='ocrx_word' id='word_1_96' title='bbox 2168 958 2499 1022; x_wconf 85' lang='lat' dir='ltr'><strong>mediator.</strong></span> <span class='ocrx_word' id='word_1_97' title='bbox 2546 957 2665 1022; x_wconf 83' lang='lat' dir='ltr'><strong>Est</strong></span> <span class='ocrx_word' id='word_1_98' title='bbox 2703 961 2921 1022; x_wconf 86' lang='lat' dir='ltr'><strong>autem</strong></span> <span class='ocrx_word' id='word_1_99' title='bbox 2958 958 3269 1022; x_wconf 77' lang='lat' dir='ltr'><strong>mediator</strong></span> <span class='ocrx_word' id='word_1_100' title='bbox 3290 957 3583 1021; x_wconf 81' lang='lat' dir='ltr'><strong>secundum</strong></span> 
     </span>
     <span class='ocr_line' id='line_1_24' title="bbox 711 1045 3581 1138; baseline -0.003 -28"><span class='ocrx_word' id='word_1_101' title='bbox 711 1051 1047 1128; x_wconf 88' lang='lat' dir='ltr'><strong>utramque</strong></span> <span class='ocrx_word' id='word_1_102' title='bbox 1070 1051 1386 1138; x_wconf 74' lang='lat' dir='ltr'><strong>naturam.</strong></span> <span class='ocrx_word' id='word_1_103' title='bbox 1419 1045 1773 1110; x_wconf 77' lang='lat' dir='ltr'><strong>Notissima</strong></span> <span class='ocrx_word' id='word_1_104' title='bbox 1799 1051 1896 1110; x_wconf 91' lang='lat' dir='ltr'><strong>est</strong></span> <span class='ocrx_word' id='word_1_105' title='bbox 1920 1045 2244 1111; x_wconf 88' lang='lat' dir='ltr'><strong>distinctio</strong></span> <span class='ocrx_word' id='word_1_106' title='bbox 2269 1047 2435 1110; x_wconf 89' lang='lat' dir='ltr'><strong>inter</strong></span> <span class='ocrx_word' id='word_1_107' title='bbox 2459 1047 2823 1129; x_wconf 88' lang='lat' dir='ltr'><strong>praedicata</strong></span> <span class='ocrx_word' id='word_1_108' title='bbox 2854 1047 2930 1110; x_wconf 93' lang='lat' dir='ltr'><strong>de</strong></span> <span class='ocrx_word' id='word_1_109' title='bbox 2956 1045 3211 1110; x_wconf 86' lang='lat' dir='ltr'><strong>Christo</strong></span> <span class='ocrx_word' id='word_1_110' title='bbox 3232 1045 3377 1104; x_wconf 62' lang='grc' dir='ltr'><strong>κατὰ</strong></span> <span class='ocrx_word' id='word_1_111' title='bbox 3396 1049 3581 1103; x_wconf 62' lang='lat' dir='ltr'><strong>Sta-,7⁵—</strong></span> 
     </span>
     <span class='ocr_line' id='line_1_25' title="bbox 709 1131 3573 1218; baseline -0.002 -20"><span class='ocrx_word' id='word_1_112' title='bbox 709 1139 851 1208; x_wconf 75' lang='grc' dir='ltr'><strong><em>’γίαν</em></strong></span> <span class='ocrx_word' id='word_1_113' title='bbox 887 1135 934 1198; x_wconf 71' lang='grc' dir='ltr'><strong>δῦ</strong></span> <span class='ocrx_word' id='word_1_114' title='bbox 971 1155 1093 1194; x_wconf 69' lang='lat' dir='ltr'><strong>›ex-1·</strong></span> <span class='ocrx_word' id='word_1_115' title='bbox 1135 1137 1472 1210; x_wconf 72' lang='grc' dir='ltr'><strong>οἰκονομίαν.</strong></span> <span class='ocrx_word' id='word_1_116' title='bbox 1527 1133 1758 1198; x_wconf 84' lang='lat' dir='ltr'><strong>Confer</strong></span> <span class='ocrx_word' id='word_1_117' title='bbox 1797 1134 2257 1218; x_wconf 86' lang='lat' dir='ltr'><strong>Antagonistas</strong></span> <span class='ocrx_word' id='word_1_118' title='bbox 2283 1131 2783 1208; x_wconf 86' lang='lat' dir='ltr'><strong>Socinianorum,</strong></span> <span class='ocrx_word' id='word_1_119' title='bbox 2810 1134 3199 1217; x_wconf 80' lang='lat' dir='ltr'><strong>&amp;imprimis</strong></span> <span class='ocrx_word' id='word_1_120' title='bbox 3224 1133 3573 1198; x_wconf 68' lang='lat' dir='ltr'><strong>Franz-iscam</strong></span> 
     </span>
     <span class='ocr_line' id='line_1_26' title="bbox 709 1220 3578 1308; baseline -0.002 -21"><span class='ocrx_word' id='word_1_121' title='bbox 709 1222 975 1287; x_wconf 77' lang='lat' dir='ltr'><strong>lunium</strong></span> <span class='ocrx_word' id='word_1_122' title='bbox 1019 1223 1250 1307; x_wconf 80' lang='lat' dir='ltr'><strong>defens.</strong></span> <span class='ocrx_word' id='word_1_123' title='bbox 1301 1224 1362 1286; x_wconf 87' lang='grc'><strong>2.</strong></span> <span class='ocrx_word' id='word_1_124' title='bbox 1411 1223 1486 1286; x_wconf 82' lang='lat' dir='ltr'><strong>de</strong></span> <span class='ocrx_word' id='word_1_125' title='bbox 1533 1223 1834 1286; x_wconf 73' lang='lat' dir='ltr'><strong>Trinitate</strong></span> <span class='ocrx_word' id='word_1_126' title='bbox 1860 1224 1916 1306; x_wconf 63' lang='grc' dir='ltr'><strong>ξ.</strong></span> <span class='ocrx_word' id='word_1_127' title='bbox 1949 1223 2049 1284; x_wconf 86' lang='grc'><strong>12.</strong></span> <span class='ocrx_word' id='word_1_128' title='bbox 2079 1221 2139 1286; x_wconf 72' lang='grc' dir='ltr'><strong>ἃ·</strong></span> <span class='ocrx_word' id='word_1_129' title='bbox 2170 1223 2399 1308; x_wconf 74' lang='lat' dir='ltr'><strong>defens.</strong></span> <span class='ocrx_word' id='word_1_130' title='bbox 2429 1225 2489 1285; x_wconf 88' lang='lat'><strong>3.</strong></span> <span class='ocrx_word' id='word_1_131' title='bbox 2516 1225 2570 1306; x_wconf 62' lang='grc' dir='ltr'><strong>ἓ.</strong></span> <span class='ocrx_word' id='word_1_132' title='bbox 2606 1223 2664 1285; x_wconf 84' lang='grc'><strong>5.</strong></span> <span class='ocrx_word' id='word_1_133' title='bbox 2714 1223 3019 1302; x_wconf 77' lang='lat' dir='ltr'><strong>Secundo,</strong></span> <span class='ocrx_word' id='word_1_134' title='bbox 3048 1221 3331 1305; x_wconf 78' lang='lat' dir='ltr'><strong>quamvis</strong></span> <span class='ocrx_word' id='word_1_135' title='bbox 3350 1221 3442 1284; x_wconf 90' lang='lat' dir='ltr'><strong>hic</strong></span> <span class='ocrx_word' id='word_1_136' title='bbox 3466 1220 3578 1303; x_wconf 84' lang='lat' dir='ltr'><strong>qni-</strong></span> 
     </span>
     <span class='ocr_line' id='line_1_27' title="bbox 712 1307 3584 1394; baseline -0.002 -20"><span class='ocrx_word' id='word_1_137' title='bbox 712 1331 919 1374; x_wconf 89' lang='lat' dir='ltr'><strong>escere</strong></span> <span class='ocrx_word' id='word_1_138' title='bbox 965 1331 1236 1394; x_wconf 87' lang='lat' dir='ltr'><strong>possem,</strong></span> <span class='ocrx_word' id='word_1_139' title='bbox 1276 1311 1428 1394; x_wconf 89' lang='lat' dir='ltr'><strong>quia</strong></span> <span class='ocrx_word' id='word_1_140' title='bbox 1452 1314 1581 1374; x_wconf 91' lang='lat' dir='ltr'><strong>stat</strong></span> <span class='ocrx_word' id='word_1_141' title='bbox 1611 1310 1962 1394; x_wconf 78' lang='lat' dir='ltr'><strong>principale</strong></span> <span class='ocrx_word' id='word_1_142' title='bbox 1988 1315 2457 1394; x_wconf 76' lang='lat' dir='ltr'><strong>argumentum,</strong></span> <span class='ocrx_word' id='word_1_143' title='bbox 2492 1311 2727 1394; x_wconf 87' lang='lat' dir='ltr'><strong>quippe</strong></span> <span class='ocrx_word' id='word_1_144' title='bbox 2754 1311 3065 1374; x_wconf 87' lang='lat' dir='ltr'><strong>intactum</strong></span> <span class='ocrx_word' id='word_1_145' title='bbox 3090 1332 3105 1373; x_wconf 89' lang='lat'>:</span> <span class='ocrx_word' id='word_1_146' title='bbox 3136 1311 3291 1373; x_wconf 89' lang='lat' dir='ltr'><strong>addo</strong></span> <span class='ocrx_word' id='word_1_147' title='bbox 3312 1313 3499 1372; x_wconf 88' lang='lat' dir='ltr'><strong>tamen</strong></span> <span class='ocrx_word' id='word_1_148' title='bbox 3520 1307 3584 1370; x_wconf 78' lang='lat' dir='ltr'><strong>ad</strong></span> 
     </span>
     <span class='ocr_line' id='line_1_28' title="bbox 709 1395 3602 1484; baseline -0.002 -23"><span class='ocrx_word' id='word_1_149' title='bbox 709 1399 1010 1482; x_wconf 85' lang='lat' dir='ltr'><strong>majorem</strong></span> <span class='ocrx_word' id='word_1_150' title='bbox 1059 1399 1348 1462; x_wconf 86' lang='lat' dir='ltr'><strong>veritatis</strong></span> <span class='ocrx_word' id='word_1_151' title='bbox 1394 1398 1911 1476; x_wconf 76' lang='lat' dir='ltr'><strong>illustrationem,</strong></span> <span class='ocrx_word' id='word_1_152' title='bbox 1956 1399 2429 1482; x_wconf 81' lang='lat' dir='ltr'><strong>responsionem</strong></span> <span class='ocrx_word' id='word_1_153' title='bbox 2470 1420 2547 1462; x_wconf 81' lang='lat' dir='ltr'><strong>ex</strong></span> <span class='ocrx_word' id='word_1_154' title='bbox 2580 1400 2727 1462; x_wconf 87' lang='lat' dir='ltr'><strong>data</strong></span> <span class='ocrx_word' id='word_1_155' title='bbox 2750 1399 3092 1482; x_wconf 84' lang='lat' dir='ltr'><strong>hypothesi</strong></span> <span class='ocrx_word' id='word_1_156' title='bbox 3122 1399 3299 1484; x_wconf 86' lang='lat' dir='ltr'><strong>[pag.</strong></span> <span class='ocrx_word' id='word_1_157' title='bbox 3324 1397 3469 1480; x_wconf 84' lang='lat'>315]</span> <span class='ocrx_word' id='word_1_158' title='bbox 3496 1395 3602 1483; x_wconf 41' lang='lat' dir='ltr'><strong>de·-</strong></span> 
     </span>
     <span class='ocr_line' id='line_1_29' title="bbox 709 1484 3581 1570; baseline -0.002 -21"><span class='ocrx_word' id='word_1_159' title='bbox 709 1491 1029 1570; x_wconf 89' lang='lat' dir='ltr'><strong>sumptam</strong></span> <span class='ocrx_word' id='word_1_160' title='bbox 1079 1487 1422 1552; x_wconf 87' lang='lat' dir='ltr'><strong>absurdum</strong></span> <span class='ocrx_word' id='word_1_161' title='bbox 1469 1485 1723 1569; x_wconf 86' lang='lat' dir='ltr'><strong>aliquod</strong></span> <span class='ocrx_word' id='word_1_162' title='bbox 1769 1487 2112 1562; x_wconf 85' lang='lat' dir='ltr'><strong>involvere,</strong></span> <span class='ocrx_word' id='word_1_163' title='bbox 2162 1487 2327 1569; x_wconf 90' lang='lat' dir='ltr'><strong>quod</strong></span> <span class='ocrx_word' id='word_1_164' title='bbox 2373 1507 2487 1550; x_wconf 91' lang='lat' dir='ltr'><strong>nos</strong></span> <span class='ocrx_word' id='word_1_165' title='bbox 2535 1487 2859 1551; x_wconf 86' lang='lat' dir='ltr'><strong>evolutum</strong></span> <span class='ocrx_word' id='word_1_166' title='bbox 2890 1487 2957 1550; x_wconf 88' lang='lat' dir='ltr'><strong>in</strong></span> <span class='ocrx_word' id='word_1_167' title='bbox 2984 1485 3427 1570; x_wconf 83' lang='lat' dir='ltr'><strong>syllogisticam</strong></span> <span class='ocrx_word' id='word_1_168' title='bbox 3450 1484 3581 1546; x_wconf 78' lang='lat' dir='ltr'><strong>hanc-2</strong></span> 
     </span>
     <span class='ocr_line' id='line_1_30' title="bbox 710 1572 3578 1658; baseline -0.001 -22"><span class='ocrx_word' id='word_1_169' title='bbox 710 1572 980 1638; x_wconf 77' lang='lat' dir='ltr'><strong>formam</strong></span> <span class='ocrx_word' id='word_1_170' title='bbox 1028 1574 1394 1658; x_wconf 76' lang='lat' dir='ltr'><strong>redigimus,</strong></span> <span class='ocrx_word' id='word_1_171' title='bbox 1443 1575 1763 1657; x_wconf 85' lang='lat' dir='ltr'><strong>Quidquid</strong></span> <span class='ocrx_word' id='word_1_172' title='bbox 1812 1574 2229 1657; x_wconf 85' lang='lat' dir='ltr'><strong>personaliter</strong></span> <span class='ocrx_word' id='word_1_173' title='bbox 2252 1575 2317 1637; x_wconf 90' lang='lat' dir='ltr'><strong>in</strong></span> <span class='ocrx_word' id='word_1_174' title='bbox 2352 1573 2603 1638; x_wconf 89' lang='lat' dir='ltr'><strong>Christo</strong></span> <span class='ocrx_word' id='word_1_175' title='bbox 2628 1576 2977 1638; x_wconf 81' lang='lat' dir='ltr'><strong>mediatore</strong></span> <span class='ocrx_word' id='word_1_176' title='bbox 3004 1575 3255 1638; x_wconf 90' lang='lat' dir='ltr'><strong>unitum</strong></span> <span class='ocrx_word' id='word_1_177' title='bbox 3280 1577 3369 1636; x_wconf 87' lang='lat' dir='ltr'><strong>est</strong></span> <span class='ocrx_word' id='word_1_178' title='bbox 3394 1593 3578 1636; x_wconf 73' lang='lat' dir='ltr'><strong>causae</strong></span> 
     </span>
     <span class='ocr_line' id='line_1_31' title="bbox 709 1661 3581 1746; baseline -0.002 -20"><span class='ocrx_word' id='word_1_179' title='bbox 709 1663 973 1745; x_wconf 83' lang='lat' dir='ltr'><strong>primae,</strong></span> <span class='ocrx_word' id='word_1_180' title='bbox 1021 1663 1244 1726; x_wconf 85' lang='lat' dir='ltr'><strong>deitati</strong></span> <span class='ocrx_word' id='word_1_181' title='bbox 1290 1663 1425 1727; x_wconf 91' lang='lat' dir='ltr'><strong>scil.</strong></span> <span class='ocrx_word' id='word_1_182' title='bbox 1475 1663 1522 1727; x_wconf 68' lang='grc'><strong>81</strong></span> <span class='ocrx_word' id='word_1_183' title='bbox 1569 1663 1651 1726; x_wconf 87' lang='lat' dir='ltr'><strong>ab</strong></span> <span class='ocrx_word' id='word_1_184' title='bbox 1679 1663 1794 1726; x_wconf 90' lang='lat' dir='ltr'><strong>illa</strong></span> <span class='ocrx_word' id='word_1_185' title='bbox 1817 1667 2122 1745; x_wconf 84' lang='lat' dir='ltr'><strong>tanquam</strong></span> <span class='ocrx_word' id='word_1_186' title='bbox 2148 1663 2639 1727; x_wconf 84' lang='lat' dir='ltr'><strong>instrumentum</strong></span> <span class='ocrx_word' id='word_1_187' title='bbox 2666 1663 2955 1728; x_wconf 84' lang='lat' dir='ltr'><strong>elevatur</strong></span> <span class='ocrx_word' id='word_1_188' title='bbox 2978 1685 3053 1726; x_wconf 89' lang='lat' dir='ltr'><strong>ac</strong></span> <span class='ocrx_word' id='word_1_189' title='bbox 3076 1661 3407 1746; x_wconf 87' lang='lat' dir='ltr'><strong>perficitur,</strong></span> <span class='ocrx_word' id='word_1_190' title='bbox 3430 1661 3469 1724; x_wconf 74' lang='lat'>&amp;</span> <span class='ocrx_word' id='word_1_191' title='bbox 3496 1679 3581 1742; x_wconf 84' lang='lat' dir='ltr'><strong>per</strong></span> 
     </span>
     <span class='ocr_line' id='line_1_32' title="bbox 712 1750 3581 1834; baseline -0.002 -20"><span class='ocrx_word' id='word_1_192' title='bbox 712 1752 880 1833; x_wconf 89' lang='lat' dir='ltr'><strong>quod</strong></span> <span class='ocrx_word' id='word_1_193' title='bbox 903 1751 1105 1815; x_wconf 90' lang='lat' dir='ltr'><strong>deitas</strong></span> <span class='ocrx_word' id='word_1_194' title='bbox 1131 1751 1288 1834; x_wconf 87' lang='lat' dir='ltr'><strong>agit,</strong></span> <span class='ocrx_word' id='word_1_195' title='bbox 1312 1751 1473 1815; x_wconf 89' lang='lat' dir='ltr'><strong>illud</strong></span> <span class='ocrx_word' id='word_1_196' title='bbox 1497 1756 1595 1814; x_wconf 91' lang='lat' dir='ltr'><strong>est</strong></span> <span class='ocrx_word' id='word_1_197' title='bbox 1619 1751 1936 1832; x_wconf 90' lang='lat' dir='ltr'><strong>objectum</strong></span> <span class='ocrx_word' id='word_1_198' title='bbox 1959 1751 2226 1815; x_wconf 87' lang='lat' dir='ltr'><strong>formale</strong></span> <span class='ocrx_word' id='word_1_199' title='bbox 2250 1752 2396 1814; x_wconf 90' lang='lat' dir='ltr'><strong>fidei</strong></span> <span class='ocrx_word' id='word_1_200' title='bbox 2421 1750 2467 1815; x_wconf 79' lang='grc'><strong>81</strong></span> <span class='ocrx_word' id='word_1_201' title='bbox 2493 1751 2899 1815; x_wconf 87' lang='lat' dir='ltr'><strong>adorationis.</strong></span> <span class='ocrx_word' id='word_1_202' title='bbox 2949 1750 3074 1816; x_wconf 85' lang='lat' dir='ltr'><strong>Sed</strong></span> <span class='ocrx_word' id='word_1_203' title='bbox 3104 1751 3377 1814; x_wconf 86' lang='lat' dir='ltr'><strong>humana</strong></span> <span class='ocrx_word' id='word_1_204' title='bbox 3396 1753 3581 1811; x_wconf 72' lang='lat' dir='ltr'><strong>natum</strong></span> 
     </span>
     <span class='ocr_line' id='line_1_33' title="bbox 709 1837 3581 1922; baseline -0.001 -20"><span class='ocrx_word' id='word_1_205' title='bbox 709 1839 1131 1922; x_wconf 86' lang='lat' dir='ltr'><strong>personaliter</strong></span> <span class='ocrx_word' id='word_1_206' title='bbox 1154 1839 1335 1902; x_wconf 92' lang='lat' dir='ltr'><strong>unita</strong></span> <span class='ocrx_word' id='word_1_207' title='bbox 1361 1843 1458 1902; x_wconf 90' lang='lat' dir='ltr'><strong>est</strong></span> <span class='ocrx_word' id='word_1_208' title='bbox 1481 1861 1706 1903; x_wconf 89' lang='lat' dir='ltr'><strong>causae</strong></span> <span class='ocrx_word' id='word_1_209' title='bbox 1729 1839 1994 1922; x_wconf 79' lang='lat' dir='ltr'><strong>primae,</strong></span> <span class='ocrx_word' id='word_1_210' title='bbox 2023 1839 2245 1903; x_wconf 85' lang='lat' dir='ltr'><strong>deitati</strong></span> <span class='ocrx_word' id='word_1_211' title='bbox 2271 1840 2403 1902; x_wconf 88' lang='lat' dir='ltr'><strong>scil.</strong></span> <span class='ocrx_word' id='word_1_212' title='bbox 2430 1842 2477 1905; x_wconf 68' lang='lat' dir='ltr'><strong>a</strong></span> <span class='ocrx_word' id='word_1_213' title='bbox 2501 1839 2785 1903; x_wconf 82' lang='lat' dir='ltr'><strong>elevatur</strong></span> <span class='ocrx_word' id='word_1_214' title='bbox 2810 1841 2891 1903; x_wconf 90' lang='lat' dir='ltr'><strong>ab</strong></span> <span class='ocrx_word' id='word_1_215' title='bbox 2917 1861 2993 1903; x_wconf 89' lang='lat' dir='ltr'><strong>ea</strong></span> <span class='ocrx_word' id='word_1_216' title='bbox 3016 1842 3119 1905; x_wconf 69' lang='lat'><strong>810.</strong></span> <span class='ocrx_word' id='word_1_217' title='bbox 3162 1838 3329 1922; x_wconf 83' lang='lat' dir='ltr'><strong>Ergo</strong></span> <span class='ocrx_word' id='word_1_218' title='bbox 3350 1837 3581 1900; x_wconf 69' lang='lat' dir='ltr'><strong>humana</strong></span> 
     </span>
     <span class='ocr_line' id='line_1_34' title="bbox 708 1926 3583 2010; baseline -0 -20"><span class='ocrx_word' id='word_1_219' title='bbox 708 1930 942 1990; x_wconf 85' lang='lat' dir='ltr'><strong>natura</strong></span> <span class='ocrx_word' id='word_1_220' title='bbox 987 1931 1084 1990; x_wconf 88' lang='lat' dir='ltr'><strong>est</strong></span> <span class='ocrx_word' id='word_1_221' title='bbox 1130 1927 1446 2010; x_wconf 87' lang='lat' dir='ltr'><strong>objectum</strong></span> <span class='ocrx_word' id='word_1_222' title='bbox 1478 1927 1748 1991; x_wconf 87' lang='lat' dir='ltr'><strong>formale</strong></span> <span class='ocrx_word' id='word_1_223' title='bbox 1778 1926 1926 1990; x_wconf 89' lang='lat' dir='ltr'><strong>fidei</strong></span> <span class='ocrx_word' id='word_1_224' title='bbox 1966 1929 2011 1992; x_wconf 82' lang='lat'><strong>&amp;</strong></span> <span class='ocrx_word' id='word_1_225' title='bbox 2051 1927 2457 1991; x_wconf 63' lang='lat' dir='ltr'><strong>adorationis</strong></span> <span class='ocrx_word' id='word_1_226' title='bbox 2506 1926 2647 1990; x_wconf 90' lang='lat' dir='ltr'><strong>Hoc</strong></span> <span class='ocrx_word' id='word_1_227' title='bbox 2679 1931 2777 1991; x_wconf 90' lang='lat' dir='ltr'><strong>est</strong></span> <span class='ocrx_word' id='word_1_228' title='bbox 2798 1927 3085 1991; x_wconf 87' lang='lat' dir='ltr'><strong>humana</strong></span> <span class='ocrx_word' id='word_1_229' title='bbox 3116 1927 3347 1991; x_wconf 86' lang='lat' dir='ltr'><strong>Christi</strong></span> <span class='ocrx_word' id='word_1_230' title='bbox 3374 1929 3583 1989; x_wconf 79' lang='lat' dir='ltr'><strong>natura.</strong></span> 
     </span>
     <span class='ocr_line' id='line_1_35' title="bbox 710 2012 3582 2100; baseline -0.001 -22"><span class='ocrx_word' id='word_1_231' title='bbox 710 2036 838 2098; x_wconf 88' lang='lat' dir='ltr'><strong>qua</strong></span> <span class='ocrx_word' id='word_1_232' title='bbox 861 2015 1032 2091; x_wconf 74' lang='lat' dir='ltr'><strong>talis,</strong></span> <span class='ocrx_word' id='word_1_233' title='bbox 1049 2015 1378 2100; x_wconf 59' lang='lat' dir='ltr'><strong>¹adoranda</strong></span> <span class='ocrx_word' id='word_1_234' title='bbox 1401 2019 1517 2079; x_wconf 89' lang='lat' dir='ltr'><strong>est.</strong></span> <span class='ocrx_word' id='word_1_235' title='bbox 1567 2015 1900 2079; x_wconf 86' lang='lat' dir='ltr'><strong>Conclusio</strong></span> <span class='ocrx_word' id='word_1_236' title='bbox 1922 2013 2088 2078; x_wconf 86' lang='lat' dir='ltr'><strong>falsa</strong></span> <span class='ocrx_word' id='word_1_237' title='bbox 2113 2017 2158 2081; x_wconf 80' lang='grc'><strong>81</strong></span> <span class='ocrx_word' id='word_1_238' title='bbox 2181 2015 2452 2078; x_wconf 89' lang='lat' dir='ltr'><strong>absurda</strong></span> <span class='ocrx_word' id='word_1_239' title='bbox 2478 2020 2571 2078; x_wconf 80' lang='lat' dir='ltr'><strong>est</strong></span> <span class='ocrx_word' id='word_1_240' title='bbox 2596 2037 2673 2078; x_wconf 85' lang='lat' dir='ltr'><strong>ex</strong></span> <span class='ocrx_word' id='word_1_241' title='bbox 2698 2037 2888 2079; x_wconf 88' lang='lat' dir='ltr'><strong>sensu</strong></span> <span class='ocrx_word' id='word_1_242' title='bbox 2912 2015 3417 2079; x_wconf 83' lang='lat' dir='ltr'><strong>orthodoxorum.</strong></span> <span class='ocrx_word' id='word_1_243' title='bbox 3444 2012 3582 2094; x_wconf 68' lang='lat' dir='ltr'><strong>Erga</strong></span> 
     </span>
     <span class='ocr_line' id='line_1_36' title="bbox 709 2101 3583 2186; baseline -0.002 -20"><span class='ocrx_word' id='word_1_244' title='bbox 709 2107 960 2186; x_wconf 90' lang='lat' dir='ltr'><strong>oportet</strong></span> <span class='ocrx_word' id='word_1_245' title='bbox 1005 2104 1312 2186; x_wconf 89' lang='lat' dir='ltr'><strong>majorem</strong></span> <span class='ocrx_word' id='word_1_246' title='bbox 1359 2107 1472 2167; x_wconf 91' lang='lat' dir='ltr'><strong>aut</strong></span> <span class='ocrx_word' id='word_1_247' title='bbox 1517 2103 1826 2166; x_wconf 89' lang='lat' dir='ltr'><strong>minorem</strong></span> <span class='ocrx_word' id='word_1_248' title='bbox 1861 2125 1996 2166; x_wconf 88' lang='lat' dir='ltr'><strong>esse</strong></span> <span class='ocrx_word' id='word_1_249' title='bbox 2020 2101 2270 2166; x_wconf 88' lang='lat' dir='ltr'><strong>falsam.</strong></span> <span class='ocrx_word' id='word_1_250' title='bbox 2320 2101 2443 2167; x_wconf 89' lang='lat' dir='ltr'><strong>Sed</strong></span> <span class='ocrx_word' id='word_1_251' title='bbox 2469 2103 2675 2168; x_wconf 88' lang='lat' dir='ltr'><strong>minor</strong></span> <span class='ocrx_word' id='word_1_252' title='bbox 2699 2104 3031 2167; x_wconf 85' lang='lat' dir='ltr'><strong>verissima</strong></span> <span class='ocrx_word' id='word_1_253' title='bbox 3058 2107 3177 2178; x_wconf 88' lang='lat' dir='ltr'><strong>est,</strong></span> <span class='ocrx_word' id='word_1_254' title='bbox 3202 2106 3249 2168; x_wconf 77' lang='grc'><strong>81</strong></span> <span class='ocrx_word' id='word_1_255' title='bbox 3268 2102 3583 2182; x_wconf 72' lang='lat' dir='ltr'><strong>utriumque</strong></span> 
     </span>
     <span class='ocr_line' id='line_1_37' title="bbox 708 2189 3586 2276; baseline -0.002 -21"><span class='ocrx_word' id='word_1_256' title='bbox 708 2192 775 2255; x_wconf 89' lang='lat' dir='ltr'><strong>in</strong></span> <span class='ocrx_word' id='word_1_257' title='bbox 822 2190 1128 2256; x_wconf 85' lang='lat' dir='ltr'><strong>confessO.</strong></span> <span class='ocrx_word' id='word_1_258' title='bbox 1177 2190 1587 2275; x_wconf 82' lang='lat' dir='ltr'><strong>Relinquitur</strong></span> <span class='ocrx_word' id='word_1_259' title='bbox 1636 2211 1788 2274; x_wconf 87' lang='lat' dir='ltr'><strong>ergo</strong></span> <span class='ocrx_word' id='word_1_260' title='bbox 1833 2191 2347 2274; x_wconf 85' lang='lat' dir='ltr'><strong>consequentiam</strong></span> <span class='ocrx_word' id='word_1_261' title='bbox 2396 2193 2652 2276; x_wconf 89' lang='lat' dir='ltr'><strong>majoris</strong></span> <span class='ocrx_word' id='word_1_262' title='bbox 2684 2213 2820 2256; x_wconf 88' lang='lat' dir='ltr'><strong>esse</strong></span> <span class='ocrx_word' id='word_1_263' title='bbox 2853 2191 3107 2255; x_wconf 89' lang='lat' dir='ltr'><strong>falsam.</strong></span> <span class='ocrx_word' id='word_1_264' title='bbox 3162 2190 3349 2273; x_wconf 82' lang='lat' dir='ltr'><strong>Atqui</strong></span> <span class='ocrx_word' id='word_1_265' title='bbox 3380 2189 3483 2252; x_wconf 83' lang='lat' dir='ltr'><strong>illa</strong></span> <span class='ocrx_word' id='word_1_266' title='bbox 3512 2192 3586 2250; x_wconf 71' lang='lat' dir='ltr'><strong>est</strong></span> 
     </span>
     <span class='ocr_line' id='line_1_38' title="bbox 711 2277 3588 2363; baseline -0.001 -21"><span class='ocrx_word' id='word_1_267' title='bbox 711 2280 1088 2362; x_wconf 85' lang='lat' dir='ltr'><strong>opponentis</strong></span> <span class='ocrx_word' id='word_1_268' title='bbox 1120 2279 1185 2343; x_wconf 91' lang='lat' dir='ltr'><strong>in</strong></span> <span class='ocrx_word' id='word_1_269' title='bbox 1213 2280 1582 2362; x_wconf 85' lang='lat' dir='ltr'><strong>exceptione</strong></span> <span class='ocrx_word' id='word_1_270' title='bbox 1607 2279 1685 2342; x_wconf 87' lang='lat' dir='ltr'><strong>ad</strong></span> <span class='ocrx_word' id='word_1_271' title='bbox 1710 2283 2160 2363; x_wconf 86' lang='lat' dir='ltr'><strong>argumentum</strong></span> <span class='ocrx_word' id='word_1_272' title='bbox 2184 2301 2396 2342; x_wconf 90' lang='lat' dir='ltr'><strong>meum</strong></span> <span class='ocrx_word' id='word_1_273' title='bbox 2428 2285 2747 2361; x_wconf 89' lang='lat' dir='ltr'><strong>quartum.</strong></span> <span class='ocrx_word' id='word_1_274' title='bbox 2798 2277 3216 2363; x_wconf 86' lang='lat' dir='ltr'><strong>Relinquitur</strong></span> <span class='ocrx_word' id='word_1_275' title='bbox 3241 2299 3385 2362; x_wconf 84' lang='lat' dir='ltr'><strong>ergo</strong></span> <span class='ocrx_word' id='word_1_276' title='bbox 3409 2297 3588 2356; x_wconf 64' lang='lat' dir='ltr'><strong>excep‘</strong></span> 
     </span>
     <span class='ocr_line' id='line_1_39' title="bbox 705 2362 3586 2451; baseline -0.002 -21"><span class='ocrx_word' id='word_1_277' title='bbox 705 2368 944 2432; x_wconf 87' lang='lat' dir='ltr'><strong>tionem</strong></span> <span class='ocrx_word' id='word_1_278' title='bbox 989 2368 1156 2433; x_wconf 88' lang='lat' dir='ltr'><strong>hanc</strong></span> <span class='ocrx_word' id='word_1_279' title='bbox 1200 2366 1538 2431; x_wconf 87' lang='lat' dir='ltr'><strong>absurdam</strong></span> <span class='ocrx_word' id='word_1_280' title='bbox 1563 2368 1610 2432; x_wconf 74' lang='grc'><strong>81</strong></span> <span class='ocrx_word' id='word_1_281' title='bbox 1633 2367 1875 2431; x_wconf 90' lang='lat' dir='ltr'><strong>nullam</strong></span> <span class='ocrx_word' id='word_1_282' title='bbox 1908 2389 2066 2447; x_wconf 88' lang='lat' dir='ltr'><strong>esse,</strong></span> <span class='ocrx_word' id='word_1_283' title='bbox 2093 2366 2138 2431; x_wconf 76' lang='grc'><strong>81</strong></span> <span class='ocrx_word' id='word_1_284' title='bbox 2162 2371 2329 2430; x_wconf 88' lang='lat' dir='ltr'><strong>stare</strong></span> <span class='ocrx_word' id='word_1_285' title='bbox 2352 2372 2799 2451; x_wconf 84' lang='lat' dir='ltr'><strong>argumentum</strong></span> <span class='ocrx_word' id='word_1_286' title='bbox 2826 2389 3062 2447; x_wconf 88' lang='lat' dir='ltr'><strong>meum,</strong></span> <span class='ocrx_word' id='word_1_287' title='bbox 3088 2368 3311 2432; x_wconf 88' lang='lat' dir='ltr'><strong>saltem</strong></span> <span class='ocrx_word' id='word_1_288' title='bbox 3339 2365 3491 2451; x_wconf 88' lang='lat' dir='ltr'><strong>quod</strong></span> <span class='ocrx_word' id='word_1_289' title='bbox 3509 2362 3586 2426; x_wconf 79' lang='lat' dir='ltr'><strong>ad.-</strong></span> 
     </span>
     <span class='ocr_line' id='line_1_40' title="bbox 713 2456 3585 2541; baseline -0.001 -22"><span class='ocrx_word' id='word_1_290' title='bbox 713 2456 1063 2540; x_wconf 85' lang='lat' dir='ltr'><strong>principale</strong></span> <span class='ocrx_word' id='word_1_291' title='bbox 1087 2478 1292 2535; x_wconf 89' lang='lat' dir='ltr'><strong>suum,</strong></span> <span class='ocrx_word' id='word_1_292' title='bbox 1321 2479 1431 2521; x_wconf 90' lang='lat' dir='ltr'><strong>seu</strong></span> <span class='ocrx_word' id='word_1_293' title='bbox 1457 2457 1624 2540; x_wconf 90' lang='lat' dir='ltr'><strong>quod</strong></span> <span class='ocrx_word' id='word_1_294' title='bbox 1649 2456 1728 2519; x_wconf 89' lang='lat' dir='ltr'><strong>ad</strong></span> <span class='ocrx_word' id='word_1_295' title='bbox 1751 2478 2065 2520; x_wconf 89' lang='lat' dir='ltr'><strong>summam</strong></span> <span class='ocrx_word' id='word_1_296' title='bbox 2093 2457 2203 2534; x_wconf 90' lang='lat' dir='ltr'><strong>rei,</strong></span> <span class='ocrx_word' id='word_1_297' title='bbox 2238 2460 2425 2539; x_wconf 86' lang='lat' dir='ltr'><strong>prout</strong></span> <span class='ocrx_word' id='word_1_298' title='bbox 2448 2457 2608 2520; x_wconf 89' lang='lat' dir='ltr'><strong>illud</strong></span> <span class='ocrx_word' id='word_1_299' title='bbox 2640 2480 2716 2521; x_wconf 86' lang='lat' dir='ltr'><strong>ex</strong></span> <span class='ocrx_word' id='word_1_300' title='bbox 2750 2460 2803 2521; x_wconf 91' lang='lat' dir='ltr'><strong>l.</strong></span> <span class='ocrx_word' id='word_1_301' title='bbox 2826 2469 2995 2541; x_wconf 76' lang='lat' dir='ltr'><strong>part.</strong></span> <span class='ocrx_word' id='word_1_302' title='bbox 3026 2458 3193 2541; x_wconf 76' lang='lat' dir='ltr'><strong>disp.</strong></span> <span class='ocrx_word' id='word_1_303' title='bbox 3220 2456 3585 2539; x_wconf 71' lang='lat' dir='ltr'><strong>Theoloyie.p.</strong></span> 
     </span>
     <span class='ocr_line' id='line_1_41' title="bbox 718 2543 3583 2629; baseline -0.001 -22"><span class='ocrx_word' id='word_1_304' title='bbox 718 2544 866 2609; x_wconf 87' lang='lat'><strong>529.</strong></span> <span class='ocrx_word' id='word_1_305' title='bbox 892 2544 998 2608; x_wconf 86' lang='lat' dir='ltr'><strong>hic</strong></span> <span class='ocrx_word' id='word_1_306' title='bbox 1019 2544 1266 2628; x_wconf 89' lang='lat' dir='ltr'><strong>repetii.</strong></span> <span class='ocrx_word' id='word_1_307' title='bbox 1315 2543 1484 2609; x_wconf 88' lang='lat' dir='ltr'><strong>Nam</strong></span> <span class='ocrx_word' id='word_1_308' title='bbox 1510 2544 1872 2609; x_wconf 88' lang='lat' dir='ltr'><strong>accessoriis</strong></span> <span class='ocrx_word' id='word_1_309' title='bbox 1898 2544 2383 2623; x_wconf 81' lang='lat' dir='ltr'><strong>diductionibuS,</strong></span> <span class='ocrx_word' id='word_1_310' title='bbox 2411 2545 2455 2608; x_wconf 73' lang='grc'><strong>81</strong></span> <span class='ocrx_word' id='word_1_311' title='bbox 2481 2545 3012 2629; x_wconf 85' lang='lat' dir='ltr'><strong>explicationibus</strong></span> <span class='ocrx_word' id='word_1_312' title='bbox 3038 2546 3175 2610; x_wconf 79' lang='lat' dir='ltr'><strong>sive</strong></span> <span class='ocrx_word' id='word_1_313' title='bbox 3200 2545 3583 2625; x_wconf 70' lang='grc' dir='ltr'>1119133119οΡ-</span> 
     </span>
     <span class='ocr_line' id='line_1_42' title="bbox 715 2630 3586 2719; baseline -0.002 -23"><span class='ocrx_word' id='word_1_314' title='bbox 715 2632 1008 2715; x_wconf 90' lang='lat' dir='ltr'><strong>ponentis</strong></span> <span class='ocrx_word' id='word_1_315' title='bbox 1055 2633 1489 2697; x_wconf 82' lang='lat' dir='ltr'><strong>examinandis</strong></span> <span class='ocrx_word' id='word_1_316' title='bbox 1535 2638 1644 2696; x_wconf 84' lang='lat' dir='ltr'><strong>aut</strong></span> <span class='ocrx_word' id='word_1_317' title='bbox 1684 2631 2090 2697; x_wconf 88' lang='lat' dir='ltr'><strong>defendendis</strong></span> <span class='ocrx_word' id='word_1_318' title='bbox 2115 2634 2261 2696; x_wconf 91' lang='lat' dir='ltr'><strong>nolo</strong></span> <span class='ocrx_word' id='word_1_319' title='bbox 2292 2655 2458 2696; x_wconf 91' lang='lat' dir='ltr'><strong>nunc</strong></span> <span class='ocrx_word' id='word_1_320' title='bbox 2489 2634 2849 2697; x_wconf 91' lang='lat' dir='ltr'><strong>immorari:</strong></span> <span class='ocrx_word' id='word_1_321' title='bbox 2878 2657 2958 2697; x_wconf 92' lang='lat' dir='ltr'><strong>ne</strong></span> <span class='ocrx_word' id='word_1_322' title='bbox 2984 2634 3405 2719; x_wconf 82' lang='lat' dir='ltr'><strong>digressiones</strong></span> <span class='ocrx_word' id='word_1_323' title='bbox 3434 2634 3473 2697; x_wconf 65' lang='grc' dir='ltr'>ἃ</span> <span class='ocrx_word' id='word_1_324' title='bbox 3492 2630 3586 2693; x_wconf 82' lang='lat' dir='ltr'><strong>cir-—</strong></span> 
     </span>
     <span class='ocr_line' id='line_1_43' title="bbox 716 2720 3586 2805; baseline -0.001 -21"><span class='ocrx_word' id='word_1_325' title='bbox 716 2720 1188 2785; x_wconf 89' lang='lat' dir='ltr'><strong>cumductiones</strong></span> <span class='ocrx_word' id='word_1_326' title='bbox 1234 2720 1392 2784; x_wconf 89' lang='lat' dir='ltr'><strong>fiant</strong></span> <span class='ocrx_word' id='word_1_327' title='bbox 1415 2721 1597 2784; x_wconf 89' lang='lat' dir='ltr'><strong>nobis</strong></span> <span class='ocrx_word' id='word_1_328' title='bbox 1623 2720 2033 2784; x_wconf 89' lang='lat' dir='ltr'><strong>abductiones</strong></span> <span class='ocrx_word' id='word_1_329' title='bbox 2059 2725 2096 2784; x_wconf 75' lang='lat' dir='ltr'><strong>a</strong></span> <span class='ocrx_word' id='word_1_330' title='bbox 2120 2721 2456 2804; x_wconf 89' lang='lat' dir='ltr'><strong>principali</strong></span> <span class='ocrx_word' id='word_1_331' title='bbox 2482 2722 2769 2805; x_wconf 90' lang='lat' dir='ltr'><strong>quaesito</strong></span> <span class='ocrx_word' id='word_1_332' title='bbox 2794 2722 2839 2786; x_wconf 83' lang='lat'>&amp;</span> <span class='ocrx_word' id='word_1_333' title='bbox 2864 2721 3054 2785; x_wconf 90' lang='lat' dir='ltr'><strong>thesi.</strong></span> <span class='ocrx_word' id='word_1_334' title='bbox 3106 2720 3381 2785; x_wconf 83' lang='lat' dir='ltr'><strong>Tantum</strong></span> <span class='ocrx_word' id='word_1_335' title='bbox 3404 2738 3586 2783; x_wconf 58' lang='lat' dir='ltr'><strong>mon&amp;</strong></span> 
     </span>
     <span class='ocr_line' id='line_1_44' title="bbox 717 2804 3586 2893; baseline -0.001 -22"><span class='ocrx_word' id='word_1_336' title='bbox 717 2809 982 2873; x_wconf 89' lang='lat' dir='ltr'><strong>lectores</strong></span> <span class='ocrx_word' id='word_1_337' title='bbox 1027 2809 1136 2892; x_wconf 92' lang='lat' dir='ltr'><strong>qui</strong></span> <span class='ocrx_word' id='word_1_338' title='bbox 1182 2808 1344 2893; x_wconf 89' lang='lat' dir='ltr'><strong>disp.</strong></span> <span class='ocrx_word' id='word_1_339' title='bbox 1391 2830 1597 2873; x_wconf 91' lang='lat' dir='ltr'><strong>meam</strong></span> <span class='ocrx_word' id='word_1_340' title='bbox 1643 2831 1768 2872; x_wconf 91' lang='lat' dir='ltr'><strong>non</strong></span> <span class='ocrx_word' id='word_1_341' title='bbox 1793 2809 2107 2887; x_wconf 84' lang='lat' dir='ltr'><strong>viderunt,</strong></span> <span class='ocrx_word' id='word_1_342' title='bbox 2140 2832 2218 2873; x_wconf 92' lang='lat' dir='ltr'><strong>ne</strong></span> <span class='ocrx_word' id='word_1_343' title='bbox 2243 2808 2564 2874; x_wconf 86' lang='lat' dir='ltr'><strong>occasione</strong></span> <span class='ocrx_word' id='word_1_344' title='bbox 2589 2810 3031 2893; x_wconf 88' lang='lat' dir='ltr'><strong>probationem</strong></span> <span class='ocrx_word' id='word_1_345' title='bbox 3056 2810 3431 2893; x_wconf 85' lang='lat' dir='ltr'><strong>opponentis</strong></span> <span class='ocrx_word' id='word_1_346' title='bbox 3458 2804 3586 2889; x_wconf 74' lang='lat' dir='ltr'><strong>quod</strong></span> 
     </span>
     <span class='ocr_line' id='line_1_45' title="bbox 716 2895 3591 2981; baseline -0.002 -21"><span class='ocrx_word' id='word_1_347' title='bbox 716 2896 849 2961; x_wconf 88' lang='lat' dir='ltr'><strong>scil.</strong></span> <span class='ocrx_word' id='word_1_348' title='bbox 885 2896 1165 2960; x_wconf 88' lang='lat' dir='ltr'><strong>humana</strong></span> <span class='ocrx_word' id='word_1_349' title='bbox 1188 2900 1418 2961; x_wconf 88' lang='lat' dir='ltr'><strong>natura</strong></span> <span class='ocrx_word' id='word_1_350' title='bbox 1443 2896 1681 2961; x_wconf 84' lang='lat' dir='ltr'><strong>Christi</strong></span> <span class='ocrx_word' id='word_1_351' title='bbox 1702 2918 1824 2960; x_wconf 91' lang='lat' dir='ltr'><strong>non</strong></span> <span class='ocrx_word' id='word_1_352' title='bbox 1862 2897 2061 2979; x_wconf 89' lang='lat' dir='ltr'><strong>possit</strong></span> <span class='ocrx_word' id='word_1_353' title='bbox 2084 2918 2273 2981; x_wconf 85' lang='lat' dir='ltr'><strong>agere</strong></span> <span class='ocrx_word' id='word_1_354' title='bbox 2298 2920 2413 2981; x_wconf 91' lang='lat' dir='ltr'><strong>per</strong></span> <span class='ocrx_word' id='word_1_355' title='bbox 2437 2896 2601 2980; x_wconf 87' lang='lat' dir='ltr'><strong>Spir.</strong></span> <span class='ocrx_word' id='word_1_356' title='bbox 2630 2896 2695 2963; x_wconf 89' lang='lat' dir='ltr'><strong>S.</strong></span> <span class='ocrx_word' id='word_1_357' title='bbox 2722 2902 2835 2961; x_wconf 90' lang='lat' dir='ltr'><strong>aut</strong></span> <span class='ocrx_word' id='word_1_358' title='bbox 2864 2898 3052 2961; x_wconf 92' lang='lat' dir='ltr'><strong>illum</strong></span> <span class='ocrx_word' id='word_1_359' title='bbox 3078 2900 3230 2962; x_wconf 89' lang='lat' dir='ltr'><strong>dare</strong></span> <span class='ocrx_word' id='word_1_360' title='bbox 3252 2898 3318 2962; x_wconf 89' lang='lat' dir='ltr'><strong>in</strong></span> <span class='ocrx_word' id='word_1_361' title='bbox 3341 2895 3591 2960; x_wconf 71' lang='lat' dir='ltr'><strong>cordibus</strong></span> 
     </span>
     <span class='ocr_line' id='line_1_46' title="bbox 714 2984 3581 3069; baseline -0.002 -22"><span class='ocrx_word' id='word_1_362' title='bbox 714 2984 1020 3064; x_wconf 90' lang='lat' dir='ltr'><strong>fidelium,</strong></span> <span class='ocrx_word' id='word_1_363' title='bbox 1069 2988 1180 3048; x_wconf 92' lang='lat' dir='ltr'><strong>aut</strong></span> <span class='ocrx_word' id='word_1_364' title='bbox 1223 3007 1339 3068; x_wconf 87' lang='lat' dir='ltr'><strong>per</strong></span> <span class='ocrx_word' id='word_1_365' title='bbox 1384 2985 1729 3049; x_wconf 87' lang='lat' dir='ltr'><strong>humanam</strong></span> <span class='ocrx_word' id='word_1_366' title='bbox 1774 2990 2066 3049; x_wconf 89' lang='lat' dir='ltr'><strong>naturam</strong></span> <span class='ocrx_word' id='word_1_367' title='bbox 2109 2986 2393 3049; x_wconf 84' lang='lat' dir='ltr'><strong>conferre</strong></span> <span class='ocrx_word' id='word_1_368' title='bbox 2417 2986 2583 3051; x_wconf 88' lang='lat' dir='ltr'><strong>bona</strong></span> <span class='ocrx_word' id='word_1_369' title='bbox 2608 2986 3005 3069; x_wconf 79' lang='lat' dir='ltr'><strong>spiritualia3</strong></span> <span class='ocrx_word' id='word_1_370' title='bbox 3032 3008 3133 3063; x_wconf 91' lang='lat' dir='ltr'><strong>ne,</strong></span> <span class='ocrx_word' id='word_1_371' title='bbox 3160 2987 3437 3069; x_wconf 79' lang='lat' dir='ltr'><strong>inquam,</strong></span> <span class='ocrx_word' id='word_1_372' title='bbox 3458 2984 3581 3047; x_wconf 70' lang='lat' dir='ltr'><strong>forte</strong></span> 
     </span>
     <span class='ocr_line' id='line_1_47' title="bbox 713 3072 3574 3156; baseline -0 -21"><span class='ocrx_word' id='word_1_373' title='bbox 713 3072 972 3136; x_wconf 86' lang='lat' dir='ltr'><strong>credant</strong></span> <span class='ocrx_word' id='word_1_374' title='bbox 1017 3076 1130 3135; x_wconf 87' lang='lat' dir='ltr'><strong>aut</strong></span> <span class='ocrx_word' id='word_1_375' title='bbox 1177 3073 1578 3156; x_wconf 89' lang='lat' dir='ltr'><strong>suspicentur</strong></span> <span class='ocrx_word' id='word_1_376' title='bbox 1621 3095 1723 3136; x_wconf 90' lang='lat' dir='ltr'><strong>me</strong></span> <span class='ocrx_word' id='word_1_377' title='bbox 1770 3073 2119 3137; x_wconf 89' lang='lat' dir='ltr'><strong>antithesin</strong></span> <span class='ocrx_word' id='word_1_378' title='bbox 2155 3074 2262 3139; x_wconf 90' lang='lat' dir='ltr'><strong>hic</strong></span> <span class='ocrx_word' id='word_1_379' title='bbox 2305 3078 2520 3138; x_wconf 91' lang='lat' dir='ltr'><strong>tenere</strong></span> <span class='ocrx_word' id='word_1_380' title='bbox 2545 3078 2657 3137; x_wconf 87' lang='lat' dir='ltr'><strong>aut</strong></span> <span class='ocrx_word' id='word_1_381' title='bbox 2680 3078 2827 3138; x_wconf 88' lang='lat' dir='ltr'><strong>ante</strong></span> <span class='ocrx_word' id='word_1_382' title='bbox 2852 3074 2976 3137; x_wconf 90' lang='lat' dir='ltr'><strong>hac</strong></span> <span class='ocrx_word' id='word_1_383' title='bbox 2999 3075 3301 3138; x_wconf 90' lang='lat' dir='ltr'><strong>tenuisse.</strong></span> <span class='ocrx_word' id='word_1_384' title='bbox 3348 3072 3574 3137; x_wconf 78' lang='lat' dir='ltr'><strong>&#39;rantum</strong></span> 
     </span>
     <span class='ocr_line' id='line_1_48' title="bbox 713 3158 3578 3245; baseline 0 -23"><span class='ocrx_word' id='word_1_385' title='bbox 713 3160 882 3223; x_wconf 89' lang='lat' dir='ltr'><strong>enim</strong></span> <span class='ocrx_word' id='word_1_386' title='bbox 921 3160 1002 3224; x_wconf 89' lang='lat' dir='ltr'><strong>ab</strong></span> <span class='ocrx_word' id='word_1_387' title='bbox 1039 3160 1161 3225; x_wconf 92' lang='lat' dir='ltr'><strong>hoc</strong></span> <span class='ocrx_word' id='word_1_388' title='bbox 1199 3161 1400 3240; x_wconf 89' lang='lat' dir='ltr'><strong>abest,</strong></span> <span class='ocrx_word' id='word_1_389' title='bbox 1427 3165 1499 3225; x_wconf 90' lang='lat' dir='ltr'><strong>ut</strong></span> <span class='ocrx_word' id='word_1_390' title='bbox 1521 3165 1656 3225; x_wconf 90' lang='lat' dir='ltr'><strong>toto</strong></span> <span class='ocrx_word' id='word_1_391' title='bbox 1678 3160 1790 3225; x_wconf 91' lang='lat' dir='ltr'><strong>illo</strong></span> <span class='ocrx_word' id='word_1_392' title='bbox 1816 3166 2213 3245; x_wconf 85' lang='lat' dir='ltr'><strong>argumento,</strong></span> <span class='ocrx_word' id='word_1_393' title='bbox 2241 3162 2407 3245; x_wconf 90' lang='lat' dir='ltr'><strong>quod</strong></span> <span class='ocrx_word' id='word_1_394' title='bbox 2432 3168 2529 3226; x_wconf 88' lang='lat' dir='ltr'><strong>est</strong></span> <span class='ocrx_word' id='word_1_395' title='bbox 2552 3162 2769 3226; x_wconf 89' lang='lat' dir='ltr'><strong>ordine</strong></span> <span class='ocrx_word' id='word_1_396' title='bbox 2794 3167 3119 3245; x_wconf 86' lang='lat' dir='ltr'><strong>quartum,</strong></span> <span class='ocrx_word' id='word_1_397' title='bbox 3144 3184 3227 3226; x_wconf 91' lang='lat' dir='ltr'><strong>ne</strong></span> <span class='ocrx_word' id='word_1_398' title='bbox 3251 3158 3578 3227; x_wconf 23' lang='lat' dir='ltr'><strong>nominarim.</strong></span> 
     </span>
     <span class='ocr_line' id='line_1_49' title="bbox 711 3248 3301 3335; baseline 0 -23"><span class='ocrx_word' id='word_1_399' title='bbox 711 3248 964 3331; x_wconf 86' lang='lat' dir='ltr'><strong>quidem</strong></span> <span class='ocrx_word' id='word_1_400' title='bbox 998 3248 1344 3313; x_wconf 90' lang='lat' dir='ltr'><strong>humanam</strong></span> <span class='ocrx_word' id='word_1_401' title='bbox 1368 3254 1662 3313; x_wconf 88' lang='lat' dir='ltr'><strong>naturam</strong></span> <span class='ocrx_word' id='word_1_402' title='bbox 1689 3248 1945 3313; x_wconf 89' lang='lat' dir='ltr'><strong>Christi.</strong></span> <span class='ocrx_word' id='word_1_403' title='bbox 1996 3249 2159 3313; x_wconf 87' lang='lat' dir='ltr'><strong>Vide</strong></span> <span class='ocrx_word' id='word_1_404' title='bbox 2196 3250 2252 3313; x_wconf 94' lang='lat'><strong>1.</strong></span> <span class='ocrx_word' id='word_1_405' title='bbox 2276 3262 2444 3334; x_wconf 77' lang='lat' dir='ltr'><strong>part.</strong></span> <span class='ocrx_word' id='word_1_406' title='bbox 2471 3251 2637 3334; x_wconf 80' lang='lat' dir='ltr'><strong>disp.</strong></span> <span class='ocrx_word' id='word_1_407' title='bbox 2661 3262 3033 3315; x_wconf 72' lang='lat' dir='ltr'><strong>‘nostrarum</strong></span> <span class='ocrx_word' id='word_1_408' title='bbox 3056 3272 3121 3335; x_wconf 83' lang='lat' dir='ltr'><strong>p.</strong></span> <span class='ocrx_word' id='word_1_409' title='bbox 3150 3252 3301 3314; x_wconf 88' lang='lat'><strong>559.</strong></span> 
     </span>
    </p>

    <p class='ocr_par' dir='ltr' id='par_1_4' title="bbox 704 3333 3592 4393">
     <span class='ocr_line' id='line_1_50' title="bbox 799 3333 3573 3422; baseline -0.003 -19"><span class='ocrx_word' id='word_1_410' title='bbox 799 3333 870 3403; x_wconf 83' lang='lat'><strong>3.</strong></span> <span class='ocrx_word' id='word_1_411' title='bbox 917 3334 1189 3400; x_wconf 88' lang='lat' dir='ltr'><strong>Restant</strong></span> <span class='ocrx_word' id='word_1_412' title='bbox 1235 3337 1478 3421; x_wconf 88' lang='lat' dir='ltr'><strong>aliquot</strong></span> <span class='ocrx_word' id='word_1_413' title='bbox 1524 3337 1911 3422; x_wconf 80' lang='lat' dir='ltr'><strong>hypotheses</strong></span> <span class='ocrx_word' id='word_1_414' title='bbox 1954 3338 2352 3421; x_wconf 80' lang='lat' dir='ltr'><strong>opponentiS,</strong></span> <span class='ocrx_word' id='word_1_415' title='bbox 2402 3342 2513 3403; x_wconf 88' lang='lat' dir='ltr'><strong>aut</strong></span> <span class='ocrx_word' id='word_1_416' title='bbox 2558 3339 2899 3422; x_wconf 88' lang='lat' dir='ltr'><strong>postulata,</strong></span> <span class='ocrx_word' id='word_1_417' title='bbox 2924 3362 3051 3402; x_wconf 90' lang='lat' dir='ltr'><strong>non</strong></span> <span class='ocrx_word' id='word_1_418' title='bbox 3078 3360 3393 3413; x_wconf 82' lang='lat' dir='ltr'><strong>concessa,</strong></span> <span class='ocrx_word' id='word_1_419' title='bbox 3426 3354 3573 3400; x_wconf 83' lang='lat' dir='ltr'><strong>remo-</strong></span> 
     </span>
     <span class='ocr_line' id='line_1_51' title="bbox 708 3422 3573 3511; baseline -0.002 -24"><span class='ocrx_word' id='word_1_420' title='bbox 708 3424 930 3487; x_wconf 87' lang='lat' dir='ltr'><strong>venda.</strong></span> <span class='ocrx_word' id='word_1_421' title='bbox 958 3422 1363 3508; x_wconf 86' lang='lat' dir='ltr'><strong>Hypotheses</strong></span> <span class='ocrx_word' id='word_1_422' title='bbox 1389 3426 1538 3489; x_wconf 89' lang='lat' dir='ltr'><strong>illae</strong></span> <span class='ocrx_word' id='word_1_423' title='bbox 1563 3426 2043 3508; x_wconf 77' lang='lat' dir='ltr'><strong>seupostulata,</strong></span> <span class='ocrx_word' id='word_1_424' title='bbox 2072 3448 2234 3509; x_wconf 90' lang='lat' dir='ltr'><strong>quae</strong></span> <span class='ocrx_word' id='word_1_425' title='bbox 2260 3426 2721 3491; x_wconf 87' lang='lat' dir='ltr'><strong>controversiae</strong></span> <span class='ocrx_word' id='word_1_426' title='bbox 2745 3427 3082 3511; x_wconf 85' lang='lat' dir='ltr'><strong>principali</strong></span> <span class='ocrx_word' id='word_1_427' title='bbox 3112 3428 3573 3511; x_wconf 71' lang='lat' dir='ltr'><strong>praemittuntur,</strong></span> 
     </span>
     <span class='ocr_line' id='line_1_52' title="bbox 707 3508 3572 3599; baseline -0 -25"><span class='ocrx_word' id='word_1_428' title='bbox 707 3511 867 3575; x_wconf 91' lang='lat' dir='ltr'><strong>mihi</strong></span> <span class='ocrx_word' id='word_1_429' title='bbox 915 3512 1230 3590; x_wconf 84' lang='lat' dir='ltr'><strong>videntur,</strong></span> <span class='ocrx_word' id='word_1_430' title='bbox 1277 3516 1351 3576; x_wconf 92' lang='grc'><strong>111</strong></span> <span class='ocrx_word' id='word_1_431' title='bbox 1391 3512 1666 3597; x_wconf 86' lang='lat' dir='ltr'><strong>ingenue</strong></span> <span class='ocrx_word' id='word_1_432' title='bbox 1711 3514 1939 3587; x_wconf 80' lang='lat' dir='ltr'><strong>fatear,</strong></span> <span class='ocrx_word' id='word_1_433' title='bbox 1972 3515 2239 3579; x_wconf 88' lang='lat' dir='ltr'><strong>totidem</strong></span> <span class='ocrx_word' id='word_1_434' title='bbox 2262 3514 2533 3579; x_wconf 90' lang='lat' dir='ltr'><strong>latibula</strong></span> <span class='ocrx_word' id='word_1_435' title='bbox 2558 3537 2691 3578; x_wconf 88' lang='lat' dir='ltr'><strong>esse</strong></span> <span class='ocrx_word' id='word_1_436' title='bbox 2725 3515 3208 3599; x_wconf 83' lang='lat' dir='ltr'><strong>extravagantis</strong></span> <span class='ocrx_word' id='word_1_437' title='bbox 3235 3508 3572 3579; x_wconf 72' lang='lat' dir='ltr'><strong>abductionis</strong></span> 
     </span>
     <span class='ocr_line' id='line_1_53' title="bbox 709 3599 3571 3689; baseline 0 -25"><span class='ocrx_word' id='word_1_438' title='bbox 709 3599 755 3664; x_wconf 78' lang='lat'>&amp;</span> <span class='ocrx_word' id='word_1_439' title='bbox 800 3600 1090 3683; x_wconf 90' lang='lat' dir='ltr'><strong>quaesita</strong></span> <span class='ocrx_word' id='word_1_440' title='bbox 1136 3601 1212 3664; x_wconf 90' lang='lat' dir='ltr'><strong>de</strong></span> <span class='ocrx_word' id='word_1_441' title='bbox 1257 3622 1418 3665; x_wconf 87' lang='lat' dir='ltr'><strong>novo</strong></span> <span class='ocrx_word' id='word_1_442' title='bbox 1465 3602 1927 3665; x_wconf 87' lang='lat' dir='ltr'><strong>controversiae</strong></span> <span class='ocrx_word' id='word_1_443' title='bbox 1976 3624 2139 3685; x_wconf 92' lang='lat' dir='ltr'><strong>quae</strong></span> <span class='ocrx_word' id='word_1_444' title='bbox 2185 3624 2499 3686; x_wconf 89' lang='lat' dir='ltr'><strong>nusquam</strong></span> <span class='ocrx_word' id='word_1_445' title='bbox 2546 3607 2661 3667; x_wconf 91' lang='lat' dir='ltr'><strong>est.</strong></span> <span class='ocrx_word' id='word_1_446' title='bbox 2708 3604 2765 3665; x_wconf 93' lang='lat'><strong>1.</strong></span> <span class='ocrx_word' id='word_1_447' title='bbox 2800 3602 3056 3689; x_wconf 77' lang='lat' dir='ltr'><strong>hypoth.</strong></span> <span class='ocrx_word' id='word_1_448' title='bbox 3090 3625 3201 3669; x_wconf 79' lang='lat' dir='ltr'><strong>seu</strong></span> <span class='ocrx_word' id='word_1_449' title='bbox 3224 3606 3571 3689; x_wconf 72' lang='lat' dir='ltr'><strong>postulatum.</strong></span> 
     </span>
     <span class='ocr_line' id='line_1_54' title="bbox 709 3686 3592 3777; baseline 0.001 -27"><span class='ocrx_word' id='word_1_450' title='bbox 709 3686 1050 3763; x_wconf 81' lang='lat' dir='ltr'><strong>Quaeritur</strong></span> <span class='ocrx_word' id='word_1_451' title='bbox 1080 3689 1388 3773; x_wconf 84' lang='lat' dir='ltr'><strong>effugium</strong></span> <span class='ocrx_word' id='word_1_452' title='bbox 1430 3688 1686 3771; x_wconf 89' lang='lat' dir='ltr'><strong>aliquod</strong></span> <span class='ocrx_word' id='word_1_453' title='bbox 1716 3689 1783 3752; x_wconf 92' lang='lat' dir='ltr'><strong>in</strong></span> <span class='ocrx_word' id='word_1_454' title='bbox 1818 3689 2223 3755; x_wconf 89' lang='lat' dir='ltr'><strong>distinctione</strong></span> <span class='ocrx_word' id='word_1_455' title='bbox 2248 3690 2513 3755; x_wconf 88' lang='lat' dir='ltr'><strong>rationis</strong></span> <span class='ocrx_word' id='word_1_456' title='bbox 2536 3690 2823 3755; x_wconf 84' lang='lat' dir='ltr'><strong>formalis</strong></span> <span class='ocrx_word' id='word_1_457' title='bbox 2847 3692 2962 3756; x_wconf 80' lang='lat' dir='ltr'><strong>sub</strong></span> <span class='ocrx_word' id='word_1_458' title='bbox 2987 3713 3117 3777; x_wconf 77' lang='lat' dir='ltr'><strong>qua</strong></span> <span class='ocrx_word' id='word_1_459' title='bbox 3148 3714 3263 3755; x_wconf 88' lang='lat' dir='ltr'><strong>seu</strong></span> <span class='ocrx_word' id='word_1_460' title='bbox 3286 3712 3397 3777; x_wconf 79' lang='lat' dir='ltr'><strong>per</strong></span> <span class='ocrx_word' id='word_1_461' title='bbox 3416 3706 3592 3777; x_wconf 60' lang='lat' dir='ltr'><strong>qulam·-</strong></span> 
     </span>
     <span class='ocr_line' id='line_1_55' title="bbox 708 3774 3567 3866; baseline 0 -27"><span class='ocrx_word' id='word_1_462' title='bbox 708 3776 841 3859; x_wconf 80' lang='lat' dir='ltr'><strong>Rel.</strong></span> <span class='ocrx_word' id='word_1_463' title='bbox 870 3776 926 3839; x_wconf 95' lang='lat'><strong>1.</strong></span> <span class='ocrx_word' id='word_1_464' title='bbox 965 3774 1515 3843; x_wconf 75' lang='lat' dir='ltr'><strong>Subdistinctiones</strong></span> <span class='ocrx_word' id='word_1_465' title='bbox 1547 3777 1812 3840; x_wconf 88' lang='lat' dir='ltr'><strong>rationis</strong></span> <span class='ocrx_word' id='word_1_466' title='bbox 1844 3777 2151 3857; x_wconf 86' lang='lat' dir='ltr'><strong>formalis,</strong></span> <span class='ocrx_word' id='word_1_467' title='bbox 2187 3798 2363 3865; x_wconf 83' lang='lat' dir='ltr'><strong>quae,</strong></span> <span class='ocrx_word' id='word_1_468' title='bbox 2398 3801 2509 3843; x_wconf 91' lang='lat' dir='ltr'><strong>seu</strong></span> <span class='ocrx_word' id='word_1_469' title='bbox 2540 3800 2653 3862; x_wconf 78' lang='lat' dir='ltr'><strong>per</strong></span> <span class='ocrx_word' id='word_1_470' title='bbox 2682 3798 2877 3865; x_wconf 81' lang='lat' dir='ltr'><strong>qua-m</strong></span> <span class='ocrx_word' id='word_1_471' title='bbox 2902 3782 2947 3845; x_wconf 84' lang='lat'>&amp;</span> <span class='ocrx_word' id='word_1_472' title='bbox 2978 3780 3095 3845; x_wconf 77' lang='lat' dir='ltr'><strong>sub</strong></span> <span class='ocrx_word' id='word_1_473' title='bbox 3121 3802 3269 3866; x_wconf 79' lang='lat' dir='ltr'><strong>qua,</strong></span> <span class='ocrx_word' id='word_1_474' title='bbox 3298 3802 3450 3864; x_wconf 80' lang='lat' dir='ltr'><strong>quas</strong></span> <span class='ocrx_word' id='word_1_475' title='bbox 3470 3796 3567 3840; x_wconf 86' lang='lat' dir='ltr'><strong>enu-</strong></span> 
     </span>
     <span class='ocr_line' id='line_1_56' title="bbox 708 3862 3570 3953; baseline 0.001 -27"><span class='ocrx_word' id='word_1_476' title='bbox 708 3868 914 3927; x_wconf 89' lang='lat' dir='ltr'><strong>merat</strong></span> <span class='ocrx_word' id='word_1_477' title='bbox 959 3862 1300 3931; x_wconf 74' lang='lat' dir='ltr'><strong>Castaneas</strong></span> <span class='ocrx_word' id='word_1_478' title='bbox 1334 3866 1402 3929; x_wconf 76' lang='lat' dir='ltr'><strong>in</strong></span> <span class='ocrx_word' id='word_1_479' title='bbox 1433 3865 1956 3941; x_wconf 74' lang='lat' dir='ltr'><strong>distinctionibus,</strong></span> <span class='ocrx_word' id='word_1_480' title='bbox 1990 3866 2221 3948; x_wconf 91' lang='lat' dir='ltr'><strong>quibus</strong></span> <span class='ocrx_word' id='word_1_481' title='bbox 2254 3870 2567 3950; x_wconf 88' lang='lat' dir='ltr'><strong>quartam,</strong></span> <span class='ocrx_word' id='word_1_482' title='bbox 2594 3889 2673 3935; x_wconf 74' lang='lat' dir='ltr'><strong>em</strong></span> <span class='ocrx_word' id='word_1_483' title='bbox 2694 3888 2823 3953; x_wconf 83' lang='lat' dir='ltr'><strong>qua</strong></span> <span class='ocrx_word' id='word_1_484' title='bbox 2846 3868 3041 3945; x_wconf 87' lang='lat' dir='ltr'><strong>addit,</strong></span> <span class='ocrx_word' id='word_1_485' title='bbox 3078 3873 3193 3932; x_wconf 84' lang='lat' dir='ltr'><strong>aut</strong></span> <span class='ocrx_word' id='word_1_486' title='bbox 3216 3869 3439 3932; x_wconf 88' lang='lat' dir='ltr'><strong>saltem</strong></span> <span class='ocrx_word' id='word_1_487' title='bbox 3466 3880 3570 3929; x_wconf 64' lang='lat' dir='ltr'><strong>note</strong></span> 
     </span>
     <span class='ocr_line' id='line_1_57' title="bbox 707 3948 3561 4043; baseline 0.001 -29"><span class='ocrx_word' id='word_1_488' title='bbox 707 3955 970 4034; x_wconf 88' lang='lat' dir='ltr'><strong>usurpat</strong></span> <span class='ocrx_word' id='word_1_489' title='bbox 1012 3953 1324 4016; x_wconf 84' lang='lat' dir='ltr'><strong>recentior</strong></span> <span class='ocrx_word' id='word_1_490' title='bbox 1353 3952 1717 4038; x_wconf 82' lang='lat' dir='ltr'><strong>Theologus</strong></span> <span class='ocrx_word' id='word_1_491' title='bbox 1740 3952 1782 4017; x_wconf 88' lang='lat' dir='ltr'><strong>J</strong></span> <span class='ocrx_word' id='word_1_492' title='bbox 1787 3952 1991 4017; x_wconf 86' lang='lat' dir='ltr'><strong>esuita</strong></span> <span class='ocrx_word' id='word_1_493' title='bbox 2016 3956 2238 4019; x_wconf 81' lang='lat' dir='ltr'><strong>Franc.</strong></span> <span class='ocrx_word' id='word_1_494' title='bbox 2273 3954 2631 4020; x_wconf 71' lang='lat' dir='ltr'><strong>Albereinus</strong></span> <span class='ocrx_word' id='word_1_495' title='bbox 2656 3957 2725 4021; x_wconf 82' lang='lat' dir='ltr'><strong>in</strong></span> <span class='ocrx_word' id='word_1_496' title='bbox 2748 3957 3094 4021; x_wconf 77' lang='lat' dir='ltr'><strong>corollariis</strong></span> <span class='ocrx_word' id='word_1_497' title='bbox 3118 3978 3231 4023; x_wconf 69' lang='lat' dir='ltr'><strong>seu</strong></span> <span class='ocrx_word' id='word_1_498' title='bbox 3254 3948 3561 4043; x_wconf 57' lang='lat' dir='ltr'><strong>quaestioni</strong></span> 
     </span>
     <span class='ocr_line' id='line_1_58' title="bbox 704 4038 3567 4126; baseline 0.001 -24"><span class='ocrx_word' id='word_1_499' title='bbox 704 4038 821 4103; x_wconf 75' lang='lat' dir='ltr'><strong>bus</strong></span> <span class='ocrx_word' id='word_1_500' title='bbox 875 4040 1208 4126; x_wconf 73' lang='lat' dir='ltr'><strong>Theoloyic.</strong></span> <span class='ocrx_word' id='word_1_501' title='bbox 1259 4053 1404 4105; x_wconf 76' lang='lat' dir='ltr'><strong>tom.</strong></span> <span class='ocrx_word' id='word_1_502' title='bbox 1455 4043 1514 4103; x_wconf 89' lang='lat'><strong>2.</strong></span> <span class='ocrx_word' id='word_1_503' title='bbox 1562 4044 1769 4107; x_wconf 82' lang='lat' dir='ltr'><strong>coroll.</strong></span> <span class='ocrx_word' id='word_1_504' title='bbox 1806 4042 1868 4106; x_wconf 90' lang='lat'><strong>5.</strong></span> <span class='ocrx_word' id='word_1_505' title='bbox 1893 4041 2087 4106; x_wconf 79' lang='lat' dir='ltr'><strong>dubit.</strong></span> <span class='ocrx_word' id='word_1_506' title='bbox 2117 4045 2177 4107; x_wconf 88' lang='lat'><strong>3.</strong></span> <span class='ocrx_word' id='word_1_507' title='bbox 2205 4046 2315 4107; x_wconf 88' lang='lat' dir='ltr'><strong>aut</strong></span> <span class='ocrx_word' id='word_1_508' title='bbox 2340 4065 2555 4107; x_wconf 90' lang='lat' dir='ltr'><strong>omnes</strong></span> <span class='ocrx_word' id='word_1_509' title='bbox 2581 4045 2801 4108; x_wconf 90' lang='lat' dir='ltr'><strong>eodem</strong></span> <span class='ocrx_word' id='word_1_510' title='bbox 2832 4045 3157 4122; x_wconf 79' lang='lat' dir='ltr'><strong>recidunt3</strong></span> <span class='ocrx_word' id='word_1_511' title='bbox 3188 4050 3301 4109; x_wconf 86' lang='lat' dir='ltr'><strong>aut</strong></span> <span class='ocrx_word' id='word_1_512' title='bbox 3328 4046 3381 4109; x_wconf 88' lang='lat' dir='ltr'><strong>si</strong></span> <span class='ocrx_word' id='word_1_513' title='bbox 3412 4040 3567 4107; x_wconf 75' lang='lat' dir='ltr'><strong>distin-</strong></span> 
     </span>
     <span class='ocr_line' id='line_1_59' title="bbox 705 4128 3565 4217; baseline 0.001 -28"><span class='ocrx_word' id='word_1_514' title='bbox 705 4130 986 4210; x_wconf 87' lang='lat' dir='ltr'><strong>guantur</strong></span> <span class='ocrx_word' id='word_1_515' title='bbox 1027 4150 1154 4192; x_wconf 91' lang='lat' dir='ltr'><strong>non</strong></span> <span class='ocrx_word' id='word_1_516' title='bbox 1198 4128 1442 4193; x_wconf 84' lang='lat' dir='ltr'><strong>faciunt</strong></span> <span class='ocrx_word' id='word_1_517' title='bbox 1489 4129 1568 4192; x_wconf 88' lang='lat' dir='ltr'><strong>ad</strong></span> <span class='ocrx_word' id='word_1_518' title='bbox 1608 4128 2205 4212; x_wconf 89' lang='lat' dir='ltr'><strong>multiplicationem</strong></span> <span class='ocrx_word' id='word_1_519' title='bbox 2229 4133 2275 4197; x_wconf 75' lang='lat'><strong>&amp;</strong></span> <span class='ocrx_word' id='word_1_520' title='bbox 2306 4131 2776 4196; x_wconf 89' lang='lat' dir='ltr'><strong>distinctionem</strong></span> <span class='ocrx_word' id='word_1_521' title='bbox 2803 4132 3195 4217; x_wconf 85' lang='lat' dir='ltr'><strong>objectorum</strong></span> <span class='ocrx_word' id='word_1_522' title='bbox 3224 4131 3565 4198; x_wconf 78' lang='lat' dir='ltr'><strong>formalium:</strong></span> 
     </span>
     <span class='ocr_line' id='line_1_60' title="bbox 707 4214 3569 4302; baseline 0.002 -26"><span class='ocrx_word' id='word_1_523' title='bbox 707 4234 872 4296; x_wconf 89' lang='lat' dir='ltr'><strong>quae</strong></span> <span class='ocrx_word' id='word_1_524' title='bbox 895 4220 1180 4298; x_wconf 88' lang='lat' dir='ltr'><strong>respectu</strong></span> <span class='ocrx_word' id='word_1_525' title='bbox 1207 4217 1390 4281; x_wconf 87' lang='lat' dir='ltr'><strong>unius</strong></span> <span class='ocrx_word' id='word_1_526' title='bbox 1422 4216 1628 4299; x_wconf 89' lang='lat' dir='ltr'><strong>specie</strong></span> <span class='ocrx_word' id='word_1_527' title='bbox 1654 4222 1830 4282; x_wconf 88' lang='lat' dir='ltr'><strong>actus</strong></span> <span class='ocrx_word' id='word_1_528' title='bbox 1857 4217 1903 4281; x_wconf 81' lang='lat'><strong>&amp;</strong></span> <span class='ocrx_word' id='word_1_529' title='bbox 1927 4217 2252 4283; x_wconf 84' lang='lat' dir='ltr'><strong>facultatis</strong></span> <span class='ocrx_word' id='word_1_530' title='bbox 2278 4240 2527 4302; x_wconf 90' lang='lat' dir='ltr'><strong>semper</strong></span> <span class='ocrx_word' id='word_1_531' title='bbox 2548 4222 2802 4285; x_wconf 89' lang='lat' dir='ltr'><strong>tantum</strong></span> <span class='ocrx_word' id='word_1_532' title='bbox 2830 4243 3026 4285; x_wconf 90' lang='lat' dir='ltr'><strong>unum</strong></span> <span class='ocrx_word' id='word_1_533' title='bbox 3052 4225 3228 4299; x_wconf 88' lang='lat' dir='ltr'><strong>sunt,</strong></span> <span class='ocrx_word' id='word_1_534' title='bbox 3260 4222 3443 4286; x_wconf 81' lang='lat' dir='ltr'><strong>sicuti</strong></span> <span class='ocrx_word' id='word_1_535' title='bbox 3462 4214 3569 4283; x_wconf 72' lang='lat' dir='ltr'><strong>ratio</strong></span> 
     </span>
     <span class='ocr_line' id='line_1_61' title="bbox 705 4301 3565 4393; baseline 0.003 -30"><span class='ocrx_word' id='word_1_536' title='bbox 705 4301 991 4369; x_wconf 80' lang='lat' dir='ltr'><strong>formalis</strong></span> <span class='ocrx_word' id='word_1_537' title='bbox 1022 4304 1215 4367; x_wconf 89' lang='lat' dir='ltr'><strong>etiam</strong></span> <span class='ocrx_word' id='word_1_538' title='bbox 1239 4308 1488 4367; x_wconf 88' lang='lat' dir='ltr'><strong>tantum</strong></span> <span class='ocrx_word' id='word_1_539' title='bbox 1514 4326 1640 4368; x_wconf 91' lang='lat' dir='ltr'><strong>una</strong></span> <span class='ocrx_word' id='word_1_540' title='bbox 1665 4310 1779 4381; x_wconf 88' lang='lat' dir='ltr'><strong>est,</strong></span> <span class='ocrx_word' id='word_1_541' title='bbox 1815 4306 2125 4388; x_wconf 88' lang='lat' dir='ltr'><strong>siquidem</strong></span> <span class='ocrx_word' id='word_1_542' title='bbox 2153 4311 2557 4371; x_wconf 88' lang='lat' dir='ltr'><strong>convertatur</strong></span> <span class='ocrx_word' id='word_1_543' title='bbox 2580 4330 2722 4372; x_wconf 90' lang='lat' dir='ltr'><strong>cum</strong></span> <span class='ocrx_word' id='word_1_544' title='bbox 2749 4310 2995 4393; x_wconf 86' lang='lat' dir='ltr'><strong>objecto</strong></span> <span class='ocrx_word' id='word_1_545' title='bbox 3020 4310 3283 4374; x_wconf 84' lang='lat' dir='ltr'><strong>formali</strong></span> <span class='ocrx_word' id='word_1_546' title='bbox 3308 4332 3416 4374; x_wconf 88' lang='lat' dir='ltr'><strong>seu</strong></span> <span class='ocrx_word' id='word_1_547' title='bbox 3438 4322 3565 4372; x_wconf 72' lang='lat' dir='ltr'><strong>smo-</strong></span> 
     </span>
    </p>
   </div>
   <div class='ocr_carea' id='block_1_4' title="bbox 707 4378 3569 4567">
    <p class='ocr_par' dir='ltr' id='par_1_5' title="bbox 707 4378 3569 4567">
     <span class='ocr_line' id='line_1_62' title="bbox 707 4378 3567 4543; baseline 0.003 -94"><span class='ocrx_word' id='word_1_548' title='bbox 707 4408 969 4472; x_wconf 85' lang='lat' dir='ltr'><strong>nymum</strong></span> <span class='ocrx_word' id='word_1_549' title='bbox 992 4391 1078 4453; x_wconf 89' lang='lat' dir='ltr'><strong>sit</strong></span> <span class='ocrx_word' id='word_1_550' title='bbox 1097 4404 1200 4457; x_wconf 76' lang='grc' dir='ltr'><strong>τοῦ</strong></span> <span class='ocrx_word' id='word_1_551' title='bbox 1221 4391 1449 4475; x_wconf 90' lang='lat' dir='ltr'><strong>objecti</strong></span> <span class='ocrx_word' id='word_1_552' title='bbox 1473 4392 1782 4457; x_wconf 77' lang='lat' dir='ltr'><strong>formalis,</strong></span> <span class='ocrx_word' id='word_1_553' title='bbox 1833 4394 1893 4458; x_wconf 85' lang='lat'><strong>2.</strong></span> <span class='ocrx_word' id='word_1_554' title='bbox 1928 4396 2233 4461; x_wconf 74' lang='lat' dir='ltr'><strong>terminus</strong></span> <span class='ocrx_word' id='word_1_555' title='bbox 2266 4396 2530 4461; x_wconf 86' lang='lat' dir='ltr'><strong>rationis</strong></span> <span class='ocrx_word' id='word_1_556' title='bbox 2552 4394 2843 4461; x_wconf 87' lang='lat' dir='ltr'><strong>formalis</strong></span> <span class='ocrx_word' id='word_1_557' title='bbox 2868 4397 2982 4463; x_wconf 79' lang='lat' dir='ltr'><strong>sub</strong></span> <span class='ocrx_word' id='word_1_558' title='bbox 3005 4420 3137 4484; x_wconf 80' lang='lat' dir='ltr'><strong>qna</strong></span> <span class='ocrx_word' id='word_1_559' title='bbox 3160 4399 3332 4483; x_wconf 86' lang='lat' dir='ltr'><strong>apud</strong></span> <span class='ocrx_word' id='word_1_560' title='bbox 3356 4378 3567 4543; x_wconf 52' lang='lat' dir='ltr'><strong>philogo-</strong></span> 
     </span>
     <span class='ocr_line' id='line_1_63' title="bbox 3468 4496 3569 4567; baseline 0 -26"><span class='ocrx_word' id='word_1_561' title='bbox 3468 4506 3497 4567; x_wconf 87' lang='lat' dir='ltr'><strong>p</strong></span> <span class='ocrx_word' id='word_1_562' title='bbox 3528 4496 3569 4541; x_wconf 73' lang='lat'><strong>05</strong></span> 
     </span>
    </p>
   </div>
  </div>
 </body>
</html>
