3694 4871
462 335 677 403 str.
725 336 839 403 IX.
886 338 997 404 Dn
1046 336 1295 403 SrAru
1342 337 1821 403 Enac'roauu
1869 358 2052 402 Aura
2097 334 2742 403 Convensmnnn.
2927 336 3060 401 269

144 524 289 590 dum
332 526 541 610 maqis
574 522 639 589 ἃ·
685 524 922 605 mima)
948 527 1099 610 Jure
1144 526 1361 591 merito
1398 522 1477 589 ab
1524 522 1818 589 omnibus
1851 522 2132 589 civilibus
2171 521 2406 589 actibus
2435 524 2867 603 eliminantur,
2898 522 2962 589 ἃ·
2993 525 3064 588 in

142 612 365 679 &dictis
410 614 674 679 omnino
696 626 1099 681 excusamur.
1148 614 1495 681 Dementes
1540 612 1717 677 tertii
1741 612 1999 697 gradus,
2026 612 2137 695 qui
2160 611 2415 695 proprie
2441 617 2723 677 amentes
2747 612 3063 690 dicuntur,

144 722 255 787 ego
296 702 770 787 intelligebam,
818 706 864 770 8(
909 702 1272 788 cogitabam
1317 707 1470 767 tunc
1516 702 1807 784 exempla
1838 701 2084 784 aliquot
2129 700 2290 763 mihi
2340 700 2476 765 visa
2515 722 2731 765 eorum
2765 722 2923 785 quos
2947 723 3063 767 nec

142 812 339 855 sermo
392 790 749 869 rationalis,
785 814 901 857 nec
948 790 1165 875 aliqua
1204 792 1367 857 actio
1392 790 1672 854 humana
1698 792 1735 853 a
1762 788 1968 854 brutis
1993 789 2449 875 distinguebat,
2476 790 2711 873 quique
2742 790 3062 855 incondito

140 879 339 943 solum
386 880 667 944 clamore
712 881 759 946 ἃ
804 902 959 945 sono
1004 881 1205 945 animi
1244 878 1571 965 passiones
1611 899 1755 942 cum
1778 877 1987 942 brutis
2011 899 2377 942 communes
2401 876 2788 957 indicabant,
2814 884 3062 944 caetera

139 968 395 1033 canibus
418 970 465 1033 a
496 968 818 1034 similibus
840 969 1049 1034 brutis
1080 969 1248 1053 quod
1270 969 1350 1035 ad
1384 967 1664 1033 actiones
1688 967 1998 1031 animales
2030 967 2218 1051 longe
2272 965 2604 1032 inferiores
2622 971 2803 1033 erant
2826 991 2841 1044 3
2868 970 3060 1052 atque

138 1056 225 1121 ita
244 1057 325 1121 ad
348 1056 639 1122 ordinem
663 1056 1009 1123 infantium
1038 1058 1367 1143 analogice
1390 1054 1725 1121 referendi.
1776 1055 2033 1140 Eoeipiat
2058 1056 2221 1139 quis,
2248 1077 2375 1119 non
2399 1076 2536 1119 esse
2559 1078 2674 1139 per
2705 1055 2919 1121 omnia
2941 1079 3057 1140 pa·

138 1166 265 1209 rem
310 1146 633 1211 rationem
670 1146 1017 1211 infantium
1064 1150 1111 1215 &0
1157 1146 1543 1213 amentium:
1586 1143 1821 1228 quippe
1871 1144 1982 1229 qui
2027 1143 2278 1208 subsint
2308 1145 2582 1227 peccatis
2607 1145 2986 1223 actualibuS,
3011 1146 3058 1210 δι

138 1235 513 1319 quandoque
559 1234 831 1301 scientes
884 1236 931 1301 ἃ
980 1236 1262 1302 volentes
1307 1235 1375 1300 in
1420 1233 1690 1319 grandia
1736 1233 1978 1298 scelera
2015 1231 2317 1297 incidant.
2369 1234 2547 1317 Hesp.
2576 1232 2653 1297 de
2678 1232 2860 1319 [pag.
2893 1234 3058 1319 431]

138 1324 497 1389 amentibus
534 1324 885 1389 secundum
936 1324 1325 1390 medicorum
1378 1321 1855 1387 distinctionem
1893 1323 1940 1388 ἃ
1978 1321 2233 1406 proprie
2265 1321 2355 1386 sic
2380 1319 2586 1400 dictis,
2613 1321 2725 1385 ubi
2749 1322 3061 1406 exemplis

138 1410 251 1475 hoc
294 1416 645 1496 probatum
690 1411 907 1491 fuerit,
953 1413 1103 1479 ilico
1147 1412 1411 1478 mutabo
1458 1410 1866 1476 sententiam.
1915 1410 2242 1475 Hactenus
2281 1408 2490 1473 fateor
2521 1432 2624 1475 me
2653 1432 2780 1474 non
2811 1432 3060 1495 capere,

138 1520 293 1583 quae
316 1501 451 1565 sint
475 1501 591 1566 illa
613 1501 852 1566 scelera
876 1505 915 1567 a
938 1502 1283 1567 scientibus
1308 1500 1663 1579 commissa,
1689 1522 1854 1584 quae
1880 1498 2302 1584 Magistratus
2347 1499 2657 1563 scelerum
2681 1498 2910 1563 vindex
2931 1522 3060 1565 non

140 1588 410 1671 puniret,
464 1590 577 1654 sed
619 1590 781 1655 talia
827 1594 1157 1674 patrantes
1204 1592 1275 1655 in
1306 1589 1539 1654 delictis
1569 1590 1829 1654 omnino
1861 1598 2202 1653 eoecusaret:
2231 1587 2327 1651 uti
2353 1587 2635 1671 loquitur
2658 1588 3060 1672 pereruditus

138 1673 455 1742 Zacchias.
504 1676 603 1742 De
626 1677 835 1743 surdis
858 1700 1047 1763 saepe
1078 1701 1205 1744 non
1228 1677 1482 1764 ‘vulgari
1505 1677 1764 1762 ingenio
1787 1679 1833 1743 8(
1867 1676 2218 1762 sagacitate
2242 1676 2569 1759 praeditis,
2595 1676 2832 1761 quique
2856 1676 3060 1742 scien-

140 1768 229 1829 tes
250 1766 540 1831 volentes
564 1766 631 1831 in
657 1766 895 1833 scelera
918 1790 1101 1833 ruere
1126 1770 1404 1851 possent,
1432 1767 1579 1830 nolo
1603 1787 1861 1852 negare,
1888 1765 2041 1849 quin
2066 1764 2350 1849 ipsorum
2376 1764 2790 1831 &infantium
2813 1764 2878 1829 di
2888 1786 3062 1831 versa

140 1853 295 1919 ratio
324 1855 448 1919 sit:
477 1876 555 1919 ex
587 1854 807 1920 adulta
832 1856 1003 1920 enim
1027 1856 1277 1921 malitia
1291 1855 1597 1939 ipsorum,
1622 1854 1937 1937 siquidem
1957 1853 2447 1937 impoenitentes
2479 1854 2545 1917 iu
2586 1876 2662 1919 ea
2685 1854 3061 1933 moriantur,

142 1943 1521 2097 tffsssszffgssffiizzffihssxssssssnusffissssssss
1543 1941 3062 2115 2323&ssssssssssss”ssssssffiei'fflffifflussaffl'

140 2121 264 2183 tate
288 2122 335 2185 a
366 2120 733 2185 foederatos
758 2122 1031 2205 respexi,
1063 2122 1177 2206 qui
1200 2124 1238 2185 a
1260 2119 1598 2204 posteriori
1621 2119 1837 2203 impiis
1865 2119 2163 2203 operibus
2185 2140 2312 2182 non
2337 2119 2698 2193 ostendunt,
2733 2123 3061 2184 externam

142 2205 633 2274 foederationem
679 2208 747 2273 in
791 2209 949 2293 ipsis
994 2209 1389 2275 inefficacem
1429 2230 1594 2285 esse3
1627 2230 1743 2273 nec
1780 2212 1997 2271 tamen
2028 2207 2388 2285 ostendunt,
2416 2212 2528 2272 aut
2550 2207 2883 2273 ostendere
2914 2229 3062 2291 pos-

142 2300 285 2361 sunt
304 2319 375 2362 se
397 2297 767 2383 intelligere
792 2298 1193 2385 euangelium
1230 2300 1277 2365 &0
1300 2302 1445 2363 actu
1471 2296 1723 2362 credere
1745 2296 1813 2359 in
1838 2295 2195 2360 Christum:
2232 2294 2398 2379 quod
2436 2299 2654 2360 tamen
2677 2296 2759 2361 ad
2787 2296 3062 2361 salutem

142 2386 561 2452 necessarium
600 2385 744 2454 Jok.
792 2388 853 2452 3.
910 2388 1011 2452 16.
1060 2388 1165 2452 33.
1200 2386 1387 2453 Hebr.
1416 2386 1519 2451 11.
1548 2385 1611 2450 6.
1648 2386 1851 2452 Galat.
1877 2386 1939 2450 6.
1968 2384 2029 2449 6.
2054 2382 2152 2449 De
2175 2384 2415 2449 talibus
2441 2384 2496 2450 si
2526 2384 2594 2450 in
2617 2384 3062 2471 benigniorem

144 2479 381 2555 partem
427 2477 724 2554 sentiam,
764 2498 882 2541 nec
904 2477 971 2540 in
995 2476 1360 2561 oppositum
1384 2475 1807 2540 determinare
1840 2473 2052 2552 velim,
2087 2473 2246 2537 haut
2268 2473 2456 2539 aliter
2487 2495 2559 2538 ac
2584 2472 2661 2539 de
2684 2473 3062 2554 infantibus,

144 2562 283 2643 quid
324 2563 645 2649 periculi?
700 2562 901 2629 Nullo
926 2565 1096 2630 enim
1126 2565 1477 2648 scripturae
1516 2562 1902 2642 testimoniO,
1927 2563 2107 2626 nulla
2130 2561 2332 2627 solida
2354 2562 2600 2626 ratione
2625 2583 2834 2649 cogor.
2881 2563 3062 2640 Quod

142 2651 191 2712 si
224 2653 367 2735 quis
416 2653 603 2717 malit
646 2653 715 2717 in
759 2653 967 2718 medio
1013 2654 1392 2737 relinquere,
1448 2654 1591 2718 ut&
1615 2651 1691 2716 de
1714 2649 2106 2728 infantibus;
2133 2672 2260 2714 non
2293 2652 2636 2716 contendo:
2663 2651 2919 2716 fruatur
2947 2673 3062 2717 suo

136 2737 385 2818 judicio·
408 2742 472 2804 2.
498 2741 726 2826 Excipi
748 2746 979 2826 posset.
1032 2741 1200 2807 Hinc
1244 2740 1423 2824 sequi
1446 2739 1697 2805 adultos
1722 2739 2062 2824 justificari
2088 2741 2134 2805 &
2158 2739 2235 2803 ad
2262 2739 2536 2804 salutem
2557 2741 2890 2824 pervenire
2913 2740 3061 2806 abs-

142 2847 255 2908 que
282 2829 433 2895 fidei
458 2834 607 2896 actu
631 2831 678 2896 ἃ
700 2827 941 2895 Christi
963 2830 1359 2916 cognitione:
1387 2829 1557 2914 quod
1580 2828 1821 2893 accedit
1854 2828 1935 2892 ad
1957 2827 2334 2892 universalis
2357 2829 2606 2914 gratiae
2632 2833 3062 2895 commentum

142 2911 779 2983 Remonstranticum.
828 2919 1009 3004 Resp.
1056 2917 1322 2982 Minime
1368 2917 1677 3002 sequitur.
1723 2916 1823 2982 De
1869 2916 2108 2980 talibus
2162 2915 2332 2981 enim
2355 2916 2592 2983 adultis
2618 2919 2980 2984 amentibus
3013 2919 3060 2984 δι

142 3005 337 3072 surdis
351 3006 630 3090 judicari
655 3006 868 3086 velim,
899 3012 974 3072 ut
996 3008 1072 3072 de
1095 3007 1471 3086 infantibus,
1520 3005 1632 3091 qui
1654 3005 1892 3088 absque
1916 3004 2152 3070 actuali
2177 3004 2537 3090 cognitione
2562 3005 2802 3072 Christi
2820 3007 3060 3091 justifi—

140 3097 355 3159 cantur
378 3095 429 3160 ἃ
451 3094 800 3160 salvantur.
848 3095 1034 3161 Nihil
1060 3116 1213 3182 ergo
1238 3095 1357 3160 hoc
1388 3095 1697 3179 adgdictae
1720 3094 1970 3180 gratiae
1993 3093 2372 3158 universalis
2401 3093 2798 3174 σιδηρὸἕξυλον.
2834 3097 2894 3161 3.
2928 3097 3060 3162 Em-

138 3179 252 3264 eipi
294 3187 511 3268 posset
559 3182 727 3248 Hinc
750 3184 952 3268 sequi,
976 3186 1139 3250 tales
1164 3188 1344 3248 extra
1367 3184 1653 3248 ordinem
1677 3185 1724 3250 8(
1754 3182 2131 3247 miraculose
2170 3181 2392 3247 donari
2415 3184 2655 3249 actuali
2677 3185 2800 3250 fide
2827 3185 2878 3248 &
2899 3184 3060 3249 resi-

138 3269 460 3350 piscentia.
512 3271 717 3356 Atqui
768 3273 1083 3356 posterius
1136 3271 1408 3337 falsum:
1456 3294 1601 3336 cum
1646 3271 1714 3335 in
1765 3271 2087 3355 plerisque
2134 3291 2212 3334 ex
2264 3270 2396 3335 illis
2441 3272 2507 3337 id
2553 3274 2730 3338 nullo
2779 3272 2965 3358 signo
3023 3276 3061 3336 a

140 3360 465 3439 posteriori
521 3359 907 3444 deprehendi
962 3361 1184 3445 possit.
1230 3359 1424 3446 Erg0.
1474 3361 1655 3445 Resp.
1689 3359 2142 3442 consequentia
2187 3363 2480 3444 negatur.
2527 3359 2597 3426 Si
2622 3361 2794 3426 enim
2820 3360 2896 3425 de
2926 3360 3060 3426 illis

136 3448 459 3534 analogice
497 3449 911 3533 judicandum
958 3449 1063 3528 sit,
1099 3449 1269 3533 quod
1292 3449 1367 3513 de
1398 3447 1753 3513 infantibus
1784 3448 2036 3532 spiritu,
2062 3447 2302 3513 semine
2326 3450 2370 3513 81
2397 3449 2605 3514 radice
2627 3449 2776 3513 fidei
2807 3447 3058 3534 praedi-

136 3533 243 3612 tis3
267 3537 447 3602 nulla
474 3537 824 3621 requiritur
847 3537 1127 3623 cognitio
1152 3537 1461 3602 Christi&
1485 3537 1641 3602 fides
1665 3537 1954 3601 actualia.
2001 3535 2182 3612 Quod
2206 3535 2287 3600 ad
2307 3537 2571 3603 minoris
2595 3537 3058 3622 probationem,

138 3619 335 3690 fateor
364 3625 435 3690 in
466 3625 825 3690 amentibus
856 3627 1074 3705 nullis,
1121 3628 1342 3710 quales
1384 3647 1502 3712 ego
1524 3625 1840 3711 intellig0,
1875 3623 2263 3708 deprehendi
2293 3647 2509 3708 posse:
2551 3628 2662 3692 sed
2695 3626 2763 3690 in
2787 3625 2932 3690 aliis
2956 3625 3056 3690 fa·

136 3710 257 3777 tuis
280 3714 413 3778 late
444 3713 741 3798 acceptis,
774 3714 887 3798 qui
917 3718 1177 3798 peccata
1222 3714 1497 3779 actualia
1526 3715 1722 3778 immo
1769 3715 1816 3780 ἃ
1842 3714 2080 3778 scelera
2104 3714 2500 3780 committere
2531 3737 2716 3800 posse
2740 3715 3054 3794 dicuntur,

140 3820 254 3864 non
300 3802 487 3868 video
532 3802 843 3886 quomodo
889 3803 1161 3868 inveniri
1192 3803 1239 3868 a
1263 3802 1647 3887 deprehendi
1677 3806 2019 3886 nequeant.
2067 3799 2144 3865 In
2167 3802 2373 3868 surdis
2397 3803 2716 3888 plerisque
2741 3803 3056 3868 actualem

138 3886 319 3955 fidem
342 3890 749 3976 deprehendi,
781 3892 929 3956 nolo
975 3913 1290 3957 asserere:
1341 3891 1643 3967 Quamvis
1688 3891 2022 3969 Lucherus,
2051 3889 2433 3970 Melanthea,
2460 3892 2848 3971 Balduinus,
2873 3893 2920 3958 8ο
2945 3891 3058 3976 qui

140 3996 239 4041 eos
257 3983 613 4064 sequuntur
634 3979 717 4044 ab
748 3981 1097 4046 assertione
1118 4002 1247 4050 non
1270 3983 1404 4045 tam
1427 3981 1645 4064 procul
1670 3979 1893 4045 abesse
1919 3978 2272 4043 videantur.
2299 3979 2481 4056 Quod
2505 3981 2584 4045 ad
2607 3981 3054 4047 miraculosam

140 4063 537 4133 donationem
557 4067 728 4147 fidei,
752 4067 995 4153 absque
1018 4069 1244 4134 mediis
1269 4069 1547 4133 externis
1568 4067 1927 4145 ordinariis,
1959 4087 2088 4131 non
2111 4065 2359 4148 desunt,
2408 4068 2519 4153 qui
2564 4070 2781 4155 aliquo
2805 4069 2873 4134 in
2903 4091 3056 4134 casu

142 4154 558 4222 admitterent.
606 4154 733 4222 Sed
754 4155 947 4242 hujus
972 4156 1094 4223 loci
1125 4179 1253 4222 non
1276 4160 1376 4221 est
1398 4179 1540 4222 eam
1563 4155 1928 4240 opinionem
1966 4155 2320 4240 approbare
2343 4161 2457 4222 aut
2486 4158 2870 4244 improbare.
2919 4155 3058 4223 Nos

142 4243 299 4310 enim
342 4245 507 4311 nulli
552 4244 821 4310 actualis
858 4245 1007 4310 fidei
1028 4243 1443 4310 fundamento
1465 4244 1805 4330 benignius
1821 4245 2135 4329 judicium
2160 4243 2235 4310 de
2267 4245 2619 4312 amentium
2643 4250 2690 4315 a
2722 4246 3056 4313 surdorum

144 4333 303 4398 statu
338 4332 834 4410 inaedificamus,
874 4333 985 4399 sed
1010 4333 1191 4420 [pag.
1218 4333 1381 4420 432]
1414 4332 1657 4398 foederi
1678 4333 1892 4398 divino
1916 4334 2276 4401 &internae
2297 4335 2546 4421 gratiae
2571 4337 2835 4422 spiritus
2859 4357 2933 4400 ac
2955 4357 3058 4400 se-

142 4419 319 4486 minis
364 4421 531 4502 fidei,
576 4443 742 4506 quae
788 4425 1050 4488 externo
1086 4421 1326 4487 foederi
1356 4422 1715 4506 respondet,
1754 4443 1956 4506 eoque
1979 4421 2372 4508 designatur,
2405 4425 2530 4490 nisi
2547 4428 2586 4490 a
2608 4423 2944 4510 posteriori
2969 4445 3046 4490 ex

2903 4533 3053 4578 con·
