3694 4871
747 291 1630 358 D1sp.111.Danaz
1678 317 1769 359 nr
1817 295 2248 362 JUST1T1A
2293 296 2479 362 Dm.
3014 301 3097 366 55

135 483 442 568 inquam,
482 479 596 543 boe
631 479 768 563 ipso
794 483 916 548 diei
939 503 1063 547 non
1091 481 1298 546 debeat
1325 481 1546 546 habere
1570 482 1694 546 rim
1721 484 1869 568 le9is
1887 484 2079 567 Just-ta
2108 503 2251 548 eum
2278 495 2511 570 ret-emo
2532 487 2683 552 Iure
2705 490 3010 568 Romano,
3041 488 3106 555 ἃ·

133 571 404 634 statutis
423 568 706 654 propriis
720 573 752 636 ξ)
773 571 943 656 Neg.
971 571 1100 635 nisi
1122 571 1468 656 improprie
1496 569 1559 635 a
1581 573 2019 638 catachrestice.

244 657 369 727 10.
419 660 516 723 An
559 679 635 722 ex
671 662 876 726 eodem
919 659 1338 745 fundamento
1369 661 1588 746 noya-ri
1605 661 1802 745 possit
1827 660 1875 726 J
1876 682 1951 726 ns
1973 663 2218 745 forense
2246 663 2588 728 Mosaicum
2612 665 2681 729 in
2708 666 2783 732 N.
2818 665 2883 732 Τ.
2917 667 3103 732 abro-

130 761 372 834 9atum
399 769 542 822 esse,
569 749 801 835 quippe
829 751 1036 814 adbuc
1057 748 1338 813 obtinens
1361 750 1491 812 vim
1514 751 1682 833 le9is,
1717 748 1779 814 a
1801 763 2240 836 consequenter
2274 751 2601 838 'llieoloqos
2624 753 2917 820 haetenus
2940 760 3105 824 nale

137 839 213 902 in
247 839 370 901 hae
390 836 787 921 abroqatione
809 839 1196 904 constituisse
1216 848 1456 921 partem
1481 837 1777 903 libertatis
1815 838 2224 904 christanae?
2248 839 2415 925 Neg.

243 925 371 994 11.
421 927 518 990 Αη
563 948 638 990 ezr
659 929 866 994 eodem
904 927 1320 1011 fundamento
1343 940 1642 1012 sequatur
1677 929 1822 993 ICC.
1861 941 2105 993 nostros
2136 950 2328 1016 eaque
2355 933 2609 1014 proprie
2632 933 2955 998 ornandos
2976 955 3105 999 esse

137 1017 332 1080 titulo
379 1017 718 1082 Doctorum
767 1016 949 1082 Juris
1000 1017 1271 1094 Mosaiei,
1311 1036 1384 1080 ae
1414 1016 1607 1080 civilis
1633 1017 1921 1090 Romani,
1948 1039 2075 1082 non
2102 1019 2321 1083 minus
2344 1040 2541 1104 quam
2564 1021 2709 1086 olim
2754 1023 2811 1086 V.
2850 1024 2916 1087 T.
2942 1023 3106 1088 inter

136 1106 397 1170 Levimg
442 1104 588 1169 dieti
628 1115 1018 1180 γρκμμκτεῖς
1043 1103 1138 1163 καὶ
1163 1104 1382 1178 νομικοὶ
1403 1105 1460 1166 1.
1502 1101 1760 1168 Sci-ibae
1799 1105 1846 1169 δι
1886 1104 2291 1190 Legisperiti,
2330 1109 2443 1193 qui
2462 1110 2717 1194 proprie
2726 1111 2903 1194 Juris
2926 1111 3105 1176 istius

141 1194 416 1259 Mosaiei
437 1195 722 1273 consulti,
749 1195 1110 1278 interp-retes
1140 1191 1203 1258 a
1225 1194 1517 1258 Doctores
1540 1205 1738 1270 erant,
1764 1215 1836 1258 ae
1852 1195 2195 1260 seeundum
2222 1197 2384 1261 illud
2406 1198 2803 1263 consulebant
2832 1198 2895 1264 a
2918 1200 3107 1266 deter-

143 1281 536 1346 minabant?
575 1285 618 1345 N
628 1304 710 1368 eg
787 1282 857 1348 Vt
887 1284 1050 1347 enim
1079 1283 1169 1346 rei
1199 1282 1441 1347 veritati
1463 1303 1593 1346 non
1617 1284 1985 1364 conveniret,
2012 1285 2097 1348 ita
2121 1287 2307 1349 etiam
2331 1287 2786 1370 praejudicaret
2808 1289 3103 1374 aliquan-

143 1383 295 1437 tum
321 1371 636 1436 doetrinae
661 1373 1022 1456 theoloyicae
1045 1371 1120 1435 de
1141 1370 1534 1454 abroyatione
1555 1373 1702 1452 leuis
1727 1373 2049 1451 mosaicae,
2082 1372 2145 1438 ἃ·
2175 1374 2249 1438 de
2270 1373 2541 1439 libertate
2573 1376 2949 1444 Christiana.

245 1457 368 1529 12.
418 1461 516 1524 An
550 1461 744 1526 titulis
792 1462 1136 1526 Doctorum
1180 1459 1536 1544 Theoloyiae
1581 1460 1742 1525 dieat
1793 1459 1857 1525 a
1886 1463 1955 1525 in.
2008 1483 2071 1526 se
2122 1465 2557 1546 complectatur
2600 1466 2774 1530 Iuris
2836 1467 3104 1549 sorensis

142 1549 414 1615 Mosaici
436 1549 740 1614 doctorem
759 1551 790 1612 f>
827 1547 1020 1633 Resp.
1060 1561 1371 1634 quatenus
1407 1551 1710 1634 coqnoseit
1754 1547 1817 1613 a
1846 1552 2013 1615 docet
2062 1551 2399 1636 Theoloqus
2422 1549 2493 1610 τὲ
2524 1553 2909 1634 historicum,
2942 1554 3004 1620 ἃ·
3031 1554 3102 1614 τὸ

137 1639 570 1724 doqmatieum
623 1659 730 1704 seu
776 1638 1115 1703 doctrinale
1159 1639 1268 1703 illa-
1293 1647 1477 1722 parte
1524 1639 1689 1702 sam-i
1731 1639 1955 1704 codicis
2000 1639 2537 1724 comprehensum,
2586 1643 2635 1709 A
2648 1647 2717 1729 sl,
2767 1655 2839 1708 ut
2917 1644 3100 1730 [pag.

139 1728 317 1813 379]
357 1728 544 1791 etiam
585 1727 660 1792 de
683 1729 834 1812 jure
863 1727 1270 1792 ceremoniali.
1301 1728 1437 1792 Non
1465 1749 1607 1790 vero
1630 1740 1939 1813 quatenus
1962 1728 2441 1794 observationem
2468 1732 2600 1814 ejus
2626 1743 2931 1818 tanquam
2955 1734 3105 1818 leyis

139 1817 485 1902 obliquatis
529 1817 911 1881 eon-scientiis
958 1816 1272 1882 hominem
1331 1817 1598 1900 applicat
1643 1815 1707 1880 a
1727 1817 2011 1901 imponit,
2037 1838 2110 1881 ae
2132 1818 2472 1883 secundum
2508 1820 2669 1885 illud
2690 1821 2760 1884 in
2780 1822 2921 1904 foro
2944 1843 3101 1887 con-

135 1906 436 1970 scientiae
455 1906 722 1985 judicat,
763 1926 948 1970 casus
987 1906 1392 1969 eonscientiae
1423 1905 1812 1984 determinat,
1845 1907 2103 1971 consilia
2138 1906 2367 1972 scribit.
2394 1907 2495 1972 Sic
2520 1909 2690 1973 enim
2713 1909 2909 1974 solius
2930 1912 3103 1976 luris

133 1996 350 2060 divini
375 1995 635 2060 moralis
659 1997 890 2061 Doctor
912 2006 1017 2058 est.

233 2083 362 2148 Sed
411 2082 568 2147 haec
623 2083 944 2167 applicata
993 2082 1072 2146 ad
1103 2081 1572 2147 distinctionem
1599 2103 1738 2147 cum
1766 2082 1812 2146 ἃ
1838 2082 1957 2146 sub
1982 2089 2105 2166 qud
2130 2085 2331 2149 nostri
2356 2084 2543 2149 hodie
2569 2085 2691 2150 dici
2722 2087 2968 2171 possint
2993 2091 3105 2152 aut

136 2173 424 2236 debeant
449 2170 755 2236 Doctores
773 2172 935 2254 juris
959 2169 1263 2250 canonici,
1284 2194 1361 2234 ex
1403 2171 1688 2254 professo
1715 2171 1760 2237 ἃ
1783 2171 2075 2254 pluribus
2099 2173 2539 2257 persequimur
2565 2173 2629 2238 in
2654 2175 2815 2256 disp.
2844 2177 2919 2240 de
2948 2175 2995 2242 J
2996 2198 3105 2242 ure

133 2262 442 2327 canonico
463 2285 489 2337 ,·
512 2263 557 2326 ἃ
581 2260 746 2325 forte
771 2261 835 2324 in
862 2261 1024 2345 disp.
1045 2260 1121 2325 de
1141 2259 1404 2345 Leqibus
1429 2260 1660 2324 divinis
1697 2259 1760 2325 ἃ·
1789 2261 2110 2325 humanis.

303 2444 956 2511 APPENDICIS
1005 2444 1142 2510 AD
1189 2444 2107 2512 DISPUTATIONEM
2153 2447 2929 2517 THEOLOGICAM

735 2599 888 2671 DE
965 2598 1290 2672 JURE
1373 2598 1516 2671 ET
1592 2598 2222 2674 JUSTITIA
2308 2601 2527 2675 DEI

1305 2764 1483 2815 PARS
1517 2764 1827 2815 SECUNDA
1868 2766 1924 2827 ι).

223 2929 330 2993 Aa
375 2940 774 3013 arqmnenta,
829 2926 892 2993 ἃ·
933 2928 1259 2993 solutionis
1303 2929 1509 3012 priori
1551 2942 1729 3013 parte
1773 2932 1814 2993 ὰ
1858 2931 2039 2995 nobis
2076 2930 2415 3014 productas
2444 2932 2597 2996 istae
2634 2932 3010 3015 exceptiones
3039 2930 3102 2996 a

135 3018 485 3083 instantiae
515 3015 591 3082 ab
621 3018 822 3081 amieo
854 3016 1200 3081 submissae
1229 3028 1379 3081 sunt
1393 3040 1416 3093 ;
1455 3038 1634 3103 quae,
1667 3019 1797 3083 nisi
1826 3020 2019 3085 solide
2055 3017 2117 3083 a
2134 3020 2461 3103 perspicue
2480 3021 2831 3096 diluantur,
2860 3020 3102 3085 obstare

131 3108 462 3181 dicuntur,
503 3126 626 3191 quo
665 3106 882 3171 minus
915 3106 984 3169 in
1009 3106 1375 3169 sententiam
1411 3117 1691 3172 nostram
1735 3106 2031 3173 haetenus
2073 3107 2415 3187 descendat,
2447 3110 2559 3195 qui
2580 3109 2970 3174 eontrarium
2996 3109 3098 3174 de-

131 3196 356 3281 fendit.
385 3196 518 3259 Hoc
537 3215 682 3279 erqo
711 3214 998 3279 aqamus.

223 3334 503 3399 Instant.
547 3334 599 3398 1.
641 3334 710 3399 Si
743 3334 916 3398 Deus
963 3354 1059 3399 res
1107 3333 1353 3418 aliq-uas
1379 3345 1554 3397 extra
1575 3354 1640 3397 se
1660 3333 1748 3397 sie
1775 3330 1838 3397 ἃ·
1860 3354 1989 3398 non
2016 3334 2141 3398 alio
2165 3334 2349 3399 modo
2373 3336 2715 3399 necessario
2738 3338 2889 3411 vult,
2918 3333 3101 3421 idque

131 3435 396 3509 propter
428 3423 688 3487 illarum
704 3423 1036 3488 bonitatem
1067 3422 1478 3488 celmalitiam
1495 3421 1925 3501 intrinsecam,
1937 3423 2081 3506 jam-
2104 3425 2391 3488 voluntas
2414 3424 2533 3488 Dei
2554 3435 2701 3487 esset
2724 3425 3097 3503 requlatum,

134 3526 200 3577 at
224 3514 522 3577 voluntas
549 3512 668 3577 Dei
691 3532 1026 3596 nunquam
1050 3521 1136 3575 est
1159 3514 1531 3595 reyulatum,
1552 3510 1659 3575 sed
1670 3532 1915 3597 semper
1931 3514 2248 3595 reyulans.
2271 3512 2435 3593 Quia
2450 3511 2747 3597 requlans
2770 3510 3097 3595 &tremela-

135 3616 270 3667 tnm
300 3600 645 3665 necessario
669 3602 913 3665 realiter
936 3600 1002 3665 di
1003 3604 1261 3685 fferunt,
1286 3598 1398 3663 hoc
1419 3611 1506 3664 est
1533 3611 1833 3685 tanquam
1864 3620 2055 3665 eausa
2085 3598 2147 3665 ἃ·
2169 3605 2304 3686 esset
2318 3610 2471 3665 lum.
2491 3600 2582 3663 At
2598 3599 2663 3662 in
2677 3596 2813 3663 Deo
2830 3598 2993 3663 nihil
3008 3600 3099 3664 sic

137 3686 611 3773 Differt.'Resp.
647 3698 699 3753 1.
726 3688 828 3752 Ad
855 3686 1214 3773 argumenti
1241 3688 1565 3770 majorem,
1594 3688 2105 3773 distinguendam
2133 3711 2268 3753 esse
2290 3688 2642 3752 bonitatem
2659 3691 2985 3751 creaturan.
3010 3688 3101 3752 sic

138 3778 266 3863 ipsi
291 3777 727 3856 intrinsecam,
753 3782 826 3841 ut
849 3800 975 3842 non
1002 3777 1356 3860 dependeat
1375 3778 1412 3839 ὲ
1435 3774 1591 3851 De03
1611 3777 1719 3840 sed
1743 3774 1919 3840 Deus
1944 3776 2026 3841 ab
2043 3777 2203 3860 ipsfi.
2230 3775 2407 3840 Haec
2432 3776 2520 3840 sic
2544 3774 2851 3853 innuitur,
2878 3798 3099 3841 conce-

142 3868 320 3932 ditur
349 3870 556 3930 totum
583 3870 1031 3951 argumentum
1056 3864 1379 3947 quianihil
1397 3868 1616 3929 contra
1636 3864 1911 3930 n08.Sed
1921 3865 1975 3929 si
1986 3864 2706 3949 intelligiturbonitasin
2721 3864 3102 3929 actibusDei

139 3956 307 4019 circa
331 3958 713 4032 creaturam,
739 3956 783 4020 ἃ
809 3954 874 4018 in
903 3955 1042 4038 ipsa
1067 3958 1356 4018 creatura
1373 3952 1730 4017 formaliter
1741 3952 2079 4018 inhaerens
2097 3956 2143 4019 St
2161 3952 2447 4018 effective
2462 3974 2573 4017 seu
2596 3952 3045 4037 principiative
3063 3957 3101 4018 ὸ,

136 4043 275 4108 Deo
298 4043 678 4128 dependens:
691 4045 822 4127 jam
848 4042 1300 4127 distinguimus
1319 4042 1682 4127 regulatum
1699 4042 1762 4105 in
1783 4041 1963 4121 illud,
1990 4043 2156 4126 quod
2172 4041 2429 4126 proprie
2448 4040 2677 4105 dicitur
2694 4042 2844 4106 tale:
2862 4042 2993 4111 &jn
3010 4042 3095 4121 id,

139 4132 304 4215 quod
331 4131 688 4215 analogice.
701 4130 1044 4196 Posteriori
1069 4131 1256 4195 modo
1281 4130 1335 4193 si
1360 4130 1728 4214 accipiatur,
1748 4152 2055 4215 neyamus
2070 4131 2379 4195 minorem
2431 4129 2549 4193 Est
2567 4152 2639 4193 en
2648 4129 2735 4194 im
2761 4130 2827 4193 in
2842 4129 2982 4194 Deo
2995 4131 3097 4195 lex

141 4225 418 4285 aeterna:
427 4220 523 4284 uti
535 4220 790 4285 docetur
801 4221 880 4285 ab
894 4219 1186 4284 omnibus
1199 4216 1566 4304 Theologis:
1585 4218 1963 4283 nominatim
1981 4219 2424 4285 &Scholasticis
2439 4218 2524 4283 ad
2544 4219 2575 4281 1
2588 4219 2667 4284 .2.
2680 4218 2895 4305 qu.93.
2920 4220 3098 4283 artie.

2892 4308 2955 4371 1.
2982 4307 3092 4372 cui

205 4489 242 4551 ¹)
277 4486 431 4552 Raep.
465 4484 544 4539 Μ.
577 4486 794 4538 Annam
827 4488 1082 4538 Lmsum
1119 4486 1398 4538 Amstelod.
1432 4485 1518 4537 Aa
1553 4487 1700 4537 diem
1734 4484 1818 4536 29.
1856 4484 2026 4536 Mart.
2050 4483 2203 4536 1644.
