3694 4871
635 304 720 366 60
1241 304 2967 373 D1sp111.DannnnJusTmqu.

631 494 900 556 naturae
948 492 1256 575 potestati
1305 515 1378 556 ac
1429 492 1691 557 Domini
1715 492 1859 572 Dei,
1886 493 1995 558 sed
2018 495 2259 576 optime
2284 518 2426 560 cum
2455 497 2535 562 iis
2560 497 2912 572 conveniat,
2938 501 3131 584 prout
3152 497 3267 561 illa
3289 499 3467 562 nobis
3486 522 3551 563 ex

631 580 878 644 lumine
905 587 1172 646 naturae
1195 583 1244 646 81,
1275 582 1628 665 scripturae
1651 587 2009 666 patescunt.
2038 581 2218 648 Unde
2244 607 2397 669 ergo
2421 587 2468 650 a
2492 609 2604 651 cur
2633 586 2741 650 hic
2762 586 3033 670 fingitur
3052 584 3122 648 in
3144 591 3293 651 actu
3316 587 3425 650 illo
3444 587 3551 652 Dei

634 669 982 734 intrinseca
1005 671 1255 735 malitia
1276 675 1306 734 Ρ
1331 693 1472 734 cum
1487 672 1620 736 sive
1633 672 1783 736 data
1793 671 1929 735 sive
1940 693 2235 736 consessa
2246 674 2365 738 hac
2376 674 2719 759 hypothesi
2732 675 2834 760 (de
2846 697 2975 757 qua
2984 697 3115 738 non
3132 675 3347 740 esthic
3356 677 3550 760 dispu-

631 758 813 822 tandi
841 759 1042 841 locus)
1067 758 1190 824 Dei
1212 760 1456 843 optime
1479 763 1526 826 a
1541 760 1895 844 justissime
1918 760 2040 824 hoc
2050 759 2266 838 faciat,
2280 786 2403 826 non
2419 764 2675 847 quidem
2686 765 2829 847 jure
2832 763 3377 847 judiciitanquam
3381 766 3549 849 judex

633 848 980 911 secundum
1001 849 1322 932 justitiam
1341 848 1788 923 vindicantem,
1807 850 1915 913 sed
1928 853 2233 932 tanquam
2246 851 2577 917 absolutus
2588 851 2900 916 Dominus
2916 853 3059 934 jure
3074 852 3547 918 dominiisecun-

631 937 782 999 dum
801 937 1118 1018 justitiam
1147 959 1260 1001 seu
1285 937 1636 1001 bonitatem
1665 938 2118 1002 dominantem.
2146 937 2262 1003 III.
2290 939 2471 1014 Quod
2496 943 2549 1004 si
2574 942 2779 1005 dicere
2792 941 2995 1016 malit,
3011 963 3152 1005 esse
3164 942 3545 1007 intrinsecam

635 1025 952 1089 malitiam
981 1029 1273 1108 respectu
1297 1025 1575 1090 hominis
1600 1027 1664 1089 in
1689 1026 1809 1090 tali
1833 1029 2001 1104 actii,
2026 1049 2151 1110 quo
2176 1026 2497 1112 affligeret
2519 1031 2939 1104 innocentem3
2965 1051 3113 1094 eum
3128 1035 3345 1094 tamen
3364 1037 3545 1096 actum

635 1113 879 1177 homini
914 1118 952 1178 a
977 1114 1112 1178 Deo
1137 1114 1418 1198 praecipi
1437 1137 1640 1198 posse.
1669 1117 1846 1198 Hesp.
1875 1113 2119 1195 Negari
2147 1138 2299 1201 ergo
2310 1122 2523 1182 actum
2536 1119 2844 1202 ejusmodi
2862 1118 2956 1185 ita
2970 1118 3319 1184 intrinsece
3336 1122 3545 1184 maium

633 1225 792 1279 esse,
819 1207 892 1266 ut
919 1225 1246 1286 nunquam
1271 1204 1472 1286 possit
1495 1203 1842 1268 honestari.
1872 1202 2211 1268 Ordinatio
2228 1207 2398 1270 enim
2414 1208 2803 1291 praecipitur
2814 1205 3477 1293 Medicis&cbirurgis,
3487 1215 3545 1272 ut

633 1295 844 1369 urant,
873 1297 1089 1356 secent
1113 1295 1211 1357 Sic.
1241 1294 1288 1357 a
1313 1315 1390 1355 ex
1401 1292 1919 1357 vi&conscientia
1930 1294 2277 1358 vocationis
2289 1295 3544 1380 affligantquosvisinnocenteS,quimodo

633 1402 826 1462 opera
851 1380 1134 1463 ipsorum
1159 1381 1470 1464 indigent.
1499 1381 2023 1446 Extraordinario
2040 1384 2365 1467 praecepit
2381 1383 2556 1449 Deus
2568 1383 2941 1448 Abrahamo
2960 1387 3031 1448 ut
3048 1385 3259 1449 filium
3276 1386 3542 1451 innocen-

629 1473 758 1532 tem
781 1472 1114 1548 mactaret,
1135 1471 1180 1535 &
1205 1474 1372 1534 recte
1399 1491 1471 1533 ac
1489 1470 1591 1553 pie
1616 1469 1770 1533 fecit
1791 1469 2121 1534 Abraham
2130 1494 2203 1535 us
2228 1495 2371 1536 cum
2396 1473 2514 1537 hoc
2538 1473 2866 1538 voluntate
2889 1495 3005 1537 sua
3028 1479 3257 1558 ageret
3266 1476 3543 1540 Hebrall.

629 1577 688 1620 v.
713 1558 790 1620 17
845 1557 1180 1621 Peccatum
1203 1557 1311 1622 hic
1323 1559 1564 1634 aberat,
1579 1558 1730 1641 quia
1743 1558 1917 1622 Deus
1934 1560 2043 1641 qui
2060 1564 2199 1624 erat
2214 1583 2407 1644 supra
2418 1562 2527 1647 leg
2566 1585 2648 1636 m,
2666 1563 2806 1628 Non
2817 1562 3069 1639 occide-3,
3083 1585 3163 1626 ex
3174 1563 3541 1646 plenitudine

632 1647 969 1728 potestatis
995 1646 1233 1729 absque
1262 1647 1394 1710 ulla
1418 1648 1845 1731 repugnantia
1864 1653 2151 1722 naturae,
2175 1651 2502 1726 bonitatis,
2524 1653 2568 1717 81
2592 1650 2928 1734 potestatis
2952 1673 3106 1714 suae
3130 1654 3539 1716 creaturamin

633 1734 852 1798 ordine
891 1735 968 1798 ad
1011 1757 1077 1799 se
1111 1735 1157 1798 81
1194 1736 1638 1800 universaliter
1677 1740 2009 1800 nocentem
2052 1759 2125 1800 ac
2157 1740 2381 1803 mortis
2417 1740 2765 1804 debitorem
2808 1741 2988 1814 (Gen.
3026 1741 3091 1802 3.
3122 1763 3267 1804 cum
3294 1739 3469 1806 Rom.
3488 1745 3537 1805 5.

637 1823 926 1906 quamvis
952 1823 1018 1886 in
1047 1823 1264 1889 ordine
1291 1825 1338 1888 81
1369 1823 1804 1888 Abrahamum
1819 1826 1941 1890 &in
1954 1824 2324 1908 particulari
2336 1827 2733 1892 innocentem
2750 1829 3022 1908 subjecit
3040 1829 3341 1912 potestati
3356 1830 3539 1894 Abra-

632 1911 810 1975 hami
837 1935 851 1976 ε
890 1912 1225 1996 legemque
1260 1913 1355 1976 illi
1379 1913 1532 1978 tulit
1555 1913 1961 1997 peculiarem,
1988 1937 2151 1997 quae
2176 1922 2312 1980 erat
2336 1917 2517 2000 quasi
2542 1916 2829 2000 exceptio
2846 1918 3045 2002 alege
3062 1919 3401 1997 communi,
3422 1921 3539 1985 Noa

628 2001 859 2067 occides
881 2003 1289 2066 innocentem.
1316 2000 1515 2066 Nulla
1533 2024 1686 2086 ergo
1709 2003 1816 2066 hic
1829 2002 1955 2067 fuit
1978 2004 2227 2068 malitia
2248 2005 2529 2079 moralis,
2555 2028 2747 2087 quam
2770 2005 2947 2070 Deus
2972 2007 3385 2089 praeceperit,
3409 2009 3537 2091 quia

624 2090 804 2154 nulla
851 2093 990 2154 erat
1023 2091 1146 2169 lex,
1186 2113 1348 2174 quae
1397 2091 1768 2154 Abrahamo
1807 2092 1927 2156 hoc
1974 2092 2362 2175 prohiberet.
2396 2093 2708 2158 Similiter
2723 2094 3135 2178 judicandum
3160 2099 3257 2158 est
3287 2095 3362 2159 de
3389 2097 3539 2160 facto

625 2177 902 2243 Pinehas
936 2179 1181 2246 psalm.
1213 2181 1358 2243 106.
1392 2179 1576 2244 Eliae
1602 2181 1664 2244 2.
1701 2182 1840 2264 Rey.
1874 2181 1931 2243 1.
1958 2180 2200 2245 Elizaei
2230 2185 2289 2245 2.
2318 2185 2461 2268 Rey.
2496 2185 2555 2246 2.
2582 2181 3021 2247 Israelitarum
3052 2182 3307 2247 cherem
3338 2184 3402 2248 in
3434 2185 3535 2250 Ca-

627 2267 880 2332 nauitas
901 2269 1370 2351 exequentium,
1389 2290 1732 2350 omnesque
1744 2269 2027 2352 ipsorum
2052 2291 2240 2352 agros
2264 2270 2389 2334 sibi
2413 2271 2894 2335 vindicantium.
2934 2269 3103 2335 Vide
3134 2272 3297 2356 disp.
3322 2273 3537 2358 dejtm

635 2355 698 2420 ἃ
709 2357 962 2441 jte-stitid
985 2359 1122 2423 Dei.
1149 2355 1272 2422 Sed
1297 2357 1452 2441 quin
1479 2357 1634 2421 haec
1658 2356 1903 2422 faciunt
1928 2358 2007 2421 ad
2031 2358 2245 2422 odium
2262 2359 2403 2435 Dei,
2422 2360 2940 2439 inobedientiam,
2960 2362 3006 2425 8z
3023 2361 3283 2444 quaevis
3300 2368 3536 2445 peccata

625 2467 779 2529 erga
803 2447 1046 2510 cultum
1071 2450 1116 2512 &
1139 2447 1596 2530 subjectionem
1619 2446 1741 2511 Dei
1764 2447 2145 2525 naturalem,
2164 2470 2325 2531 quae
2344 2450 2567 2513 volunt
2598 2452 2635 2511 a
2668 2449 2801 2513 Deo
2826 2472 3009 2532 posse
3034 2450 3332 2533 praecipi.

715 2535 775 2599 4.
827 2534 907 2597 V.
957 2533 1230 2599 Instant.
1279 2536 1510 2601 Eodem
1542 2536 1727 2601 modo
1759 2558 1822 2600 se
1852 2536 2073 2601 habere
2096 2540 2475 2602 voluntalem
2501 2538 2619 2604 Dei
2641 2539 2727 2602 ad
2750 2540 2955 2607 weita,
2982 2540 3445 2605 inintellectum
3466 2541 3537 2605 ad

626 2623 882 2688 scibilia.
915 2624 1091 2687 Ratio
1120 2636 1227 2695 est,
1265 2626 1418 2710 quia
1441 2625 1497 2688 si
1514 2625 1851 2689 intellectus
1876 2626 2133 2689 divinus
2157 2627 2292 2691 ideo
2314 2648 2447 2691 non
2468 2628 2701 2691 dicitur
2722 2648 2822 2691 rcs
2854 2628 3188 2711 inteuiyere
3208 2630 3355 2713 quia
3376 2642 3533 2703 maru,

625 2712 733 2775 sed
753 2732 880 2775 esse
901 2732 1026 2785 eas,
1049 2714 1202 2798 quia
1227 2713 1696 2793 intelliqunlur:
1721 2716 1874 2799 quia
1896 2715 2053 2779 alias
2076 2715 2411 2781 intellectus
2436 2717 2691 2781 divinus
2714 2728 2864 2781 esset
2898 2729 3355 2781 mensuratum.
3385 2721 3535 2804 Erqo

624 2800 822 2864 lidum
877 2804 1186 2879 -υοίιιηιαε,
1241 2804 1298 2867 si
1340 2805 1490 2867 volet
1514 2822 1612 2867 res
1643 2804 1909 2889 aliquast,
1942 2804 2094 2889 quia
2114 2817 2265 2869 sum
2290 2804 2501 2879 honae,
2526 2805 2639 2869 eric
2662 2816 3033 2869 mensura-ta
3054 2806 3095 2869 ὰ
3118 2806 3319 2883 rebus,
3349 2806 3409 2871 a·
3436 2828 3537 2891 per

622 2910 998 2975 consequente
1027 2892 1326 2973 posterior
1355 2890 1537 2956 rebus
1559 2892 1711 2977 quia
1733 2904 2175 2957 mensuratum
2202 2906 2290 2958 est
2320 2894 2629 2977 posterius
2653 2914 2975 2958 inermum.
3007 2895 3185 2977 Hesp.
3231 2896 3287 2959 1.
3334 2897 3533 2981 Argu·

623 2982 909 3042 mentum
955 2980 1084 3043 tale
1131 2984 1260 3044 est:
1315 2979 1630 3044 Voluntas
1662 2981 1877 3045 divina
1900 2984 1997 3045 est
2027 3003 2322 3045 mensura
2345 3004 2578 3059 rerum,
2606 2984 2651 3047 &
2674 3004 2797 3046 non
2826 2984 3009 3068 [pag.
3038 2984 3203 3068 386]
3228 3006 3532 3049 mensura·

621 3070 728 3129 tur
753 3070 813 3131 -a
865 3066 1086 3131 rebus:
1137 3090 1290 3151 ergo
1313 3068 1522 3133 nullas
1555 3092 1656 3133 res
1681 3070 1819 3133 vult
1843 3069 2039 3144 DeuS,
2065 3070 2215 3153 quia
2237 3071 2441 3135 bonae
2466 3074 2633 3146 sunt,
2660 3072 2769 3135 sed
2791 3071 2996 3135 bonae
3020 3077 3191 3149 sunt,
3218 3072 3367 3155 quia
3387 3074 3530 3137 vult.

623 3153 938 3219 Probatur
969 3158 1342 3221 antecedens
1369 3161 1406 3221 a
1429 3157 1603 3241 pari:
1659 3157 1826 3234 Quia
1843 3158 2206 3223 intellectus
2231 3158 2541 3243 intelligit
2562 3182 2684 3238 reS,
2716 3182 2843 3224 non
2866 3159 3019 3243 quia
3042 3165 3195 3224 sunt
3216 3164 3313 3227 Suc..
3338 3166 3532 3245 posset

621 3244 874 3308 concedi
923 3248 1131 3309 to'um
1177 3250 1649 3329 argumentum,
1674 3269 1818 3311 cum
1850 3247 2243 3331 probatione.
2294 3247 2479 3312 Nihil
2506 3248 2677 3312 enim
2700 3252 2919 3313 contra
2944 3271 3092 3314 nos:
3128 3248 3353 3332 Neque
3376 3252 3527 3315 enim

619 3354 734 3397 nos
759 3333 1045 3412 dicimuS,
1079 3332 1200 3397 Dei
1223 3335 1537 3398 voluntati
1561 3336 1987 3420 praesupponi
2018 3336 2299 3418 aliquam
2332 3338 2687 3413 entitatem,
2713 3340 2825 3400 aut
2845 3336 3225 3415 bonitatem,
3251 3344 3361 3403 aut
3380 3340 3526 3403 veri-

619 3425 818 3485 tatem
852 3422 918 3485 in
943 3423 1271 3501 creaturis,
1297 3445 1460 3506 quae
1482 3446 1608 3487 non
1634 3424 1719 3488 sit
1741 3424 1788 3489 &
1810 3424 2164 3507 dependeat
2196 3428 2234 3489 a
2255 3425 2412 3511 Deo.
2459 3424 2583 3489 Sed
2606 3426 2797 3503 diceS,
2822 3424 3111 3508 sequitur
3134 3448 3309 3511 ergo,
3332 3428 3525 3491 odium

620 3508 762 3588 Dei,
812 3510 1302 3594 blasphemiam,
1349 3511 1846 3577 inobedientiam
1885 3512 1950 3575 in
1984 3534 2215 3597 genere
2240 3515 2286 3579 8z
2315 3514 2381 3577 in
2408 3513 2615 3597 specie
2638 3514 2739 3577 διο.
2766 3535 2951 3596 posse
2974 3514 3228 3579 decerni
3252 3519 3289 3579 a
3320 3516 3466 3593 De0,
3488 3516 3527 3581 ἃ

618 3599 962 3663 secundum
1001 3599 1160 3664 illud
1185 3601 1504 3664 decretum
1530 3600 1597 3663 in
1621 3606 1906 3685 tempore
1930 3600 2175 3664 homini
2198 3602 2499 3686 praecipi,
2524 3606 2715 3685 atque
2740 3602 2821 3665 ab
2846 3600 3104 3666 homine
3121 3604 3295 3686 juste
3318 3607 3363 3671 ἃ
3384 3604 3526 3668 bene

619 3688 950 3769 praestari.
1001 3690 1180 3771 Hesp.
1227 3687 1524 3773 Negatur
1569 3689 1783 3771 sequi:
1833 3711 1961 3753 non
2014 3689 2241 3774 magis.
2284 3712 2476 3773 quam
2501 3689 2807 3773 sequitur,
2840 3690 3015 3775 Ergo
3040 3689 3251 3755 Deum
3274 3714 3447 3776 posse
3466 3691 3521 3754 in

617 3774 807 3839 rebus
839 3775 1068 3840 creatis
1092 3776 1448 3841 formaliter
1479 3776 1863 3862 intelligere,
1890 3780 1937 3843 &
1960 3800 2143 3861 posse
2169 3779 2333 3843 velle
2356 3778 2737 3862 intelligere,
2765 3778 2981 3843 omnia
3004 3777 3191 3857 falsa,
3218 3784 3266 3848 ἃ
3296 3784 3520 3846 contra·

618 3862 902 3943 dictoria,
960 3887 1014 3928 e.
1057 3886 1153 3949 gr.
1179 3864 1322 3928 Duo
1348 3866 1394 3930 &
1420 3887 1618 3929 unum
1641 3870 1790 3929 sunt
1814 3870 2106 3949 quatuor,
2135 3866 2235 3930 bis
2260 3866 2383 3930 duo
2406 3888 2533 3930 non
2557 3870 2707 3929 sunt
2730 3872 3023 3950 quatuor,
3049 3873 3326 3949 quatuor
3346 3871 3390 3935 ἃ
3410 3873 3521 3932 tres

617 3952 914 4034 planetae
945 3975 1071 4017 non
1097 3957 1246 4017 sunt
1269 3958 1536 4036 septem,
1563 3976 1759 4018 unum
1785 3954 2099 4018 luminare
2124 3975 2430 4039 magnum
2463 3956 2509 4020 a
2532 3976 2726 4018 unum
2752 3955 3067 4019 luminare
3091 3978 3395 4042 magnum
3412 3978 3519 4019 non

617 4043 768 4103 sunt
807 4041 930 4103 duo
953 4041 1295 4106 luminaria
1323 4064 1578 4127 magna,
1603 4064 1751 4125 pars
1776 4046 1875 4107 est
1898 4044 2100 4126 major
2122 4046 2277 4121 toto,
2304 4066 2453 4127 pars
2478 4043 2697 4106 mundi
2720 4048 2857 4109 toto
2880 4044 3137 4121 mundo,
3168 4050 3375 4111 terrae
3403 4048 3519 4109 tota

615 4130 807 4205 terra,
855 4132 1150 4211 corrupta
1196 4134 1292 4193 est
1328 4132 1530 4214 virgo,
1556 4129 1798 4196 factum
1822 4134 1920 4194 est
1944 4131 2267 4215 infectum,
2292 4131 2573 4195 humana
2596 4134 2825 4197 natura
2850 4136 2947 4196 est
2970 4134 3017 4197 a
3048 4138 3261 4215 potest
3286 4158 3413 4199 esse
3432 4132 3517 4195 in-

617 4214 819 4293 finita,
867 4216 1264 4298 omnipotens
1309 4220 1409 4283 810.
1460 4220 1505 4284 81
1555 4219 1801 4284 defacto
1825 4219 1917 4283 sic
1939 4218 2065 4282 fuit
2089 4220 2156 4283 in
2182 4220 2456 4298 Christo,
2482 4241 2709 4302 corpus
2742 4225 2839 4285 est
2868 4224 2981 4283 aut
3004 4224 3215 4304 potest
3246 4245 3379 4287 esse
3399 4222 3516 4285 sine

617 4302 999 4385 quantitate,
1053 4305 1338 4371 accidens
1369 4307 1506 4371 sine
1529 4330 1644 4371 suo
1667 4308 1971 4392 subjecte,
1998 4312 2325 4391 peccatum
2350 4308 2661 4392 originale
2693 4309 2759 4372 in
2786 4308 3043 4373 homine
3068 4312 3167 4372 est
3190 4316 3303 4375 aut
3332 4311 3517 4393 potest

617 4412 752 4457 esse
797 4390 1176 4471 substantia,
1225 4396 1601 4477 quadratum
1641 4402 1738 4461 est
1759 4397 2122 4475 rotundum,
2148 4420 2264 4480 par
2288 4402 2385 4462 est
2408 4397 2636 4479 impar,
2669 4397 2861 4462 homo
2884 4401 2982 4461 est
3006 4397 3190 4481 lapis,
3218 4402 3331 4463 aut
3350 4400 3514 4495 lupus

3287 4504 3513 4572 proprie
