3694 4871
613 334 696 396 46
1206 329 2951 396 D1sr.III.D1·:Juasn·rJus·r1r1AD131.

610 541 758 582 nem
802 522 1344 604 argumentemur)
1399 517 1825 582 obedientiam
1874 520 1921 584 81
1953 517 2410 602 subjectionem
2442 517 2507 582 in
2534 539 2766 602 genere
2790 517 3211 582 necessariam
3242 539 3377 581 esse
3410 522 3543 581 sta-

609 607 737 672 tuit
782 608 1098 672 sententia
1143 608 1440 683 adversa3
1473 611 1546 670 ut
1577 607 1772 670 etiam
1819 607 2013 670 homo
2036 610 2331 670 teneatur
2362 630 2563 690 aeque
2600 607 2679 671 ad
2710 606 3181 690 blasphemiam
3203 605 3343 680 Dei,
3368 629 3445 670 ac
3469 607 3547 669 ad

611 696 1065 775 adorationem,
1107 695 1420 780 siquidem
1466 695 1642 759 Deus
1666 695 1789 778 ipsi
1815 696 2229 778 praeciperet,
2256 718 2369 778 pro
2396 700 2469 759 111
2490 697 2851 779 praecipere
2876 717 3081 778 posse,
3106 694 3264 758 haut
3286 695 3545 758 obscure

611 781 838 849 innuit.
890 783 960 849 Si
1001 806 1153 869 ergo
1199 784 1561 848 obedientia
1601 785 1647 849 &
1677 784 1989 869 obligatio
2021 784 2101 848 ad
2118 806 2280 862 eam,
2306 784 2805 867 quotiescunque
2828 781 3003 847 Deus
3038 783 3191 866 quid
3224 783 3545 866 praecipit,

609 873 966 938 necessaria
989 876 1086 937 est
1108 873 1177 936 in
1208 877 1497 936 creatura
1524 872 1840 951 rationali,
1868 895 1983 936 1166
2007 873 2369 956 oppositum
2402 873 2537 956 ejus
2570 872 2765 936 statui
2791 875 3002 955 potest
3024 873 3165 935 sine
3196 893 3545 955 repugnan-

610 962 703 1026 tia
727 962 792 1025 in
819 961 1142 1026 terminis:
1171 962 1461 1044 sequitur
1491 985 1568 1024 ex
1594 962 1656 1024 vi
1681 961 2051 1039 relatorum,
2093 962 2199 1044 jus
2240 961 2497 1043 aliquod
2526 960 2853 1045 obligandi
2878 961 2957 1023 ad
2992 961 3179 1023 illam
3202 959 3543 1024 obedienti-

611 1072 716 1114 am
763 1073 900 1115 esse
941 1050 1007 1114 in
1052 1048 1208 1130 De0,
1250 1051 1418 1133 quod
1443 1050 1523 1114 ab
1549 1049 1660 1113 illo
1686 1049 2016 1134 abuegari,
2042 1051 2087 1114 81
2113 1051 2289 1134 cujus
2314 1049 2677 1133 oppositum
2704 1049 2952 1112 decerni
2986 1052 3101 1112 aut
3124 1049 3402 1132 praecipi
3426 1071 3540 1112 non

610 1143 820 1222 potest
843 1140 978 1203 sine
1003 1139 1456 1222 implicatione.
1505 1137 1642 1202 Hoc
1678 1139 1732 1201 si
1757 1139 1940 1224 [pag.
1970 1139 2129 1222 367]
2156 1138 2553 1216 concedatur,
2577 1137 2888 1202 habemus
2914 1137 3085 1220 quod
3111 1138 3422 1214 volumuS,
3444 1138 3544 1218 jus

611 1227 744 1291 scil.
794 1227 917 1292 Dei
947 1227 1240 1292 naturale
1263 1227 1332 1290 in
1357 1227 1575 1290 ordine
1601 1227 1679 1290 ad
1706 1231 2086 1306 creaturam,
2120 1226 2288 1310 quod
2320 1227 2651 1291 antecedat
2689 1226 2959 1289 liberam
2985 1224 3110 1289 Dei
3140 1226 3542 1300 voluntatem,

610 1315 702 1380 ita
749 1321 822 1380 111
866 1316 1026 1381 illud
1073 1316 1407 1399 deponere,
1441 1319 1553 1379 aut
1585 1317 1720 1398 ejus
1753 1316 2113 1399 oppositum
2142 1316 2474 1380 decernere
2502 1337 2627 1380 non
2668 1314 2889 1398 possit.
2936 1312 3026 1378 II.
3076 1315 3344 1400 Aryum.
3392 1312 3545 1387 Quia

603 1405 858 1488 justitia
903 1405 1194 1488 punitiva
1240 1407 1388 1467 ante
1413 1427 1598 1468 omne
1623 1405 1897 1468 liberum
1925 1403 2042 1468 Dei
2070 1405 2410 1481 decretum,
2462 1427 2573 1469 seu
2598 1403 3045 1467 antecedenter
3068 1404 3149 1466 ad
3177 1401 3300 1466 Dei
3333 1403 3542 1466 volun-

501 1557 508 1564 ,
611 1497 810 1557 tatem
859 1498 955 1558 est
1001 1494 1066 1557 in
1100 1493 1270 1558 Deo:
1299 1515 1450 1577 ergo
1475 1493 1734 1576 aliquod,
1749 1494 1856 1577 jus
1881 1491 2002 1556 Dei
2028 1494 2092 1557 in
2124 1493 2341 1557 ordine
2374 1493 2454 1556 ad
2477 1496 2835 1557 creaturam
2866 1491 3274 1556 rationalem.
3322 1491 3542 1554 Conse-

612 1587 876 1665 quentia
921 1586 1122 1666 patet,
1155 1581 1306 1664 quia
1338 1604 1463 1644 non
1489 1585 1700 1664 potest
1715 1582 1970 1665 justitia
1996 1605 2132 1646 esse
2158 1582 2399 1666 absque
2422 1582 2569 1664 jure
2600 1583 2645 1647 ἃ
2669 1581 2807 1644 vice
2832 1603 3032 1645 versa.
3082 1579 3299 1644 Minor
3326 1584 3387 1642 in
3410 1601 3543 1642 con·

611 1671 779 1734 fesso
811 1675 928 1750 est,
977 1671 1253 1734 maxime
1277 1670 1447 1753 apud
1471 1670 1807 1734 hodiernos
1847 1671 2200 1734 sententiae
2232 1670 2531 1734 adversae
2557 1670 2939 1747 defensoreS,
2985 1669 3276 1750 aliosque
3300 1691 3544 1732 accura-

613 1762 712 1822 tos
758 1758 1094 1823 Socinismi
1141 1757 1623 1843 AntagonistaS,
1670 1759 1735 1822 in
1785 1759 2211 1823 controversia
2242 1759 2317 1822 de
2342 1758 2777 1822 satisfactione
2804 1757 3065 1822 Christi.
3116 1757 3200 1820 Et
3228 1779 3343 1821 nos
3368 1778 3545 1840 supra

613 1847 689 1911 de
705 1871 781 1912 ea
797 1847 1046 1932 egimus
1070 1848 1137 1910 in
1155 1848 1319 1932 disp.
1343 1848 1576 1932 dejure
1597 1845 1660 1912 ἃ·
1678 1848 1935 1912 Justitia
1952 1849 2090 1914 Dei.
2110 1847 2489 1912 conferatur
2509 1847 2701 1910 etiam
2720 1845 2798 1910 D.
2822 1847 3171 1911 Maccovius
3196 1847 3359 1930 disp.
3375 1847 3545 1909 locor.

611 1957 926 2002 commun.
951 1949 1116 2020 part.
1144 1935 1198 2000 Ι.
1221 1937 1385 2020 disp.
1414 1939 1516 2000 22.
1545 1975 1634 1985 ——
1661 1935 1778 2000 111.
1805 1939 2068 2020 Aryum.
2095 1936 2199 2000 Ab
2220 1936 2509 2000 absurdis
2558 1935 3112 2018 consequentibus.
3161 1933 3212 1998 Ι.
3260 1936 3413 2020 quia
3454 1955 3543 1996 se-

614 2031 936 2108 queretur,
985 2025 1233 2090 nullum
1281 2048 1416 2089 esse
1447 2026 1857 2104 atheismum,
1884 2025 2415 2108 Epicureismum,
2442 2024 2912 2089 diabolismum.
2937 2022 3252 2108 Magiam,
3276 2023 3484 2087 odium
3506 2025 3545 2087 ἃ

613 2115 1106 2200 abnegationem
1137 2112 1282 2191 Dei,
1313 2114 1803 2198 blasphemiam,
1856 2116 1954 2178 816.
2014 2136 2201 2197 quem
2248 2113 2423 2177 Deus
2462 2136 2589 2176 non
2613 2113 2817 2196 possit
2842 2112 3042 2176 libere
3068 2113 3235 2176 velle
3261 2112 3548 2176 mandare

614 2206 660 2268 &
696 2203 833 2288 ipso
887 2203 1056 2268 facto
1106 2203 1408 2267 mandare
1455 2208 1762 2286 tanquam
1813 2203 2141 2266 moraliter
2179 2207 2291 2268 aut
2336 2200 2757 2286 spiritualiter
2787 2201 2956 2265 bona
2980 2223 3055 2264 ac
3071 2201 3197 2265 sibi
3222 2201 3547 2284 placentia,

621 2293 858 2376 quippe
905 2292 1216 2376 praestita
1249 2313 1325 2355 ex
1358 2292 1572 2356 debita
1596 2290 1958 2355 obedientia
1982 2289 2339 2374 Majestatis
2364 2290 2635 2355 divinae.
2684 2288 3005 2373 Quidquid
3032 2290 3203 2354 enim
3230 2293 3439 2372 potest
3454 2311 3546 2352 ca-

622 2381 768 2447 dere
817 2382 935 2447 sub
983 2384 1414 2467 praeceptum,
1465 2404 1538 2446 eo
1571 2380 1708 2465 ipso
1733 2402 1877 2445 cum
1901 2379 2291 2464 praecipitur
2314 2382 2352 2443 a
2372 2377 2509 2443 Deo
2532 2401 2659 2445 non
2684 2382 2781 2443 est
2802 2382 3134 2462 peccatum
3162 2383 3278 2443 aut
3300 2377 3545 2453 malum,

621 2472 729 2534 sed
755 2471 912 2535 facit
938 2470 1112 2535 Deus
1137 2475 1209 2534 ut
1233 2475 1563 2553 peccatum
1588 2472 1702 2535 fiat
1725 2473 1838 2533 aut
1870 2469 2103 2533 sitnon
2130 2474 2487 2553 peccatum:
2538 2468 2647 2532 sed
2670 2468 2885 2531 omnia
2906 2468 3023 2532 illa
3046 2468 3236 2532 modo
3251 2468 3547 2532 recensita

616 2564 882 2643 possunt
939 2560 1160 2623 cadere
1197 2560 1316 2623 sub
1371 2564 1803 2643 praeceptum,
1837 2581 1910 2621 ex
1956 2580 2146 2622 sensu
2194 2557 2717 2622 adversariorum.
2766 2556 2933 2631 Quid
2958 2557 3013 2621 si
3038 2579 3196 2641 ergo
3224 2557 3371 2641 quis
3394 2556 3545 2620 dieat

616 2648 824 2712 Deum
865 2647 1064 2711 libere
1105 2669 1292 2731 posse
1318 2649 1480 2712 velle
1505 2651 1551 2714 81
1575 2648 1859 2713 revelare
1882 2668 1955 2710 ac
1979 2648 2375 2731 praecipere:
2402 2649 2476 2709 ut
2514 2645 2705 2710 homo
2737 2650 3082 2729 cognoscat
3104 2648 3152 2711 81
3176 2646 3395 2709 credat
3414 2644 3545 2708 nul-

617 2738 753 2800 lum
798 2758 936 2801 esse
981 2734 1225 2811 Deum;
1273 2734 1480 2800 Deum
1509 2737 1789 2811 Patrem,
1823 2735 2084 2815 Filium,
2106 2735 2419 2819 Spiritum
2443 2733 2657 2799 Sanct.
2684 2756 2806 2798 non
2844 2756 2981 2799 esse
3006 2756 3208 2798 unum
3240 2734 3427 2797 illum
3449 2755 3546 2796 ve-

617 2847 758 2888 rum
785 2824 1016 2904 Deum,
1043 2829 1398 2890 creaturam
1421 2826 1587 2890 hanc
1611 2825 1868 2890 illamve
1889 2848 1903 2900 ;
1931 2824 2059 2887 imo
2084 2824 2365 2907 &ipsum
2398 2823 2722 2887 diabolum
2752 2845 2889 2887 6886
2914 2846 3113 2887 unum
3138 2822 3329 2886 illum
3352 2824 3545 2887 solum

616 2936 833 2977 verum
862 2912 1095 2990 Deum;
1113 2912 1290 2978 Duos
1316 2936 1451 2979 esse
1474 2914 1644 2979 Deos
1669 2913 2181 2989 Manicheorum;
2210 2935 2343 2977 esse
2369 2912 2620 2977 Aeonas
2638 2910 2989 2990 Valentini,
3015 2914 3344 2975 creaturas
3368 2933 3545 2995 quas-

618 3002 797 3081 libet,
836 3002 1034 3066 immo
1079 3004 1126 3068 81
1177 3003 1498 3067 diabolum
1535 3002 1833 3087 religiose
1882 3002 2214 3065 colendum
2261 3004 2307 3067 &-
2352 3000 2775 3075 adorandum;
2810 2998 3023 3064 Deum
3047 3022 3177 3063 non
3210 3000 3545 3064 condidisse

617 3091 946 3171 mundum,
993 3114 1108 3156 nec
1146 3114 1289 3156 611111
1341 3092 1736 3175 providentia
1761 3114 1877 3155 sua
1900 3111 2155 3175 regere:
2183 3090 2442 3173 insuper
2473 3089 2642 3153 dicat
2672 3088 2879 3153 Deum
2902 3110 3089 3172 posse
3114 3089 3353 3154 velle&
3378 3108 3545 3172 prae-

618 3180 846 3263 cipere,
873 3184 945 3244 ut
967 3180 1159 3245 homo
1183 3181 1306 3245 sibi
1337 3204 1463 3244 non
1489 3181 1763 3256 obediat,
1789 3202 1857 3243 se
1880 3201 2008 3243 non
2032 3182 2390 3263 cognoscat,
2416 3177 2603 3253 colat,
2630 3177 2929 3263 religiose
2953 3177 3228 3242 honoret
3254 3182 3544 3261 tanquam

616 3267 847 3349 Deum,
888 3270 998 3334 sed
1043 3269 1400 3334 diabolum:
1442 3268 1593 3334 huic
1641 3269 1817 3347 fidat,
1866 3267 2039 3332 hunc
2085 3270 2255 3332 amet
2312 3290 2387 3331 ex
2444 3270 2581 3330 toto
2622 3266 2826 3345 corde,
2864 3288 2941 3329 ex
2966 3266 3271 3329 omnibus
3298 3266 3543 3334 viribus,

616 3356 825 3422 Deum
849 3381 998 3423 vero
1029 3381 1229 3423 unum
1261 3362 1306 3426 ἃ
1337 3358 1579 3423 trinum
1600 3358 1743 3422 odio
1766 3357 2026 3433 habeat,
2053 3356 2347 3441 abneget,
2381 3355 2804 3440 blasphemet,
2846 3355 2910 3417 in
2939 3354 3113 3419 hunc
3138 3355 3545 3419 absurdorum

619 3447 1058 3531 labyrinthum
1081 3447 1435 3512 necessario
1459 3446 1889 3530 compingitur
1912 3445 2230 3509 sententia
2262 3445 2544 3523 adversa,
2571 3466 2735 3527 quae
2761 3443 2939 3508 nullo
2964 3443 3176 3508 colore
3202 3444 3547 3527 praescien-

617 3536 680 3598 di
704 3541 988 3619 possunt.
1013 3536 1164 3601 Jam
1183 3558 1328 3600 vero
1354 3558 1431 3600 ex
1458 3558 1584 3619 quo
1609 3538 1791 3599 tanta
1816 3534 2093 3598 absurda
2115 3556 2230 3617 per
2253 3556 2339 3609 se,
2364 3533 2737 3609 necessariO,
2764 3534 2810 3598 &
2833 3531 3161 3597 evidenter
3186 3536 3546 3615 sequuntur,

617 3623 777 3688 illud
823 3626 1034 3709 ipsum
1079 3648 1195 3709 pro
1241 3624 1514 3689 absurdo
1553 3624 1919 3687 habendum
1954 3626 2069 3687 est.
2121 3624 2181 3687 2.
2207 3623 2359 3709 quia
2390 3625 2760 3706 sequeretur
2783 3620 2993 3685 Deum
3026 3643 3217 3705 posse
3240 3622 3545 3705 abnegare

619 3714 920 3797 seipsum,
937 3735 1064 3779 non
1080 3718 1333 3777 tantum
1350 3713 1654 3777 indirecte
1673 3715 1719 3779 &
1734 3712 2066 3796 implicite,
2084 3711 2194 3775 sed
2207 3714 2474 3791 exserte,
2488 3712 2533 3776 81
2550 3710 2806 3789 directe,
2823 3709 3275 3794 praecipiendo
3292 3709 3426 3774 scil.
3442 3708 3545 3771 ho·

618 3802 775 3865 mini
799 3806 910 3866 aut
933 3802 1184 3887 angelo,
1209 3807 1283 3866 ut
1307 3802 1520 3866 credat
1545 3802 1688 3866 ista:
1709 3805 1849 3886 Ego
1872 3823 1997 3865 non
2022 3823 2161 3865 sum
2187 3800 2380 3879 Deus,
2407 3822 2533 3863 11011
2557 3822 2698 3863 811111
2724 3799 2898 3864 Deus
2924 3802 3127 3863 tuuse
3150 3802 3219 3862 te
3235 3798 3541 3869 colendus,

619 3892 926 3955 amandus
951 3894 1052 3957 816.
1085 3914 1276 3975 super
1299 3891 1534 3969 omnia,
1560 3912 1685 3953 11011
1702 3912 1843 3954 811111
1869 3890 2092 3968 bonne,
2119 3888 2459 3973 perfectus,
2486 3888 2849 3967 omnisciuS,
2876 3888 3287 3971 omnipotens
3318 3890 3548 3952 creator

620 3981 666 4043 &
689 3979 1078 4063 gubernator
1123 3979 1363 4057 mundi,
1406 3979 1637 4063 justus,
1687 3978 1821 4042 Aut
1859 3982 1930 4041 ut
1961 3978 2027 4041 in
2060 3978 2253 4041 tertia
2278 4000 2545 4062 persona
2577 3977 2651 4040 de
2678 3999 2745 4040 se
2770 3978 2893 4041 ista
2919 3978 3183 4040 externe
3216 3974 3543 4059 praedicet,

621 4071 734 4129 aut
778 4068 950 4131 intus
989 4068 1162 4131 cordi
1205 4068 1482 4132 hominis
1533 4067 1857 4145 inscribat,
1905 4068 2088 4153 [pag.
2139 4068 2300 4153 368]
2328 4068 2372 4133 &
2398 4071 2705 4149 tanquam
2729 4066 3049 4151 objectum
3074 4065 3226 4129 fidei
3250 4062 3543 4129 credenda

620 4158 964 4237 proponat:
1014 4154 1189 4221 Deus
1241 4179 1370 4220 non
1420 4160 1516 4220 est
1552 4157 1785 4240 justUS,
1833 4155 2197 4235 omniscius,
2254 4160 2499 4221 creator
2546 4157 2644 4221 816.
2708 4154 2999 4219 Christus
3055 4177 3185 4219 non
3233 4158 3333 4218 est
3382 4151 3543 4216 Deus

625 4241 920 4315 ὂμῦούσως
973 4266 1086 4307 1166
1125 4242 1391 4309 Messias
1438 4244 1750 4309 mediator
1795 4242 1918 4308 Dei
1964 4246 2009 4310 &
2032 4244 2363 4309 hominum
2396 4246 2495 4309 816.
2526 4244 2811 4309 Adamus
2836 4247 3040 4308 morte
3068 4266 3194 4308 non
3229 4242 3541 4313 morietur,

625 4330 877 4394 etiamsi
899 4332 1046 4394 edat
1061 4331 1136 4395 de
1163 4332 1372 4397 fructu
1396 4333 1612 4399 vetito:
1631 4356 1758 4397 non
1783 4334 2005 4417 puniet
2028 4332 2202 4398 Deus
2226 4334 2512 4398 infideles
2539 4338 2650 4397 aut
2674 4331 3186 4417 impoenitentes.
3206 4328 3539 4396 Rational-

631 4417 688 4480 la
727 4418 865 4481 dari
911 4422 1141 4502 potest,
1189 4443 1300 4483 cur
1353 4422 1476 4485 ista
1515 4422 1844 4486 mendacia
1892 4422 2102 4486 minus
2128 4424 2435 4487 credenda
2458 4445 2813 4507 proponere
2838 4444 2911 4486 ac
2933 4422 3303 4505 praecipere
3332 4418 3538 4505 possit,

1313 4540 1318 4543 ·
3361 4528 3538 4591 quam
