3694 4871
1234 361 1314 402 [N
1382 337 1677 402 Rnnus
1747 339 2034 404 F1nn1.
3054 340 3094 402 9

154 525 381 589 biades
406 523 757 588 Consilium
784 525 1082 588 adversus
1108 519 1405 590 imbellus
1430 524 1619 608 hujus
1646 525 1929 589 methodi
1955 527 2208 590 insultis
2233 525 2287 590 si
2312 524 2479 590 forte
2503 525 2646 610 quis
2673 547 2777 589 eos
2803 525 3091 609 experia-

156 619 291 690 tur,
322 613 443 676 hoc
473 612 879 697 suggerimus
905 615 950 678 δι
975 635 1167 696 supra
1184 615 1319 696 jam
1352 613 1731 698 attingimus
1755 613 1948 680 thesi.
1974 615 2032 680 5.
2061 619 2133 680 ut
2156 614 2356 678 nostri
2381 617 2816 697 protestentur
2839 636 2904 677 se
2933 615 3095 678 velle

154 703 487 786 disputare
529 707 603 765 ea
639 701 963 776 methodo,
988 708 1115 785 qua
1138 702 1236 766 usi
1262 706 1410 766 sunt
1434 702 1681 786 antiqui
1708 706 1943 785 patres,
1969 703 2351 780 scholastici,
2377 705 2422 768 ἃ
2447 700 2752 766 Doctores
2774 701 3096 766 Pontificii

156 813 365 874 usquc
404 790 485 853 ad
523 789 567 855 J
570 790 807 854 esuitas
848 790 1201 855 Arnoldum
1234 793 1279 856 δι
1304 788 1661 854 Verronum
1687 790 1995 854 inclusive
2020 794 2238 856 contra
2263 813 2480 856 omnes
2512 813 2657 854 suos
2683 791 3096 868 adversariae,

156 879 297 944 sive
329 877 565 962 scripto
590 879 721 942 sive
753 878 899 943 viva
922 875 1087 944 uoce.
1122 878 1311 944 Illam
1342 878 1711 943 methodum
1737 883 1851 944 aut
1872 880 2145 962 probent
2169 884 2281 944 aut
2302 879 2698 962 improbent:
2728 879 2782 942 si
2805 879 3096 961 probent,

155 989 319 1052 ergo
358 969 403 1034 &
440 967 624 1031 nobis
663 967 855 1031 liceat
892 991 1031 1032 eam
1072 969 1285 1052 sequi:
1323 969 1423 1032 sin
1456 968 1850 1051 improbent:
1893 969 2268 1046 rationibuS,
2310 967 2476 1050 quod
2502 969 2702 1050 ajunt,
2729 967 3096 1042 evinceant:

155 1056 397 1140 quibus
420 1056 622 1120 nostri
644 1056 853 1139 parati
880 1061 1065 1120 erunt
1080 1057 1474 1140 respondere.
1495 1055 1677 1132 Quod
1692 1057 1745 1120 si
1760 1056 2174 1121 nihilominus
2192 1056 2492 1120 methodo
2508 1054 2892 1120 Verronicae
2911 1078 3097 1139 prae-

156 1145 367 1208 fracte
390 1143 721 1208 insistant:
749 1145 951 1209 nostri
981 1146 1221 1228 priores
1254 1149 1367 1208 aut
1390 1145 1791 1228 posterioreS,
1818 1146 2084 1209 alternis
2109 1145 2443 1209 institutae
2466 1143 2825 1208 collationis
2849 1144 3094 1209 vicibus

156 1233 388 1298 eadem
420 1231 716 1298 methodo
751 1236 1043 1317 urgeant,
1078 1238 1151 1297 ut
1174 1233 1492 1298 Pontificii
1518 1256 1629 1298 nos
1652 1233 1956 1298 reducant
1979 1234 2058 1298 ad
2083 1234 2396 1298 unitatem
2421 1233 2722 1298 ecclesiae
2745 1231 3096 1310 Romanae,

158 1321 590 1386 convincendo
621 1321 942 1386 haeresios
979 1323 1025 1387 &
1062 1321 1421 1386 schismatis
1456 1325 1751 1406 (quorum
1792 1345 1906 1386 nos
1948 1345 2088 1386 reos
2129 1326 2465 1408 peragunt,
2503 1345 2574 1386 ac
2607 1325 2945 1405 propterea
2971 1321 3097 1386 vivi

158 1410 493 1476 comburio
532 1409 921 1493 adjudicant)
954 1411 1143 1493 idque
1176 1435 1251 1474 ex
1282 1411 1432 1474 solis
1458 1411 1746 1493 patribus
1772 1411 1817 1476 ἃ
1842 1410 2147 1475 conciliis,
2181 1410 2311 1476 Hoc
2336 1411 2389 1474 si
2415 1413 2662 1474 tentare
2697 1411 2991 1488 audeant,
3017 1411 3094 1474 ad

158 1499 425 1582 singula
449 1500 830 1584 argumenta
854 1521 927 1564 eo
955 1500 1139 1562 modo
1166 1499 1623 1582 excipiendum,
1648 1521 1775 1582 quo
1798 1499 2129 1563 Verronici
2155 1499 2234 1563 ad
2259 1503 2476 1564 nostra
2499 1499 2855 1582 excipiunt:
2883 1502 2954 1562 ut
2983 1521 3098 1562 au-

160 1587 405 1652 ditores
421 1589 466 1654 &
484 1587 841 1671 cognitores
866 1609 1084 1652 omnes
1101 1589 1357 1652 videant
1376 1587 1659 1651 methodi
1680 1587 1857 1652 illius
1874 1587 2364 1652 absurdidatem.
2379 1587 2503 1652 Hic
2519 1587 2768 1652 nullum
2785 1587 3098 1670 effugium

160 1679 369 1760 patet,
409 1697 601 1758 quam
633 1677 799 1741 solos
833 1675 1199 1740 Pontificios
1238 1676 1417 1740 illam
1442 1675 1813 1741 methodum
1855 1676 2036 1761 quasi
2077 1677 2156 1740 ad
2197 1676 2518 1740 hominem
2547 1675 2848 1740 adhibere
2873 1697 3056 1760 posse
3085 1696 3100 1738 :

162 1762 546 1829 reformatos
578 1785 702 1828 non
744 1787 961 1848 posse:
1006 1761 1252 1844 Primo,
1292 1765 1443 1847 quia
1482 1787 1559 1828 ex
1584 1763 2074 1828 reformatorum
2105 1765 2468 1848 hypothesi,
2502 1761 2680 1828 nulla
2704 1764 2940 1828 veritas
2966 1786 3102 1828 crc-

163 1853 392 1928 denda,
430 1851 611 1916 nulla
647 1852 899 1916 falsitas
936 1853 1277 1934 rejicienda
1318 1855 1363 1920 &
1394 1852 1751 1932 refutanda,
1777 1853 1901 1917 nisi
1927 1853 2140 1916 omnia
2161 1853 2428 1917 totidem
2453 1853 2663 1917 verbis
2689 1853 2755 1916 in
2791 1856 3104 1935 scriptura

165 1962 469 2024 expressa
510 1940 887 2006 habeantur.
921 1941 1182 2021 Deinde,
1216 1942 1367 2026 quia
1404 1942 1525 2006 soli
1565 1941 1894 2006 reformati
1927 1941 2162 2026 quippe
2188 1945 2431 2006 actores
2459 1941 2752 2024 partibus
2775 1962 3100 2024 opponen-

166 2029 339 2093 tium
378 2027 641 2114 defungi
681 2030 942 2106 debent;
980 2052 1109 2094 non
1141 2053 1287 2095 vero
1313 2029 1651 2108 Pontificii,
1680 2031 1791 2114 qui
1816 2029 1908 2094 rei
1933 2034 2329 2114 peraguntur
2350 2028 2746 2094 idololatriae
2771 2032 2818 2094 δι
2846 2032 3102 2112 aposta-

166 2117 327 2182 siae.
376 2117 557 2196 Tum,
593 2118 745 2201 quia
768 2118 925 2183 haec
949 2122 1048 2182 est
1069 2118 1691 2202 compendiosissima
1722 2119 1769 2183 δῦ
1794 2118 2270 2201 expeditissima
2301 2118 2667 2201 disputandi
2687 2117 2882 2181 ratio:
2911 2117 2966 2180 si
2987 2139 3102 2180 nos

168 2205 634 2271 convicerimus
666 2203 1033 2271 Pontificios
1057 2208 1133 2271 de
1158 2207 1517 2272 idololatria
1540 2214 1583 2268 Sc
1608 2206 1991 2271 defectione:
2021 2229 2146 2290 quo
2172 2210 2428 2289 peracto
2452 2206 2630 2270 nulla
2653 2205 2941 2270 ulteriori
2973 2203 3102 2268 dis-

168 2295 507 2379 putatione
544 2316 704 2378 opus
728 2295 868 2362 erit.
918 2294 1042 2360 Sed
1065 2297 1310 2380 primae
1332 2295 1565 2359 rationi
1589 2317 1844 2378 rep0n0,
1873 2294 2256 2358 calumniam
2281 2295 2461 2358 illam
2489 2293 2916 2378 praesupponi
2948 2297 3103 2356 tan-

168 2389 339 2462 tum,
375 2405 503 2448 non
534 2382 811 2469 probari,
838 2384 1043 2450 necin
1068 2389 1398 2449 aeternum
1426 2383 1835 2468 probandam.
1885 2383 2204 2449 Secundae
2229 2405 2490 2468 repono:
2519 2384 2689 2449 sumi
2710 2382 2828 2448 hoc
2851 2386 2963 2447 aut
2987 2404 3102 2465 po-

173 2472 429 2550 stulari,
466 2474 573 2537 sed
610 2477 649 2537 a
689 2474 871 2538 nobis
912 2496 1040 2537 non
1072 2474 1345 2551 concedi,
1369 2496 1485 2537 nec
1508 2476 1547 2537 a
1570 2470 1922 2537 Pontificiis
1946 2472 2224 2556 probari.
2273 2472 2350 2537 In
2377 2472 2747 2557 quaestione
2769 2472 3104 2537 haereseos

174 2562 227 2627 a
268 2560 624 2625 schismatis
660 2584 774 2626 nos
811 2562 904 2627 rei
926 2562 1294 2647 peragimur
1317 2563 1364 2627 &
1388 2562 1699 2645 patimur:
1734 2561 2050 2626 Pontificii
2074 2566 2468 2627 accusatores
2491 2566 2642 2626 sunt
2666 2562 2712 2625 δι
2743 2564 3104 2645 persecuto·

172 2672 301 2715 res.
361 2651 595 2717 Tertiae
632 2672 887 2734 repon0,
928 2651 1018 2715 sic
1063 2650 1294 2715 inverti
1334 2672 1549 2734 posse:
1592 2650 1925 2721 haereseos
1959 2650 2094 2715 scil.
2128 2651 2175 2715 ἃ
2195 2650 2557 2715 schismatis
2582 2649 2955 2733 probatione
2981 2649 3104 2713 rite

170 2742 435 2822 peracta
459 2739 767 2822 nobisque
790 2740 871 2803 ad
894 2738 1279 2822 palinodiam
1308 2739 1521 2803 autad
1548 2737 2074 2803 vivicomburium
2093 2738 2444 2820 justissime
2469 2739 2760 2814 redactis,
2786 2738 2862 2801 de
2875 2736 3102 2819 proba·

170 2826 351 2891 tione
376 2826 771 2891 idololatriae
797 2829 842 2893 ἃ
866 2828 1223 2911 apostasiae
1250 2826 1533 2911 Papatus
1564 2827 1743 2891 nullo
1766 2828 1952 2890 modo
1977 2832 2090 2891 aut
2111 2826 2216 2889 vix
2242 2827 2660 2893 laborandum
2682 2848 2840 2891 esse.
2868 2824 3106 2889 Videat

172 2916 395 2991 lector,
424 2916 525 2979 cui
551 2920 751 2991 vacat,
777 2916 1085 2980 nonnulla
1108 2938 1271 2999 quae
1296 2916 1373 2980 ad
1399 2919 1825 2980 commentum
1846 2915 1968 2978 hoc
1992 2914 2232 2978 faciant
2256 2917 2422 2999 apud
2451 2916 2630 3001 [pag.
2665 2916 2778 3001 12]
2810 2915 3106 2979 Barthol-

170 3004 337 3068 dum
364 3004 594 3069 A'ihusi
599 3026 707 3069 um
726 3006 793 3069 in
810 3005 1091 3069 Methodo
1118 3006 1278 3069 nomi
1302 3005 1673 3090 disputandi
1695 3024 1838 3068 cum
1867 3002 2390 3080 Protestaulibus;
2415 3026 2578 3089 quae
2601 3004 2834 3087 repetit
2857 3002 2922 3066 in
2947 3004 3107 3086 Apo·

172 3092 425 3175 quelieo
456 3092 651 3178 huius
686 3094 955 3159 Methodae·
979 3114 1145 3157 anno
1178 3094 1367 3159 1640.
1401 3093 1567 3157 edito
1592 3093 1657 3155 in
1692 3096 1730 3155 8
1780 3092 1889 3155 ubi
1921 3092 2061 3155 vide
2089 3092 2404 3175 imprimis
2429 3114 2562 3176 cap.
2592 3094 2651 3155 5.
2701 3090 2827 3157 Sed
2854 3091 3106 3155 vanita-

172 3186 305 3245 tem
350 3182 483 3264 ejus
522 3182 805 3246 methodi
828 3182 1200 3265 perstrinxit
1236 3181 1539 3267 Georyius
1566 3182 1843 3247 Calioelus
1887 3180 2226 3263 Theoloyus
2253 3182 2762 3247 Helmsladiensis
2789 3181 2858 3245 iu
2888 3180 3108 3243 iterata

172 3270 641 3353 compellatione
678 3271 764 3335 ad
795 3270 985 3335 Aead.
1020 3270 1458 3349 coloniensem,
1486 3292 1679 3354 quam
1703 3291 1847 3333 cum
1873 3273 2057 3334 tract.
2106 3269 2202 3334 De
2223 3271 2664 3337 communione
2692 3268 2806 3334 sub
2839 3269 3108 3353 utruque

170 3358 373 3442 specie
392 3358 581 3423 edidit
612 3379 787 3424 anno
822 3359 1015 3423 1642.

266 3510 303 3547 *
325 3462 361 3503 *
384 3510 417 3547 ‚3
466 3485 892 3529 concauam.

266 3566 553 3652 Defectus
596 3570 871 3635 caritatis
916 3581 1022 3646 est,
1061 3568 1234 3654 quod
1272 3568 1647 3633 Eckhardus
1687 3568 1877 3633 fasci:
1920 3573 2299 3635 controvers
2349 3590 2401 3632 c.
2448 3569 2505 3632 1.
2546 3564 3007 3632 Stechmannus
3039 3565 3106 3628 in

176 3654 690 3721 photinianismo
715 3658 873 3741 disp.
910 3659 963 3721 l.
988 3655 1216 3721 Meisn.
1242 3657 1308 3721 in
1334 3656 1501 3721 Phil.
1528 3657 1695 3721 sobr.
1722 3657 1789 3720 in
1814 3662 2060 3739 quaest.
2087 3658 2369 3741 general.
2396 3667 2639 3720 nostros
2663 3676 2806 3719 eum
2824 3654 3106 3719 Soeinia-

174 3744 283 3809 ηδε
306 3757 708 3828 componunt,
736 3748 923 3831 quasi
950 3746 1253 3811 rationem
1276 3746 1515 3830 faciam
1538 3746 1684 3832 fidei
1704 3746 2116 3829 principium,
2156 3744 2218 3811 ἃ·
2241 3765 2558 3810 normam.
2626 3741 2818 3810 Vsum
2843 3742 3108 3807 rationis

180 3832 249 3897 ἃ·
272 3832 499 3917 toyioae
518 3854 663 3899 cum
687 3835 1091 3919 requirimus,
1116 3856 1247 3899 non
1270 3836 1473 3919 maqis
1496 3834 1937 3919 lunulamenm,
1963 3834 2300 3919 principia,
2331 3832 2393 3899 a·
2415 3832 2670 3917 requlas
2704 3832 2851 3920 fidei
2873 3831 2983 3896 illa
3007 3834 3108 3916 sa-

173 3921 403 4001 eimus,
427 3944 621 4007 quam
645 3924 871 4001 oculos,
897 3944 1107 4000 aures,
1135 3923 1407 4007 linquas,
1432 3924 1565 3987 sine
1587 3922 1817 4009 quibus
1832 3925 2194 4007 reliyionem
2211 3944 2318 3987 uec
2333 3922 2651 3998 disc-imae,
2672 3942 2779 3985 nee
2795 3920 3106 3993 docemus,

174 4030 292 4076 nec
321 4022 539 4075 contra
574 4012 967 4077 adversarios
1006 4012 1426 4096 defendimus,
1472 4012 1635 4077 Sunt
1666 4032 1809 4095 erqo
1849 4013 2027 4077 nobis
2071 4012 2272 4076 niedia
2301 4010 2354 4076 ἃ
2385 4010 2700 4096 requisita,
2728 4010 2862 4073 sine
2883 4008 3108 4095 quibus

172 4100 365 4165 nulla
387 4100 540 4186 fides
562 4112 673 4167 aut
695 4102 959 4185 coquitio
984 4100 1349 4185 theoloqica:
1386 4122 1519 4165 uon
1542 4120 1683 4165 vero
1706 4100 2043 4185 principia,
2068 4120 2348 4179 normae,
2372 4102 2638 4184 requlae,
2665 4098 3106 4183 fienda-menta.

884 4396 2417 4453 W
