3694 4871
858 329 2242 399 DoenarlsnssSS.Tn1nrrArn.
2919 335 3000 400 79

82 521 412 585 minatione
437 521 569 584 scil.
598 520 1115 596 sanctificatione,
1150 519 1594 584 consolatione.
1623 518 1857 584 Docuit
1882 520 2002 583 hoc
2027 521 2182 583 satis
2214 519 2398 583 triste
2424 521 2782 603 exemplum
2809 519 2996 585 Soci-

82 611 419 686 nianorum,
470 610 583 692 qui
626 609 1050 694 oppugnando
1096 608 1469 692 mysterium
1520 607 1880 687 Trinitatis,
1907 631 1980 672 eo
2007 608 2288 692 prolapsi
2313 612 2480 686 sunt,
2509 614 2580 671 ut
2605 609 2789 674 &illa
2813 611 2997 674 modo

84 699 237 762 dicta
282 700 328 763 81
358 699 571 762 omnia
603 698 738 762 fere
764 697 891 762 alia
917 697 1423 761 Christianorum
1448 697 1749 780 dogmata
1780 698 2014 761 mirum
2040 697 2104 760 in
2129 697 2382 760 modum
2411 697 2781 761 haeresibus
2811 699 2834 779 1'
2847 720 2994 782 pag.

84 788 231 870 473]
280 787 411 850 suis
466 786 912 870 conspucarint
958 787 1003 851 8z
1048 786 1495 849 subverterint.
1546 782 1693 848 VII.
1744 787 2011 870 Arqum.
2047 785 2239 868 Cujus
2271 785 2589 870 dogmatis
2619 787 2876 870 negatio
2901 790 3000 850 est

84 875 431 948 infidelitas.
460 875 775 960 impietaS,
804 874 1142 957 apostasia,
1176 875 1221 938 81
1248 873 1970 952 Antichristianismum,
1997 874 2133 956 ejus
2153 873 2504 945 ‚affirmatio
2532 879 2629 938 est
2647 875 3001 939 necessaria

87 965 127 1028 &
154 963 642 1028 fundamentalis
671 988 685 1038 ;
712 961 836 1026 Sed
860 963 1177 1046 dogmatis
1202 963 1277 1026 de
1304 961 1620 1026 Trinitate
1645 965 1746 1028 810.
1772 963 1968 1047 Ergo,
1996 962 2204 1026 Minor
2230 963 2554 1046 probatur.
2587 986 2662 1026 ex
2691 963 2749 1026 1.
2775 963 2998 1028 lolian.

88 1055 141 1114 2.
162 1074 217 1115 v.
246 1054 345 1116 18.
384 1054 483 1116 19.
520 1053 627 1114 20.
662 1053 767 1114 22.
812 1053 917 1112 23.
948 1053 1053 1114 24.
1080 1053 1125 1116 81
1149 1072 1280 1134 cap.
1310 1053 1368 1114 4.
1402 1053 1459 1114 1.
1488 1053 1547 1114 2.
1580 1052 1898 1117 3.-Coloss.
1931 1054 1989 1114 1.
2029 1052 2132 1116 15.
2166 1051 2262 1114 16.
2296 1052 2396 1114 17.
2437 1051 2538 1115 18.
2571 1073 2714 1115 011111
2737 1072 2794 1116 υ.
2824 1053 2928 1114 23.
2957 1055 3002 1118 81

86 1161 205 1224 cap.
232 1144 289 1203 2.
325 1163 379 1204 v.
408 1143 468 1203 2.
498 1141 555 1203 4.
588 1141 648 1204 6.
679 1147 737 1202 7.
766 1139 823 1202 8.
854 1141 915 1203 9.
948 1141 1048 1202 10.
1103 1138 1225 1202 Η10
1274 1139 1489 1223 agitur
1535 1140 1611 1202 de
1657 1161 1930 1223 persona
1977 1138 2114 1216 filii,
2141 1161 2302 1222 quae
2328 1140 2506 1204 nulla
2533 1140 2660 1204 alia
2686 1145 2784 1204 est
2809 1163 3003 1224 quam

88 1251 339 1312 persona
383 1229 617 1304 divina,
669 1230 715 1292 &
740 1231 1195 1310 consequenter
1222 1227 1489 1302 ἐμοὸσ-ιος
1518 1249 1661 1290 cum
1679 1233 1868 1311 patre
1894 1227 2087 1292 Deus.
2115 1226 2276 1291 VIII
2332 1229 2595 1312 Aryum.
2624 1228 2820 1313 Cujus
2845 1230 3003 1314 dog-

86 1317 265 1382 matis
311 1317 653 1382 affirmatio
701 1321 737 1379 a
764 1321 944 1399 parte
978 1320 1214 1392 nostra,
1243 1321 1355 1379 aut
1376 1317 1635 1400 negatio
1662 1321 1699 1380 a
1732 1321 1914 1399 parte
1943 1315 2624 1380 Anti-Trinitariorum
2649 1319 3002 1382 necessario

86 1405 299 1469 fundat
320 1408 363 1471 &
388 1405 583 1468 infert
604 1417 717 1469 aut
740 1401 1013 1476 ἁσέβεικν
1040 1404 1453 1487 impietatem,
1480 1405 1525 1469 &
1550 1405 2012 1470 recusationem
2044 1407 2252 1468 cultus
2279 1427 2425 1468 vero
2451 1403 2587 1468 Deo
2613 1406 3000 1489 praestandi,

90 1500 189 1556 aut
216 1493 619 1558 manifestam
644 1493 1103 1568 idololatriam;
1129 1493 1288 1555 illud
1313 1498 1428 1567 est,
1462 1494 1743 1576 cognitU,
1770 1494 1815 1557 8⁶
1841 1494 2083 1557 creditu
2108 1494 2532 1557 necessarium
2559 1516 2572 1556 :
2600 1493 2723 1557 Sed
2749 1496 2878 1560 tale
2909 1499 3000 1559 est

90 1582 305 1666 dogma
334 1583 409 1646 de
440 1580 773 1646 Trinitate.
802 1582 996 1666 Erg0.
1030 1581 1345 1645 Probatur
1391 1582 1596 1646 minor
1638 1584 1924 1665 primum
1951 1583 2116 1664 quod
2143 1583 2222 1646 ad
2245 1604 2394 1656 nos;
2424 1582 2478 1645 si
2503 1583 2726 1657 filium,
2761 1586 2806 1648 ἃ
2831 1582 2998 1667 Spir.

90 1693 116 1732 s
164 1677 461 1754 tanquam
489 1692 679 1734 unum
710 1692 931 1734 verum
962 1669 1171 1733 Deum
1196 1670 1461 1733 colimus
1485 1671 1661 1733 cultu
1694 1671 1928 1748 divino,
1963 1671 2074 1753 qui
2099 1671 2206 1732 uni
2231 1669 2368 1734 Deo
2394 1675 2646 1734 tantum
2672 1671 3004 1736 conveniat

94 1759 155 1831 (81
197 1782 319 1823 11011
358 1760 481 1822 sint
531 1763 746 1822 tamen
794 1781 955 1822 unus
1003 1759 1113 1821 ille
1146 1781 1330 1821 verus
1374 1781 1517 1821 cum
1542 1765 1723 1841 patre
1754 1758 1960 1838 Deus)
2005 1759 2224 1840 utique
2249 1780 2528 1823 crassam
2551 1761 3005 1823 committimus

92 1847 499 1912 idololatriam
542 1849 588 1910 ἂ
620 1853 751 1910 tres
776 1846 944 1910 Deos
970 1847 1393 1910 essentialiter
1419 1847 1580 1910 tales
1602 1847 1904 1930 fingimus
1931 1869 2002 1910 ac
2026 1848 2322 1910 colimus:
2353 1848 2448 1910 sin
2482 1847 3005 1912 Anti-Trinitarii

92 1957 204 1998 non
251 1937 460 1999 colunt
476 1937 700 2013 filium,
742 1939 785 2002 8z
826 1934 935 2018 Sp.
972 1939 1169 1998 sanct.
1212 1938 1518 2018 tanquam
1554 1958 1773 1999 verum
1817 1935 2025 1999 Deum
2065 1935 2338 2000 essentia
2385 1957 2527 1998 cum
2568 1939 2748 2018 patre
2789 1958 3003 2011 unum,

96 2023 297 2106 utique
344 2025 422 2088 ab
468 2021 733 2102 ἀσεβείᾳ,
782 2023 1281 2107 irreligiositate,
1329 2025 1523 2086 innuo
1573 2025 1653 2088 ab
1686 2024 2124 2107 Epicureismo
2149 2027 2194 2089 81
2220 2023 2533 2088 atheismo
2560 2025 2843 2088 excusari
2877 2047 3002 2088 non

98 2116 359 2194 possunt.
392 2113 571 2188 Quod
594 2112 647 2175 si
676 2134 819 2175 cum
845 2112 1065 2178 Socino
1090 2124 1304 2176 contra
1330 2113 1769 2178 Francismum
1798 2113 2066 2178 Davidis
2091 2112 2136 2176 a
2163 2112 2401 2175 similes
2427 2111 3002 2176 Anti-Trinitarios

98 2201 307 2264 malint
336 2201 727 2277 contendere,
776 2200 1101 2264 Christum
1150 2200 1439 2283 quamvis
1465 2201 1738 2264 essentia
1764 2204 1801 2263 a
1825 2200 1962 2264 Deo
1987 2205 2168 2284 patre
2194 2199 2560 2264 distinctum
2585 2203 2761 2264 cultu
2789 2201 3000 2264 divino

99 2310 219 2352 esse
242 2289 583 2364 colendum,
602 2289 737 2372 jam
762 2293 1060 2353 tenentur
1077 2289 1472 2353 idololatriae
1492 2291 1537 2355 &
1562 2290 1715 2352 duos
1734 2288 1906 2352 Deos
1929 2290 2162 2367 colunt,
2190 2290 2530 2352 secundum
2555 2289 2648 2353 rei
2665 2289 3002 2354 veritatem

99 2379 139 2441 8⁶
180 2378 367 2442 totius
414 2377 882 2443 Christianismi
922 2377 1250 2461 judicium.
1294 2376 1406 2441 IX.
1440 2380 1702 2463 Arqum.
1730 2378 1911 2455 Quod
1935 2377 2188 2463 Dogma
2211 2375 2407 2443 habet
2431 2378 2932 2462 quamplurimos
2957 2378 3003 2444 δι

99 2466 359 2552 insignes
407 2489 557 2531 usus
586 2467 911 2550 practicos,
940 2467 1057 2530 hoc
1082 2471 1179 2531 est
1206 2470 1303 2550 (ut
1328 2467 1451 2550 ipsi
1477 2465 2000 2531 Remonstrantes
2026 2467 2198 2551 loqui
2225 2467 2456 2547 solent)
2485 2469 2648 2551 quod
2675 2472 3004 2551 promovet

100 2554 367 2619 fiduciam
414 2558 460 2621 81
504 2555 929 2619 obedientiam
978 2554 1113 2619 Deo
1161 2554 1539 2639 Christoque
1565 2555 1870 2631 debitam,
1896 2556 2055 2620 illud
2081 2560 2177 2620 est
2202 2556 2670 2632 necessarium3
2707 2578 2832 2620 non
2859 2579 3003 2621 vero

100 2644 621 2725 problematicum,
651 2644 725 2707 de
758 2667 882 2727 quo
915 2666 999 2707 sc.
1034 2644 1169 2707 sine
1202 2666 1365 2707 noxa
1399 2648 1511 2707 aut
1556 2644 1817 2727 pietatis
1851 2646 1896 2709 ἃ
1949 2644 2150 2708 bonae
2182 2644 2604 2709 conscientiae
2642 2646 2894 2729 jactura
2938 2646 3006 2709 in

100 2735 407 2815 utramque
434 2737 683 2816 partem
709 2733 895 2796 liceat
920 2732 1117 2796 libere
1144 2732 1549 2816 prophetare.
1575 2731 1699 2796 Sed
1723 2734 1956 2816 dogma
1988 2732 2327 2797 Trinitatis
2351 2738 2446 2797 est
2471 2734 2620 2797 tale.
2655 2734 2850 2818 Ergo,
2877 2732 3005 2800 Mi-

99 2841 294 2884 norem
316 2820 483 2885 infra
510 2821 935 2905 probabimus.

176 2906 239 2977 4.
258 2910 465 2993 Atque
489 2910 647 2973 haec
670 2910 925 2993 quidem
951 2913 1327 2993 argumenta
1352 2909 1590 2973 directa
1615 2910 1936 2974 ostensiva
1961 2933 1975 2974 :
2003 2910 2372 2993 subjicimus
2397 2932 2563 2975 nunc
2589 2911 2900 2993 quaedam
2926 2911 3006 2977 ab

104 2996 365 3062 absurdis
395 2998 941 3081 consequentibus.
978 2996 1027 3060 Ι.
1070 2996 1235 3061 Τ11111
1262 2998 1439 3062 nulla
1464 2998 1596 3061 fere
1622 3000 1922 3083 dogmata
1953 3000 2454 3082 supernaturalis
2480 2998 2870 3085 Theologiae
2896 3022 3008 3065 seu

105 3082 475 3151 Christianae
501 3087 650 3150 fidei
674 3109 799 3171 qua
823 3086 973 3150 talis
998 3085 1251 3169 probari
1278 3091 1537 3169 possent
1560 3109 1696 3151 esse
1724 3086 2246 3152 fundamentalia.
2275 3088 2706 3170 Experiantur
2729 3086 3008 3153 Remon-

106 3176 371 3253 stranteS.
398 3179 769 3238 enumerent
808 3175 921 3237 illa
946 3176 1265 3259 dogmata,
1299 3196 1463 3258 quae.
1488 3180 1717 3257 putant
1741 3176 1900 3239 talia
1925 3198 2084 3255 esse,
2111 3181 2181 3240 ut
2211 3176 2388 3239 nullo
2413 3176 2599 3240 modo
2625 3177 3008 3240 contrarium

107 3263 422 3327 sentientes
445 3264 674 3327 salvari
700 3263 972 3347 possint;
1022 3263 1356 3327 ostendant
1388 3285 1463 3326 ex
1488 3264 1795 3346 scriptura
1826 3286 2044 3327 eorum
2069 3264 2535 3342 necessitatem,
2563 3287 2754 3348 supra
2779 3266 3009 3350 dogma

108 3346 435 3429 Trinitatis,
477 3353 523 3417 8⁶
570 3350 727 3410 κατὰ
749 3349 821 3410 τὸ
842 3350 1036 3427 ρητὲν,
1065 3356 1177 3415 aut
1202 3352 1431 3415 saltem
1452 3373 1569 3435 per
1590 3355 2088 3438 conseqtaemiam
2111 3352 2408 3418 omnibus
2439 3373 2634 3417 sanae
2657 3354 2880 3417 mentis
2904 3354 3007 3417 ob-

108 3438 253 3503 viam
282 3438 341 3504 ἃ·
360 3442 717 3517 evidemmn,
768 3440 839 3502 ut
870 3440 1124 3522 quidem
1170 3440 1335 3503 hanc
1367 3440 1575 3524 legem
1600 3440 1722 3523 ipsi
1747 3442 1956 3525 figunt
1995 3440 2183 3507 Vedel.
2213 3442 2531 3525 Rhapsodi
2555 3441 2654 3506 lib.
2685 3442 2744 3505 2.
2772 3463 2819 3505 c.
2850 3442 2908 3503 5.
2941 3463 3008 3525 p.

114 3525 197 3587 12.
250 3532 295 3592 1.
348 3530 527 3593 Addo
574 3528 769 3592 etiam
816 3529 1119 3593 nonnulla
1144 3530 1445 3612 dogmata
1470 3529 1783 3593 naturalis
1809 3528 2220 3615 Theologiae,
2246 3552 2430 3613 posse
2457 3529 2676 3593 haberi
2703 3534 3008 3612 tanquam

112 3636 213 3678 non
256 3617 623 3690 necessaria,
674 3640 727 3681 e.
761 3638 858 3701 gr.
908 3616 1028 3679 Dei
1068 3616 1555 3700 praescientiam
1596 3619 1879 3682 omnium
1903 3618 2282 3695 futurorum,
2317 3615 2928 3695 immutabilitatem,
2963 3620 3008 3682 81

112 3706 255 3784 quod
283 3707 449 3769 solus
480 3706 566 3769 sit
596 3710 860 3769 creator.
913 3703 995 3769 II.
1045 3704 1429 3788 Sequeretur
1461 3706 1648 3770 fidem
1681 3706 2112 3771 Christianam
2136 3708 2380 3790 objecto
2405 3705 2551 3769 fidei
2577 3706 2622 3770 81
2653 3705 2862 3769 cultus
2885 3706 3008 3783 sui,

115 3812 217 3855 non
240 3794 556 3878 distingui,
583 3798 621 3857 a
646 3792 905 3869 Geniali,
930 3792 1217 3871 Judaica,
1246 3792 1793 3859 Mahumedistica.
1822 3796 2005 3879 [pag.
2033 3795 2194 3879 474]
2222 3794 2291 3857 Si
2315 3795 2483 3857 enim
2505 3794 2859 3858 necessario
2882 3816 3009 3858 non

116 3882 301 3945 credat
328 3883 392 3945 in
448 3883 691 3946 unitate
738 3882 1113 3959 trinitatem,
1161 3882 1228 3944 in
1275 3883 1563 3946 trinitate
1613 3884 1944 3957 unitatem,
1981 3886 2115 3968 jam
2149 3883 2460 3967 redigitur
2487 3884 2566 3947 ad
2591 3881 3011 3967 Theologiam

116 3971 460 4049 naturalem,
486 3973 531 4035 ἃ
557 3970 935 4055 symbolizat
957 3992 1099 4035 cum
1123 3972 1809 4055 pseudo-religionibus
1836 3973 2021 4036 modo
2045 3972 2430 4035 memoratis.
2453 3970 2775 4046 Quomodo
2793 3975 3010 4035 autem

120 4053 433 4123 Christiani
477 4060 634 4123 fides
666 4064 802 4123 tota
826 4058 1100 4123 essentia
1133 4058 1409 4124 &forma
1434 4060 1741 4144 distingui
1768 4061 1996 4125 debeat
2029 4060 2349 4143 apostasia
2379 4062 2424 4125 &
2450 4058 2714 4142 perfidia
2739 4058 2781 4123 J
2787 4059 3010 4125 udaica

122 4142 158 4205 ἃ
194 4148 433 4229 quidem
475 4148 809 4231 speciatim
839 4147 960 4211 hoc
982 4148 1279 4231 dogmate
1304 4148 1380 4211 de
1404 4170 1531 4212 uno
1556 4171 1704 4212 vero
1728 4148 1886 4224 Dec,
1913 4153 2202 4213 accurate
2227 4151 2272 4213 &
2297 4147 2766 4212 evidentissime
2792 4152 3012 4213 contra

124 4229 451 4300 Socinianos
475 4235 931 4300 demonstravit
956 4235 1049 4299 Cl.
1072 4236 1349 4301 Vedelius
1380 4236 1445 4300 in
1470 4248 1643 4301 eracl.
1670 4237 1745 4302 de
1768 4239 1898 4303 Deo
1923 4238 2302 4321 Synaqoyae.
2352 4235 2450 4299 De
2477 4236 2826 4300 Gentilium
2861 4238 3011 4301 reli-

125 4319 283 4403 gione
302 4346 500 4408 nuper
530 4324 771 4408 aliquid
794 4324 1152 4389 notavimus
1177 4324 1242 4387 in
1277 4326 1455 4409 Disp.
1489 4326 1564 4389 de
1591 4326 1973 4391 Gentilismo.
2001 4324 2312 4389 Addimus
2339 4346 2505 4389 nunc
2529 4329 2746 4389 tamen
2769 4327 2845 4389 de
2870 4324 3011 4389 Ma-

128 4406 439 4489 humedica,
458 4436 597 4479 eam
616 4436 692 4477 ex
718 4412 897 4497 vagis
915 4414 961 4478 81
978 4412 1233 4477 incertis
1258 4412 1869 4497 Neo-Scepticorum
1891 4413 2356 4498 hypothesibus
2379 4414 2486 4477 vix
2511 4436 2692 4497 posse
2707 4414 3011 4493 convinci,

2757 4505 3011 4585 aposta-
