3694 4871
738 328 2482 397 D1sp.11LDnJuanmJusm1m1ADm.
3010 333 3087 396 41

252 515 327 586 2.
374 515 470 580 Ι)6
502 515 755 598 justitia
794 514 916 579 Dei
953 516 1244 599 punitiva
1283 516 1470 580 hodie
1507 515 2017 595 controvertitur,
2066 515 2286 580 anilla
2318 514 2379 578 in
2422 513 2558 580 Deo
2590 515 2675 580 sit
2719 515 3095 594 necessaria,

157 606 335 690 quod
379 605 460 668 ad
493 625 816 688 egressum
865 604 998 668 scil.
1047 628 1158 669 seu
1207 605 1610 669 exercitium:
1657 605 1752 669 ita
1797 609 1871 669 ut
1917 604 2091 669 Deus
2117 603 2469 668 necessario
2497 603 2722 688 puniat
2744 607 3092 684 peccatum,

161 693 668 777 quandocunque
703 692 865 756 illud
901 693 1304 758 commissum
1329 693 1545 758 fuerit.
1570 691 1754 757 Unde
1779 693 2133 776 dependent
2158 693 2620 757 controversiae
2643 692 2711 756 in
2733 691 2850 756 loc.
2876 714 3101 756 comm.

155 783 238 847 de
260 781 683 864 satisfactione
721 779 972 860 Christi,
1010 780 1071 846 st
1097 780 1170 846 'de
1199 783 1642 868 Justifi'catione
1680 779 2227 854 determinandam
2263 779 2369 843 An
2392 780 2743 846 satisfactio
2776 781 2821 845 81
2854 780 3101 864 justitia

159 869 406 935 Christi
445 869 640 933 fuerit
679 869 1062 942 necessaria3
1099 870 1230 934 sive
1269 871 1558 934 absolute
1604 893 1680 934 ex
1726 871 2103 934 necessitate
2129 873 2395 932 naturae
2444 869 2695 934 divinae
2719 868 2871 952 quia
2909 869 3101 951 justi-

156 960 256 1022 tia
313 961 412 1022 est
442 957 581 1022 Deo
625 957 982 1022 essentialis
1027 959 1072 1022 &
1121 959 1452 1034 naturalis,
1499 959 1630 1022 sive
1679 958 2089 1041 hypothetice
2143 981 2219 1022 ex
2266 958 2593 1041 supposito
2628 957 2751 1022 Dei
2806 957 2881 1021 de
2934 979 3101 1021 com-

159 1047 517 1111 minatione
563 1045 726 1130 legis
773 1046 1078 1129 poenalis,
1124 1045 1443 1111 Sociniani
1497 1047 1710 1111 onmia
1746 1047 1863 1110 illa
1907 1050 2169 1131 negant.
2228 1045 2329 1108 Ex
2376 1046 2743 1111 orthodoxis
2790 1049 2939 1108 sunt
2992 1045 3103 1130 qui

163 1136 500 1200 affirmant
539 1134 827 1198 absolute
859 1136 906 1199 81
946 1134 1321 1218 simpliciter
1351 1135 2021 1216 saticfactionemj·.1re
2044 1134 2167 1199 Dei
2190 1134 2470 1198 naturali
2495 1158 2629 1200 esse
2654 1135 3104 1212 neccssarian13

163 1227 214 1290 St
239 1226 700 1300 consequenter
723 1223 1160 1288 remissionem
1183 1225 1424 1306 peccati
1447 1224 1687 1307 absque
1710 1225 2071 1288 interventu
2098 1222 2551 1287 satisfactionis
2578 1246 2715 1288 esse
2730 1222 3109 1306 simpliciter

161 1311 654 1395 impossibilem,
679 1310 914 1394 qnippe
939 1316 1205 1376 naturae
1222 1311 1346 1376 Dei
1369 1317 1857 1397 repugnantem.
1881 1312 2015 1376 Alii
2040 1311 2387 1376 defendunt
2416 1311 2819 1395 hypothetice
2850 1334 2923 1374 ex
2957 1335 3104 1394 sup-

163 1400 484 1485 positione
523 1399 756 1464 decreti
796 1402 842 1465 &
873 1400 1034 1484 legis
1060 1400 1342 1487 poenalis
1371 1401 1614 1464 Adamo
1649 1401 1816 1465 latae
1843 1425 1979 1465 esse
2004 1399 2455 1466 necessariam:
2491 1399 2757 1485 ideoque
2782 1399 2981 1464 alium
3006 1423 3105 1464 re-

165 1488 510 1554 demtionis
548 1489 805 1552 modum
842 1488 1040 1553 fuisse
1077 1492 1124 1555 81
1157 1511 1323 1552 1111116
1361 1513 1498 1554 6886
1536 1490 2017 1572 impossibilem.
2054 1489 2185 1553 Alii
2226 1488 2497 1571 denique
2538 1489 2832 1552 videntur
2862 1489 3107 1552 nullam

163 1577 614 1642 necessitatem
646 1576 1101 1641 satisfactionis
1141 1599 1513 1661 agnoscere:
1553 1578 1661 1641 sed
1695 1603 1732 1641 a
1771 1579 2033 1642 verbulo
2073 1581 2187 1641 aut
2216 1580 2376 1640 nutu
2415 1576 2538 1640 Dei
2586 1582 2687 1663 (ut
2733 1577 3107 1661 loquuntur)

165 1671 380 1730 totum
403 1688 560 1749 opus
585 1665 1039 1748 redemptionis
1051 1666 1455 1749 suspendere.
1473 1665 1608 1730 Nos
1636 1667 1919 1730 nundum
1948 1666 2297 1730 videbimus
2323 1665 2623 1743 rationeS,
2650 1688 2762 1730 cur
2788 1670 3110 1749 receptam

166 1752 2782 1926 “35tiz}&tssffiffifftfflsffsssffg'ssffjssff.Stfflffiziffifflsfflgsstffleffi
2793 1754 3110 1925 ‘3³53ssssss

169 1929 496 1995 sententia
526 1929 908 2009 affirmante,
950 1953 1113 2014 quae
1152 1931 1208 1994 si
1246 1931 1460 1994 omnia
1494 1953 1620 1995 non
1643 1935 1863 1994 tenent
1886 1953 2001 2013 pro
2028 1932 2233 2014 prima
2258 1934 2391 2008 ejus
2416 1931 2856 2012 explicatione,
2883 1931 3110 1994 saltem

167 2019 485 2084 tenebunt
509 2040 624 2102 pro
648 2019 939 2083 secunda.
965 2017 1018 2083 1.
1045 2020 1310 2103 Arymn.
1337 2019 1438 2083 Ex
1463 2019 1625 2084 Jesa.
1659 2021 1714 2082 1.
1757 2020 1857 2082 14.
1886 2021 1931 2085 81
1957 2021 2063 2084 33.
2096 2019 2196 2084 14.
2224 2018 2383 2083 Hah.
2418 2020 2469 2080 1.
2503 2019 2604 2083 12.
2634 2019 2735 2080 13.
2763 2021 2823 2081 2.
2862 2019 3109 2084 Thessa.

175 2109 238 2172 1.
263 2108 328 2170 6.
361 2106 562 2172 Exod.
603 2107 707 2170 34.
751 2106 809 2169 7.
845 2108 1016 2171 Psal.
1055 2109 1114 2172 5.
1150 2109 1209 2171 5.
1246 2109 1304 2171 6.
1331 2109 1451 2172 Ex.
1484 2109 1589 2170 20.
1625 2107 1686 2172 5.
1709 2107 1894 2173 Deut.
1922 2108 1983 2170 4.
2020 2109 2122 2171 24.
2150 2106 2335 2172 llebr.
2373 2107 2474 2169 10.
2510 2108 2617 2171 30.
2643 2108 2748 2170 31.
2782 2109 2844 2172 ἃ·
2872 2109 2973 2170 12.
3004 2109 3109 2170 29.

175 2198 360 2262 Rom.
390 2195 451 2256 2.
481 2195 542 2259 2.
575 2195 637 2259 3.
674 2195 734 2259 5.
766 2192 829 2259 ἃ·
853 2197 914 2260 3.
949 2197 1009 2259 6.
1041 2195 1104 2261 3⁴
1131 2196 1232 2259 12.
1275 2197 1375 2260 19.
1403 2198 1596 2262 Num.
1628 2196 1728 2258 14.
1767 2196 1867 2259 18.
1900 2197 2058 2262 ΝαΙι.
2091 2197 2148 2260 1.
2184 2197 2243 2258 3.
2270 2194 2447 2270 Quae
2472 2195 2811 2278 descriptio
2834 2195 3113 2260 ostendit

172 2285 389 2349 Deum
429 2283 808 2347 naturaliter
843 2284 1048 2348 odisse
1071 2288 1420 2368 peccatum,
1452 2284 1574 2348 hoc
1612 2288 1711 2348 est
1733 2288 2061 2367 peccatum
2089 2285 2145 2348 ei
2172 2283 2530 2366 displicere!
2557 2284 2603 2348 &
2635 2283 2839 2366 posito
2864 2284 3111 2366 objecto

173 2395 308 2438 non
345 2393 527 2455 posse
567 2371 781 2437 odium
821 2394 1008 2437 suum
1049 2395 1124 2437 ex
1151 2373 1524 2438 necessitate
1548 2375 1816 2438 naturae
1839 2396 1991 2438 suae
2015 2374 2312 2438 adversus
2337 2371 2495 2435 illud
2521 2393 2822 2438 exserere.
2854 2370 2936 2435 ΙΙ.
2961 2373 3111 2457 Arq.

175 2464 361 2528 Rom.
407 2461 464 2524 1.
505 2463 608 2525 32.
645 2461 946 2525 collatum
986 2484 1130 2525 cum
1170 2461 1486 2525 communi
1527 2484 1714 2527 sensu
1747 2462 2031 2527 omnium
2062 2462 2415 2538 hominum,
2464 2460 2575 2544 qui
2622 2464 2694 2524 ut
2731 2462 3113 2525 naturaliter

171 2550 389 2614 Deum
425 2549 786 2631 concipiunt
823 2550 1176 2614 necessario
1217 2573 1354 2614 esse
1394 2551 1674 2634 aliquem
1697 2550 1930 2629 Deum,
1956 2551 2046 2615 sic
2072 2574 2216 2614 eum
2239 2549 2753 2629 gubernatorem,
2771 2554 3040 2631 justum,
3066 2550 3113 2612 Su

170 2638 492 2701 vindicem
531 2637 922 2721 intelligunt.
949 2637 1118 2702 Hinc
1141 2638 1452 2703 naturalis
1469 2639 1889 2703 conscientiae
1913 2639 2228 2703 accusatio
2256 2640 2431 2705 Rom.
2468 2638 2525 2701 2.
2567 2638 2667 2701 16.
2695 2640 2742 2703 81
2765 2638 2831 2701 in
2854 2660 3111 2721 oppres-

172 2726 356 2790 sione
387 2748 462 2790 ac
484 2725 719 2806 injuria
743 2748 1116 2810 quacunque
1141 2726 1220 2791 ad
1243 2724 1365 2790 Dei
1383 2728 1702 2809 justitiam
1723 2728 2119 2810 provocati03
2144 2727 2295 2791 hinc
2322 2729 2369 2792 &
2393 2724 2755 2809 excogitata
2778 2725 3115 2791 innumera

175 2815 492 2887 ἱλαστήρια
521 2813 828 2897 placando
866 2814 1146 2889 numiui;
1189 2816 1235 2880 81
1270 2815 1697 2893 lustrationeS‚
1737 2816 2253 2900 expurgationeS,
2286 2815 2435 2879 hinc
2460 2817 2497 2876 a
2520 2814 2841 2879 sacrificiis
2866 2813 3116 2899 profani

173 2926 400 2967 omnes
425 2902 641 2986 procul
667 2925 802 2966 esse
813 2902 996 2985 jussi.
1023 2902 1122 2965 Ex
1149 2903 1641 2986 antiquitatibus
1667 2927 1745 2967 ex
1771 2905 2054 2987 professo
2079 2905 2191 2968 illa
2216 2903 2383 2968 eruit
2410 2902 2691 2967 Slullcius
2707 2904 3116 2991 (le-sacrificiis

178 2992 550 3058 Gentilium.
591 2989 737 3053 Post
775 3013 963 3073 quem
1003 2995 1298 3074 excerpta
1338 2991 1630 3055 exhibuit
1658 2994 1915 3058 Grotius
1940 2994 2019 3056 ad
2042 2994 2277 3056 calcem
2302 2990 2451 3055 libri
2477 2990 2575 3055 sui
2600 2992 2675 3055 de
2698 2993 3119 3077 satisfactione

178 3081 370 3167 [pag.
413 3078 575 3163 361]
625 3078 873 3144 Christi.
911 3078 1000 3143 Ut
1039 3102 1206 3144 nunc
1244 3080 1566 3144 axiomata
1603 3080 1900 3145 omnibus
1932 3081 2251 3164 insculpta
2282 3103 2377 3144 ex.
2412 3102 2509 3163 gr.
2536 3077 2659 3157 ἔχει
2701 3078 2842 3149 θεὶς
2892 3078 3118 3141 ἔκδικον

177 3168 394 3242 ὅμμαε
419 3168 466 3231 a
489 3165 750 3231 alterius
776 3171 1032 3250 poetae:
1060 3168 1387 3253 Aspiciam
1411 3170 1601 3233 oculis
1626 3171 1842 3253 smper-i
1864 3169 2157 3234 mortalia
2166 3171 2380 3253 justi-3,
2408 3170 2453 3233 8z
2472 3169 2708 3233 similia
2724 3170 2975 3233 infinita
2993 3191 3119 3232 una

176 3279 332 3321 cum
369 3254 722 3339 Theologia
761 3255 1193 3341 mythologica
1234 3258 1309 3321 de
1348 3256 1632 3336 Nemesi,
1679 3256 2122 3322 Rhadamanto
2160 3260 2258 3327 816.
2299 3262 2713 3342 praeteream.
2749 3258 2923 3333 Quae
2948 3262 3117 3321 certe

177 3346 332 3429 plus
372 3342 634 3426 aliquid,
673 3365 864 3426 quam
905 3344 1176 3410 liberum
1206 3344 1328 3408 Dei
1363 3344 1734 3409 institutum
1771 3351 1885 3410 aut
1921 3346 2278 3429 imperium,
2318 3347 2494 3427 cujus
2526 3346 2885 3429 oppositum
2918 3348 3117 3429 aeque

179 3456 324 3497 esse
365 3431 696 3515 potuisset,
741 3432 1019 3497 indicare
1055 3434 1368 3497 videntur.
1416 3432 1534 3497 III.
1583 3435 1733 3518 Ary.
1776 3434 2160 3518 Sequeretur
2198 3434 2318 3500 hoc
2348 3433 2726 3498 absurdum:
2754 3434 2921 3517 quod
2944 3432 3119 3497 Deus

177 3542 372 3606 posse
395 3519 640 3603 concipi
664 3522 780 3584 sub
806 3521 1095 3604 opposito
1117 3521 1309 3604 hujus
1335 3522 1651 3600 attributi,
1676 3523 1953 3606 injustus
1977 3544 2063 3587 sc.
2091 3522 2291 3605 Atqui
2314 3522 2433 3586 hoc
2456 3521 2595 3584 fieri
2612 3543 2737 3585 non
2755 3526 2967 3603 potest
2982 3520 3117 3584 sine

179 3608 611 3690 abnegatione
627 3606 768 3671 Dei.
795 3608 1167 3694 Quicunque
1193 3609 1364 3673 enim
1387 3610 1663 3693 concipit
1685 3609 1895 3675 Deum
1918 3611 2036 3674 sub
2060 3610 2349 3694 opposito
2375 3608 2669 3673 attributi
2693 3610 3119 3692 cujuscunque

179 3696 389 3761 divini
404 3718 502 3760 ex.
528 3716 624 3780 gr.
651 3696 972 3776 scientiae,
997 3698 1365 3775 voluntatiS,
1393 3699 1736 3781 potentiae,
1763 3702 1865 3778 &c,
1888 3700 1999 3763 ille
2022 3698 2229 3763 Deum
2252 3699 2555 3762 indirecte
2578 3700 2792 3782 negat.
2811 3696 3120 3780 Exceptio

181 3806 354 3869 quae
379 3807 459 3848 ex
483 3784 789 3849 attributo
813 3785 1278 3850 misericordiae
1302 3786 1408 3850 hic
1429 3792 1664 3869 opponi
1691 3792 1923 3870 posset,
1949 3786 2136 3851 facile
2161 3787 2437 3851 deluitur
2461 3786 2751 3870 negando
2775 3808 2993 3869 parem
3015 3808 3120 3849 ra-

181 3874 432 3939 tionem
462 3894 600 3936 esse
624 3874 1017 3937 necessitatis
1057 3879 1170 3938 aut
1192 3874 1509 3939 libertatis
1534 3876 1600 3939 in
1634 3897 1892 3959 egressu
1920 3898 2030 3939 seu
2056 3875 2355 3939 exercitio
2377 3874 2667 3957 justitiae
2693 3874 2739 3939 8⁶
2766 3874 3120 3937 misericor-

183 3962 334 4027 diae
371 3961 656 4025 divinae:
698 3962 864 4044 quod
893 3962 1068 4027 Deus
1100 3966 1424 4027 creaturae
1462 3986 1589 4027 non
1629 3963 1973 4047 obligetur,
2012 3964 2122 4027 sed
2153 3968 2443 4027 creatura
2464 3960 2631 4027 Deo:
2659 3962 2754 4027 De
2779 3984 2905 4045 quo
2928 3961 3119 4026 infra.

181 4050 308 4115 IV.
355 4054 510 4133 Ary.
550 4047 822 4113 Videtur
868 4053 907 4113 a
938 4050 1271 4134 posteriori
1317 4051 1382 4115 id
1429 4050 1622 4116 etiam
1669 4051 1772 4135 pie
1813 4051 2031 4137 colligi
2054 4074 2237 4136 posse
2258 4054 2303 4118 &
2327 4051 2449 4115 huc
2474 4050 2686 4115 facere
2711 4054 2892 4119 Rom.
2919 4052 2981 4115 3.
3016 4051 3120 4115 25.

184 4140 298 4203 26.
341 4138 512 4222 quod
542 4158 627 4200 86.
665 4136 840 4201 Ι)6118
885 4139 1126 4203 dederit
1155 4139 1362 4203 filium
1401 4139 1676 4219 unicum,
1715 4141 1762 4204 81
1801 4140 2212 4205 commoverit
2254 4140 2499 4204 coelum
2547 4142 2593 4205 81
2618 4143 2874 4218 terram,
2916 4143 2989 4204 ut
3011 4140 3122 4203 ad-

184 4226 474 4292 mirabili
514 4224 628 4289 illo
673 4246 861 4309 opere
904 4228 1356 4309 redemptionis
1378 4227 1851 4311 defungeretur.
1900 4228 2083 4304 Quod
2110 4229 2163 4293 si
2188 4229 2440 4312 justitia
2462 4250 2587 4292 non
2613 4227 2842 4293 fuisset
2866 4227 3123 4292 satisfa-

185 4314 508 4391 ciendum,
539 4312 646 4377 vix
685 4314 928 4397 concipi
958 4319 1168 4399 potest
1201 4337 1314 4379 cur
1343 4338 1487 4379 cum
1519 4316 1782 4381 verbulo
1817 4322 1929 4381 aut
1968 4320 2147 4395 nutu,
2192 4320 2305 4381 aut
2334 4317 2510 4381 mille
2540 4316 2685 4381 aliis
2710 4317 2911 4381 modis
2935 4315 3123 4380 facile

187 4407 362 4469 esset
397 4400 722 4467 remittere
761 4407 1038 4486 peccata,
1075 4406 1296 4469 tantae
1330 4404 1516 4467 molis
1552 4426 1710 4487 opus
1741 4406 2070 4491 occeperit.
2097 4404 2222 4471 Per
2245 4428 2311 4472 86
2351 4405 2606 4491 quidem
2628 4404 2788 4471 haec
2810 4404 2975 4469 ratio
2996 4426 3122 4468 non

2886 4491 3124 4557 sufficit
3162 4517 3165 4520 ·

3547 4679 3595 4721 A
