3694 4871
548 304 675 367 302
1215 305 2840 373 Drsr.XI.DESABBATuoanssrrs.

545 490 677 575 logi
703 489 1103 556 Sabbathum
1127 493 1601 577 praescribitur,
1628 494 2021 579 reliquorum
2045 495 2355 560 festorum
2380 495 2899 560 ceremonialium
2934 518 3014 559 ne
3044 496 3307 559 minima
3328 498 3467 579 qui·

546 580 688 644 dem
713 580 827 643 fiat
851 582 1110 661 mentio,
1137 604 1262 645 non
1295 583 1502 667 magis
1527 606 1721 666 quam
1748 584 2020 648 aliarum
2046 584 2566 648 ceremoniarum.
2618 588 2679 649 3.
2732 586 2897 667 Quia
2922 584 3320 649 Sabbathum
3346 584 3467 649 fuit

547 667 916 732 institutum
971 674 1119 733 ante
1166 671 1438 754 lapsum,
1491 674 1705 736 Genea.
1741 674 1802 736 2.
1852 694 2006 738 vers.
2042 675 2103 737 2.
2130 675 2175 739 ἃ
2201 673 2603 737 observatum
2632 676 2670 737 a
2692 673 2929 757 populo
2960 672 3083 737 Dei
3108 677 3255 737 ante
3280 675 3465 739 latam

548 757 757 841 legem
783 758 1288 834 ceremonialem‚
1317 760 1512 824 Εειτοιί.
1551 762 1647 824 16.
1673 762 1779 824 23.
1811 760 2012 846 Atqui
2036 761 2202 826 festa
2229 763 2483 826 demum
2509 784 2624 845 per
2646 760 2870 826 Mosen
2895 765 2935 825 a
2966 761 3103 826 Deo
3126 767 3275 841 suut
3296 762 3468 826 insti-

549 849 708 909 tuta.
759 845 846 909 Et
901 850 1046 910 ante
1099 848 1350 930 lapsum
1397 848 1611 913 nullus
1645 850 1929 933 ipsorum
1954 849 2163 933 potuit
2210 873 2347 914 esse
2374 872 2560 927 usus3
2588 850 2739 934 quia
2762 850 2941 914 nulla
2974 856 3114 914 erat
3146 851 3468 915 adumbra-

549 934 640 997 tio
687 933 926 998 Christi
979 933 1370 1000 Mediatoris.
1422 938 1486 1001 4.
1537 938 1704 1019 Quia
1752 936 2157 1003 Sabbathum
2212 939 2445 1022 ubique
2500 938 2818 1003 observari
2844 943 3098 1023 poterat
3121 941 3169 1005 δι
3193 940 3469 1017 debebat,

552 1022 724 1085 domi
771 1022 904 1086 scil.
941 1022 986 1085 ἃ
1010 1022 1187 1101 foriS,
1215 1023 1279 1087 in
1305 1025 1571 1103 deserte,
1598 1026 1662 1089 in
1696 1026 2069 1109 captivitate
2096 1029 2139 1093 81
2166 1027 2389 1091 exilio:
2448 1027 2613 1091 festa
2640 1031 2786 1091 vero
2811 1050 2935 1091 non
2962 1028 3087 1091 nisi
3112 1027 3469 1111 Hierosoly-

553 1111 674 1174 mis
725 1114 839 1175 aut
884 1110 949 1173 in
985 1112 1140 1189 locO,
1175 1134 1363 1195 quem
1413 1114 1737 1198 delegerat
1768 1114 1965 1193 DeuS,
1990 1121 2061 1179 ut
2086 1115 2172 1178 ibi
2202 1115 2527 1180 habitaret
2550 1138 2779 1181 nomen
2813 1118 2967 1199 ejus.
3017 1118 3205 1182 Deut.
3254 1120 3349 1179 15.
3380 1118 3472 1182 16.

554 1201 614 1263 5.
669 1200 834 1280 Quia
878 1199 1190 1264 immundi
1237 1204 1274 1264 a
1322 1201 1566 1266 Pascha
1616 1205 1660 1267 δι
1694 1204 1957 1286 reliquis
1982 1203 2163 1268 festis
2198 1204 2715 1283 excludebantur,
2752 1206 3013 1271 Numer.
3048 1206 3113 1270 9.
3138 1206 3253 1289 qui
3274 1210 3471 1269 tamen

552 1287 935 1352 tenebantur
967 1310 1218 1353 servare
1245 1288 1666 1355 Sabbathum.
1717 1298 1780 1357 (5.
1831 1293 1996 1374 Quia
2020 1292 2186 1356 festa
2210 1294 2286 1356 ad
2314 1293 2981 1357 commemorationem
3003 1294 3347 1378 peculiaris
3376 1295 3474 1357 be·

553 1376 780 1454 neficii,
829 1377 873 1441 ἃ
920 1377 1305 1461 peculiarem
1361 1379 1647 1461 mysterii
1695 1381 2243 1445 adumbrationem
2301 1381 2599 1445 instituta
2648 1386 2858 1459 erant3
2910 1380 3318 1446 Sabbathum
3342 1387 3477 1446 vero

557 1464 835 1543 minime,
892 1466 1000 1529 sed
1050 1467 1127 1529 ad
1162 1468 1404 1530 cultum
1451 1465 1571 1531 Dei
1596 1468 1663 1531 in
1688 1490 1923 1553 genere
1954 1469 2403 1533 celebrandum
2436 1470 2561 1533 fine
2592 1470 2707 1533 tali
2734 1470 3027 1553 specifica
3049 1472 3378 1537 relatione.
3426 1472 3475 1534 7.

558 1554 723 1635 Quia
746 1558 1204 1637 cousequenter
1229 1554 1535 1638 peculiari
1560 1556 1760 1621 cultui
1786 1560 1832 1623 ἃ
1865 1557 2189 1623 sacrificiis
2229 1563 2412 1622 eraut
2438 1558 2727 1643 alligata,
2761 1560 2807 1624 &
2832 1559 2967 1623 vice
2993 1564 3199 1637 versa,
3236 1561 3472 1627 Numer.

555 1642 658 1707 28.
709 1644 754 1706 δι
803 1642 906 1705 29.
960 1640 1362 1707 Sabbathum
1408 1648 1626 1707 autem
1672 1668 1800 1710 non
1845 1650 2019 1710 erat:
2054 1646 2253 1711 sedin
2279 1670 2352 1711 eo
2378 1650 2631 1711 tantum
2652 1652 2791 1711 erat
2816 1647 3169 1731 duplicatio
3200 1650 3473 1713 sacrificii

555 1729 931 1812 quotidiani,
983 1731 1240 1797 Numer.
1291 1732 1393 1794 28.
1448 1733 1507 1796 8.
1561 1734 1727 1814 Quia
1775 1732 2179 1799 Sabbathum
2211 1756 2335 1799 non
2372 1739 2625 1818 poterat
2648 1737 2981 1820 prorogari
3010 1741 3125 1800 aut
3154 1737 3471 1800 transferri

555 1820 735 1903 [pag.
776 1818 979 1903 1232]
1023 1821 1090 1881 in
1141 1820 1338 1883 alium
1387 1820 1587 1885 diem:
1617 1819 1782 1886 festa
1811 1828 1956 1887 vero
1980 1828 2295 1907 poterant,
2323 1826 2383 1888 2.
2418 1824 2704 1909 paralip.
2736 1825 2842 1889 30.
2872 1825 2930 1887 2.
2961 1826 3023 1888 3.
3054 1826 3155 1889 13.
3186 1848 3329 1889 cum
3352 1824 3479 1891 Nu-

553 1928 710 1971 ·mer.
762 1906 820 1969 9.
878 1908 977 1970 10.
1031 1908 1131 1970 11.
1182 1906 1283 1971 Ne
1330 1908 1482 1991 quid
1513 1910 1717 1974 dicam
1767 1912 1844 1975 de
1888 1912 2307 1977 translatione
2338 1911 2487 1976 festi
2510 1912 2577 1975 in
2602 1910 3007 1977 Sabbathum
3032 1912 3473 1977 hebdomadale

555 1996 724 2078 apud
750 1993 792 2058 J
797 1995 1028 2059 udaeos
1054 1994 1480 2079 frequentata,
1506 2020 1584 2061 ne
1625 1999 1747 2062 duo
1773 1997 2105 2064 Sabbatha
2132 2005 2616 2067 concurrerentt
2650 2002 2726 2065 de
2751 2002 2931 2084 cujus
2962 2002 3119 2065 facti
3144 2006 3318 2066 statu
3345 2002 3474 2066 infi-

557 2083 703 2147 ciali
751 2086 795 2149 δι
835 2083 1189 2148 finitudinis
1213 2087 1502 2168 quaestio
1533 2092 1632 2151 est
1657 2086 1824 2151 inter
1857 2088 2169 2153 eruditos:
2214 2093 2283 2152 ut
2308 2088 2519 2153 videre
2552 2093 2651 2154 est
2680 2090 2850 2172 apud
2874 2090 3265 2174 Scaliyerum
3290 2091 3384 2155 tib.
3418 2090 3467 2155 7.

555 2173 630 2237 (le
675 2172 1126 2237 Emendatione
1173 2185 1547 2257 temporum,
1598 2176 1901 2241 Azorium
1935 2178 2203 2242 Institut.
2234 2178 2457 2243 Moral.
2480 2190 2647 2261 part.
2676 2179 2736 2241 2.
2773 2178 2877 2244 lib.
2918 2180 2973 2243 1.
3005 2200 3142 2263 cap.
3176 2180 3242 2244 6.
3276 2179 3333 2242 7.
3360 2181 3471 2245 Ba-

556 2262 836 2338 ronium,
863 2261 1120 2344 ejusque
1149 2260 1487 2327 Censorem
1521 2265 1965 2330 casaubonum
1988 2266 2075 2331 ad
2095 2286 2346 2331 annum
2372 2267 2477 2329 34.
2509 2266 2597 2331 Et
2622 2267 2694 2333 in
2720 2267 2882 2332 notis
2908 2268 3130 2347 Bezae,
3162 2269 3392 2333 Lmlov.
3410 2268 3474 2330 de·

557 2351 723 2416 Dieu-
749 2350 834 2413 ad
863 2350 1080 2417 Matth.
1112 2350 1217 2413 26.
1243 2349 1368 2414 Sed
1400 2352 1475 2415 de
1500 2352 1613 2415 illa
1637 2355 2065 2419 controversia
2089 2354 2193 2420 hic
2224 2376 2351 2419 non
2384 2359 2482 2419 est
2512 2355 2853 2442 agendum.

648 2434 717 2506 6.
766 2437 858 2502 Ut
905 2443 1120 2503 autem
1174 2443 1355 2503 tanto
1409 2441 1638 2506 melius
1683 2441 2122 2528 intelligamus
2169 2445 2664 2528 discrepantiam
2689 2445 2857 2510 inter
2880 2445 3147 2511 Festum
3174 2449 3222 2513 ἃ
3246 2445 3471 2511 Sabba-

558 2527 764 2604 thmn,
791 2526 1072 2591 breviter
1102 2531 1398 2592 naturam
1425 2531 1558 2614 ejus
1589 2553 1706 2613 per
1729 2533 2135 2614 quaestiones
2159 2532 2405 2616 aliquot
2437 2533 2848 2615 explicamus,
2898 2533 3063 2599 Sunt
3102 2539 3318 2600 autem
3340 2535 3473 2599 illae

560 2637 862 2699 magnam
909 2620 1159 2698 partem
1189 2618 1668 2687 controversiae.
1716 2618 1853 2684 Nos
1876 2643 1989 2703 pro
2021 2621 2268 2686 ratione
2292 2621 2573 2686 thesium
2597 2645 2705 2686 eas
2736 2621 2939 2708 digito
2962 2629 3219 2688 tantum
3242 2624 3473 2688 indica-

561 2703 792 2767 bimus,
840 2703 1201 2768 Dividimus
1255 2709 1470 2769 autem
1520 2709 1979 2772 controversias
2033 2710 2094 2772 iu
2147 2709 2530 2793 principales
2586 2733 2699 2774 seu
2730 2711 3085 2796 generaleS,
3120 2713 3167 2778 δι
3192 2713 3259 2776 in
3282 2713 3474 2776 minus

560 2791 943 2875 principales
975 2815 1083 2857 seu
1111 2793 1434 2875 speciales,
1484 2792 1643 2859 Illae
1693 2801 1843 2860 sunt
1882 2797 1943 2860 in
1973 2798 2205 2881 quibus
2231 2799 2525 2862 convenit
2554 2797 2943 2864 Orthodoxis
2967 2799 3276 2866 Ecclesiis
3299 2803 3343 2867 δι
3364 2800 3475 2864 Do·

559 2879 874 2943 ctoribus:
924 2880 1082 2944 istae
1129 2880 1196 2943 in
1243 2881 1476 2964 quibus
1507 2884 1802 2948 omnibus
1833 2885 2219 2950 Doctoribus
2244 2908 2369 2950 non
2395 2887 2705 2952 convenit.
2736 2887 2937 2952 Primi
2962 2891 3219 2974 generis
3244 2893 3474 2954 contro-

561 2967 805 3031 versiae
839 2973 988 3030 sunt
1012 2972 1170 3046 oct0‚
1196 2991 1465 3052 quarum
1489 2971 1539 3035 I.
1580 2973 1824 3054 Quae-et.
1878 2973 1979 3038 An
2024 2975 2109 3038 sit
2140 2975 2400 3058 aliquod
2424 2979 2663 3039 statum
2690 2975 3094 3041 Sabbathum
3121 2981 3161 3042 a
3185 2977 3471 3043 Christia-

562 3056 659 3118 nis
683 3055 979 3140 religiose
1003 3055 1462 3121 observandum
1477 3063 1506 3122 Ρ
1525 3062 1572 3124 A
1579 3064 1648 3146 ff.
1678 3059 1912 3125 Omnes
1930 3061 2284 3127 Orthodoxi
2300 3069 2519 3128 contra
2542 3063 3007 3148 Anabaptistas
3032 3066 3077 3130 ἃ
3100 3065 3471 3132 Ξοοίιιίιιηοε.

563 3142 726 3207 Vide
781 3145 1028 3210 calvini
1071 3146 1272 3209 Inslie.
1317 3145 1417 3210 lib.
1447 3149 1508 3212 2.
1533 3169 1665 3232 cap.
1696 3151 1754 3212 8.
1781 3149 1929 3216 Sect.
1966 3153 2070 3214 33.
2098 3154 2144 3217 &
2186 3153 2425 3217 Waltoei
2448 3164 2621 3217 tract.
2648 3153 2725 3217 de
2746 3153 3079 3225 Sabbatha).
3106 3155 3221 3219 ubi
3247 3178 3323 3220 ex
3344 3177 3472 3239 pro-

561 3232 729 3308 fesso
760 3231 882 3296 hoc
913 3231 1141 3315 probat
1172 3237 1390 3298 contra
1433 3235 1915 3320 Anabaptistas.
1955 3238 2119 3303 Vide
2144 3242 2189 3306 ἃ
2226 3241 2802 3326 Cloppenburqium
2831 3264 2880 3307 c.
2908 3243 3371 3328 Anabapeislas.
3401 3241 3475 3308 Il.

567 3323 814 3402 Quaesl.
847 3319 952 3384 An
984 3319 1384 3386 Sabbathum
1411 3325 1796 3389 Judaeorum
1829 3327 2055 3391 ultimo
2088 3328 2221 3398 scil.
2247 3330 2349 3392 die
2374 3336 2585 3412 (quem
2612 3329 2876 3395 Saturni
2904 3335 3158 3414 vocant)
3184 3331 3473 3398 celebrari

563 3409 822 3472 solitum
846 3409 912 3472 in
939 3407 1022 3472 N.
1043 3407 1216 3474 Test.
1243 3410 1328 3472 sit
1351 3416 1668 3476 mutatum
1695 3437 1807 3478 seu
1831 3414 2211 3501 abrogatum
2233 3421 2263 3482 ⁸?
2290 3417 2475 3501 Hesp.
2530 3419 2575 3483 Α
2587 3423 2658 3505 ff.
2708 3417 3063 3484 Orthodoxi
3105 3427 3327 3486 contra
3362 3421 3473 3484 Ju-

565 3498 772 3576 dae08,
821 3499 868 3562 δι
911 3497 1347 3562 tenebrionem
1394 3499 1766 3566 hodiernum
1813 3526 2010 3568 unum
2058 3509 2249 3588 atque
2282 3506 2557 3570 alterum
2581 3505 3289 3574 Semi-Judaizantem:
3330 3510 3477 3574 inter

565 3606 719 3666 quos
753 3585 1008 3668 quidam
1053 3587 1296 3662 Prasia,
1357 3587 1432 3651 de
1479 3610 1602 3670 quo
1648 3589 1714 3652 in
1769 3593 2104 3675 Opusculis
2144 3594 2498 3678 posthumis
2530 3597 2841 3661 Lam-eloti
2862 3597 3171 3664 Andrews
3192 3597 3475 3683 Episcopi

568 3673 842 3737 Eliensis
890 3674 957 3737 in
1005 3675 1065 3738 4.
1093 3673 1358 3738 Londini
1392 3676 1596 3742 editis,
1647 3680 1872 3745 Frane.
1925 3681 2121 3746 white
2150 3683 2221 3746 in
2244 3690 2421 3748 tract.
2450 3683 2723 3768 Anglico
2747 3686 3055 3752 adversus
3087 3687 3477 3755 Sabbamrias

564 3761 877 3824 novitates
933 3762 1223 3826 meminit
1269 3764 1596 3846 cujusdam
1642 3765 2085 3851 Christophori
2124 3769 2362 3834 Babur.
2388 3776 2609 3835 contra
2632 3773 2996 3859 opinionem
3021 3774 3189 3840 hane
3214 3777 3478 3860 disputat

569 3849 854 3914 Helvio-us
877 3850 1144 3915 Elencho
1166 3852 1423 3916 luda-ico
1447 3851 1561 3916 VI.
1590 3855 1676 3919 lie.
1706 3856 1780 3936 Q.
1805 3857 1851 3921 ἃ
1880 3858 2218 3923 Calatinus
2242 3859 2344 3923 lib.
2375 3859 2478 3922 11.
2505 3860 2581 3925 de
2610 3883 2739 3926 arc.
2769 3862 2944 3928 Cam.
2972 3865 3147 3929 verit.
3174 3885 3226 3929 c.
3246 3867 3307 3929 8.
3340 3863 3477 3928 Vide

567 3939 612 4000 &
670 3938 883 4001 Ursini
912 3939 1248 4004 Comment.
1281 3941 1512 4004 Cacech.
1558 3943 1664 4006 ad.
1689 3946 1750 4006 4.
1781 3944 1995 4011 Praec.
2024 3945 2215 4010 Ratio
2240 3948 2591 4018 communis
2619 3953 2656 4012 a
2680 3951 3017 4034 posteriori
3042 3952 3397 4018 desumitur
3416 3973 3476 4016 ex

568 4023 850 4086 doctrina
897 4028 942 4090 δε
995 4025 1162 4090 facto
1209 4029 1659 4110 Apostolorum
1707 4035 1898 4114 atque
1948 4033 2353 4116 Apostolicae
2402 4035 2747 4116 Ecclesiae,
2774 4040 2943 4120 quod
2969 4040 3141 4104 diem
3165 4041 3353 4105 illum
3382 4061 3475 4105 nec

573 4111 868 4174 mandato
913 4135 1028 4176 nec
1075 4117 1363 4198 exemplo
1412 4139 1525 4180 suo
1551 4118 1871 4183 observari
1912 4123 2150 4186 voluit:
2200 4125 2309 4187 sed
2355 4128 2575 4188 contra
2598 4127 2905 4192 abolevit:
2932 4129 2979 4192 δι
3003 4129 3143 4194 loco
3167 4131 3307 4214 ejus
3332 4130 3473 4194 diem

573 4195 976 4263 Dominicum
1023 4223 1271 4267 servare
1319 4205 1545 4287 coepit.
1595 4206 1782 4271 Aliae
1832 4211 2129 4288 rationes,
2178 4213 2231 4274 si
2264 4235 2427 4294 quae
2454 4213 2852 4294 adferuntur,
2884 4239 3008 4280 non
3038 4217 3340 4283 videntur
3361 4237 3475 4283 esse

573 4281 1030 4382 ἂνᾙξφῑσβηπι.
1103 4288 1222 4353 Est
1267 4296 1481 4355 autem
1523 4293 1680 4358 haec
1725 4297 1771 4361 81,
1810 4296 2129 4380 antiqui&
2153 4301 2507 4382 praesentis
2538 4303 2819 4367 universi
2846 4303 3331 4372 Christianismi
3352 4329 3475 4372 sen·

579 4375 800 4434 teutla.
850 4373 903 4435 A
934 4396 1058 4455 quo
1083 4377 1190 4456 qui
1218 4378 1658 4460 discesserunt,
1686 4384 1782 4466 (ut
1805 4384 2139 4468 Ebionaei,
2166 4387 2583 4468 Corinthiam,
2604 4389 2943 4472 Nazaraei,
2970 4393 3480 4478 Apollinaristtoe)

3386 4483 3486 4548 Ju-
