3694 4871
660 306 786 369 124
1008 305 1183 371 ΠΙεΡ.
1231 304 1316 371 V.
1379 304 1495 369 An
1541 306 1947 370 Cunis'rus
1994 330 2131 379 0οΑ
2180 305 2611 373 Manu-ron
2660 332 2783 374 sm·
2830 314 3335 376 AnonAnnus‘?

651 492 829 570 toriS,
877 492 1029 575 quia
1074 495 1216 556 tum
1261 514 1514 558 rursum
1539 493 1910 557 humanitas
1938 516 2073 559 esse
2099 490 2213 577 pro
2238 518 2357 560 sua
2382 500 2563 579 parte
2596 496 2761 561 ratio
2786 495 3100 571 formalis,
3126 495 3293 571 Quia
3306 496 3572 561 Christus

655 585 751 645 est
775 581 1084 645 mediator
1115 581 1460 645 secundum
1483 584 1821 665 utramque
1849 588 2167 647 naturam.
2214 582 2284 649 Si
2312 606 2465 669 ergo
2490 608 2617 667 qua
2644 586 2957 649 mediator
2980 584 3353 661 adorabiliS,
3376 607 3516 669 ergo
3534 587 3571 651 ἃ

651 692 780 753 qua
832 669 1043 733 hom0.
1091 667 1296 733 Sicuti
1345 670 1399 732 si
1447 692 1574 753 qua
1621 670 1982 735 substantia
2004 672 2197 735 homo
2224 677 2322 737 est
2346 696 2456 737 ens
2482 696 2593 756 per
2624 696 2691 737 se
2716 673 3074 738 subsistens
3099 696 3252 759 ergo
3276 674 3467 737 etiam
3494 677 3573 737 est

654 758 782 821 tale
829 779 940 821 ens
988 757 1332 823 secundum
1383 758 1664 821 animam
1711 782 1836 823 non
1862 762 2115 823 tantum
2142 762 2251 825 sed
2278 763 2471 825 etiam
2496 763 2836 826 secundum
2866 786 3115 845 corpus.
3162 760 3289 826 Sed
3312 762 3571 845 proxime

653 845 942 927 sequenti
969 850 1347 930 argumento
1377 846 1498 911 hoc
1521 847 1729 930 magis
1754 848 2203 914 illustrabitur.
2232 849 2346 914 VI.
2374 849 2681 915 Mediatio
2708 873 2836 915 non
2861 854 2957 915 est
2979 850 3301 933 objectum
3333 850 3571 915 formale

653 934 1059 1011 adorationiS,
1115 956 1268 1018 ergo
1315 958 1430 999 nec
1479 936 1786 1001 mediator
1835 960 1961 1019 qua
2006 938 2155 1001 talis
2202 938 2547 1003 adorabilis
2574 943 2688 1003 aut
2710 940 3090 1003 adorandus.
3140 937 3336 1003 Ratio
3368 938 3571 1003 Conse·

654 1021 952 1105 quentiae
987 1023 1218 1087 valeta
1239 1022 1444 1087 forma
1463 1025 1542 1087 ad
1565 1023 1934 1102 formatum,
1963 1030 2000 1089 a
2024 1026 2268 1090 ratione
2294 1026 2547 1091 formali
2572 1028 2651 1091 ad
2676 1049 2814 1091 esse
2839 1027 3107 1091 formale
3132 1028 3181 1092 ἃ
3208 1026 3565 1091 affirmative
3669 1022 3672 1061 ³

656 1114 703 1176 δι
748 1110 1064 1195 negative,
1116 1133 1214 1175 ex.
1263 1133 1361 1196 gr.
1409 1110 1787 1178 Universale
1834 1136 1959 1177 non
1995 1119 2091 1178 est
2114 1115 2436 1199 objectum
2479 1116 2749 1181 formale
2796 1115 3179 1198 cognitionis
3228 1115 3562 1189 sensitivae,
3669 1166 3672 1207 Ξ

655 1220 808 1284 ergo
865 1199 1220 1263 universale
1269 1223 1392 1264 non
1439 1202 1838 1285 cognoscitur
1880 1207 1918 1266 a
1962 1203 2275 1268 sentiente
2337 1209 2464 1287 qua
2510 1205 2663 1281 tali:
2718 1205 2765 1269 St
2813 1208 3275 1287 consequenter
3330 1227 3447 1269 non
3486 1206 3565 1267 est
3669 1208 3672 1273 ἲ

654 1288 1008 1365 dicendum,
1061 1288 1251 1353 homo
1305 1312 1431 1373 qua
1477 1290 1756 1355 sentiens
1804 1292 2128 1375 cognoscit
2152 1292 2567 1357 universalia:
2594 1294 2703 1357 sed
2728 1298 2828 1357 est
2852 1292 3221 1357 dicendum:
3250 1292 3435 1357 homo
3460 1314 3565 1373 qua
3669 1352 3672 1379 1

653 1376 982 1441 rationalis
1029 1378 1352 1461 cognoscit
1409 1377 1542 1443 illa.
1590 1378 1988 1444 Antecedens
2036 1381 2258 1445 multis
2306 1381 2507 1445 modis
2528 1382 2856 1465 probatur.
2912 1383 2969 1444 1.
2996 1380 3149 1464 quia
3172 1381 3464 1445 mediatio
3486 1384 3566 1443 est
3670 1380 3672 1441 ἰ

652 1465 837 1541 acti0,
893 1466 940 1530 81
985 1464 1269 1529 officium
1316 1466 1760 1531 mediatorium
1793 1472 1890 1531 est
1914 1469 2175 1545 relatio:
2210 1469 2334 1533 Sed
2366 1470 2531 1533 actio
2556 1473 2603 1535 &
2626 1470 2854 1535 relatio
2880 1472 3141 1535 externa
3174 1469 3239 1532 in
3266 1469 3473 1533 ordine
3501 1467 3565 1531 ad
3669 1500 3672 1555 3

652 1558 1004 1629 creaturas:
1054 1577 1179 1618 non
1225 1559 1320 1618 est
1356 1555 1674 1637 objectum
1706 1556 1975 1620 formale
2000 1558 2409 1636 adorationis,
2436 1560 2587 1642 quia
2617 1581 2745 1623 non
2770 1562 2868 1622 est
2894 1558 3065 1621 Deus
3098 1561 3211 1621 aut
3235 1558 3451 1631 deitas,
3474 1556 3565 1621 sed
3669 1586 3672 1631 2

651 1646 893 1706 certum
943 1642 1258 1725 quoddam
1312 1666 1470 1726 opus
1518 1644 1641 1707 Dei
1685 1644 1751 1707 in
1785 1646 2113 1721 creaturis,
2156 1650 2195 1709 a
2218 1670 2344 1730 quo
2377 1649 2549 1711 Deus
2580 1651 2841 1711 externe
2868 1646 3348 1711 denominatur:
3394 1646 3475 1709 Et
3494 1646 3567 1707 sic

651 1730 951 1794 mediatio
997 1754 1108 1795 seu
1163 1732 1470 1796 redemtio
1519 1736 1616 1797 est
1661 1755 1818 1815 opus
1845 1734 1961 1797 filii
1994 1734 2115 1799 Dei
2146 1736 2212 1798 in
2240 1734 2625 1814 hominibuS,
2651 1736 2820 1818 quod
2844 1734 3007 1799 nihil
3032 1735 3205 1797 reale
3231 1734 3299 1797 in
3328 1756 3565 1818 persona

652 1818 866 1882 divina
911 1819 1110 1901 ponit,
1137 1821 1246 1884 sed
1270 1824 1522 1885 tantum
1547 1825 1875 1886 externam
1901 1823 2499 1887 denominationem.
2550 1825 2609 1885 2.
2644 1822 2810 1898 Quia
2840 1827 2937 1887 est
2961 1823 3331 1905 adjunctum
3354 1821 3565 1887 contin-

652 1928 828 1991 genS,
857 1908 1332 1990 temporarium,
1349 1910 1525 1992 quod
1549 1913 1801 1993 poterat
1826 1933 1963 1975 esse
1988 1914 2033 1977 81
2058 1934 2183 1975 11011
2208 1935 2364 1991 esse,
2390 1934 2543 1997 ergo
2567 1935 2693 1996 qua
2719 1913 2850 1976 tale
2872 1934 2999 1974 non
3025 1916 3123 1975 est
3138 1910 3455 1975 adorabile
3474 1914 3567 1975 aut
3669 1912 3672 1991 ξ

652 2018 885 2059 numen
934 1994 1249 2071 σέβασμα,
1281 1994 1608 2065 efflato-riv:
1656 2021 1780 2062 non
1815 1999 1984 2063 enim
2008 2004 2107 2063 est
2138 2001 2513 2065 excellentia
2546 2016 2861 2083 suprema,
2894 1999 3129 2078 divina,
3162 2003 3391 2063 natura
3412 2002 3455 2065 8:
3474 2020 3567 2081 per

653 2084 994 2149 essentiam
1026 2086 1211 2162 talis:
1261 2110 1388 2151 non
1422 2087 1627 2151 forma
1659 2085 1800 2165 Dei,
1829 2110 1957 2175 non
1976 2093 2208 2153 natura
2232 2088 2426 2167 Deus,
2453 2090 2564 2153 sed
2587 2092 2684 2152 est
2716 2087 3060 2153 exellentia
3084 2090 3130 2154 81
3162 2088 3371 2153 forma
3400 2108 3565 2171 quae-

652 2173 794 2237 dam
821 2173 1105 2251 inferior,
1139 2175 1514 2240 mediatoria
1539 2197 1652 2258 per
1667 2176 1945 2259 gratiam
1973 2178 2223 2241 unionis
2247 2177 2707 2261 hypostaticae,
2736 2200 2811 2241 ex
2838 2176 3161 2241 liberrimo
3184 2176 3309 2240 Dei
3326 2178 3565 2241 decreto.

654 2263 714 2325 3.
765 2261 932 2337 Quia
981 2263 1249 2327 instanti
1274 2269 1540 2327 naturae
1566 2266 1612 2329 a
1639 2264 1823 2348 signo
1849 2265 2134 2341 rationis,
2168 2266 2365 2329 immo
2389 2266 2436 2329 a
2458 2270 2747 2349 tempore
2780 2270 2877 2330 est
2902 2265 3215 2349 posterior
3238 2266 3566 2348 majestate,
3670 2278 3672 2321 3

654 2351 1050 2429 excellentia,
1099 2352 1570 2428 adorabilitate,
1603 2352 1760 2435 quin
1806 2356 1854 2418 8⁶
1898 2354 2040 2437 ipsa
2070 2354 2435 2419 adoratione
2470 2356 2585 2418 filii
2607 2354 2763 2426 Dei:
2790 2354 2967 2439 Ergo
2990 2376 3117 2418 non
3151 2358 3247 2417 est
3270 2353 3433 2417 ratio
3454 2353 3569 2435 ejus
3670 2354 3672 2415 ζ

649 2439 958 2504 formalis.
1007 2439 1197 2506 Ratio
1222 2442 1710 2525 consequentiae
1735 2445 1851 2518 est,
1878 2442 2029 2526 quia
2060 2443 2265 2508 omnis
2297 2445 2462 2508 ratio
2487 2444 2777 2508 formalis
2802 2444 2869 2506 in
2898 2444 3147 2526 objecto
3170 2447 3401 2507 natura
3421 2441 3570 2526 prior
3670 2447 3672 2492 ἶ

651 2532 749 2592 est
794 2550 862 2591 re
887 2531 935 2610 (ᾖ
958 2529 1204 2594 actione
1236 2530 1302 2594 in
1327 2530 1644 2613 objectum
1677 2530 1834 2594 illud
1862 2531 2177 2610 tendente,
2207 2533 2388 2617 [pag.
2418 2533 2581 2617 531]
2614 2533 2713 2596 vel
2745 2532 2911 2596 circa
2934 2532 3253 2612 objectum
3274 2531 3431 2596 illud
3456 2551 3569 2592 ver·
3669 2529 3672 2604 ζ

651 2620 865 2692 sante;
921 2617 1084 2680 sicut
1136 2641 1321 2682 omne
1353 2618 1732 2702 principium
1774 2619 2150 2702 principato,
2176 2644 2365 2686 causa
2390 2625 2667 2696 causatO,
2703 2621 2909 2684 forma
2931 2619 3207 2684 formato
3232 2623 3277 2686 ἃ
3302 2617 3567 2683 formali:
3670 2631 3672 2694 j

652 2705 712 2768 4.
731 2704 896 2780 Quia
912 2706 1168 2770 sublata
1190 2707 1420 2790 objecti
1443 2707 1689 2771 ratione
1717 2708 1987 2786 formali,
2013 2707 2265 2773 tollitur
2288 2709 2677 2794 attingentia
2700 2712 2747 2774 &
2769 2713 2979 2774 motus
3004 2707 3330 2772 facultatis
3350 2707 3415 2771 in
3432 2705 3569 2769 illud
3670 2783 3672 2790 Ι

656 2793 1007 2875 objectum:
1055 2795 1166 2859 sed
1211 2796 1466 2882 sublata
1519 2818 1631 2859 seu
1663 2801 1899 2880 negata
1924 2797 2306 2861 mediatione
2337 2821 2464 2862 non
2488 2799 2738 2862 tollitur
2762 2797 3049 2860 adoratio
3074 2799 3293 2870 λόγους
3346 2796 3566 2866 Primo,

650 2881 802 2963 quia
825 2887 1195 2964 sequeretur
1218 2883 1502 2966 alioquin
1525 2888 1674 2948 ante
1700 2883 1949 2968 lapsum
1974 2888 2021 2951 δι
2044 2890 2192 2950 ante
2216 2885 2683 2950 institutionem
2710 2885 2989 2949 muneris
3014 2884 3375 2949 mediatorii
3391 2883 3571 2948 filium
3669 2885 3672 2910 ³

652 2968 774 3032 Dei
795 2992 921 3034 non
955 2969 1246 3036 debuisse
1270 2973 1552 3047 adorari:
1579 2974 1747 3056 quod
1771 2974 2138 3038 absurdum.
2166 2975 2471 3052 Secunda,
2497 2975 2649 3058 quia
2664 2969 3035 3057 sequeretur
3059 2978 3309 3056 patrem
3335 2975 3381 3038 &
3398 2971 3499 3055 Sp.
3514 2969 3568 3034 S.

653 3057 790 3142 (qui
808 3057 1028 3122 eadem
1045 3060 1408 3124 adoratione
1433 3066 1734 3144 tanquam
1763 3085 1927 3126 unus
1951 3063 2125 3128 Deus
2150 3086 2295 3128 cum
2318 3063 2452 3128 filio
2476 3063 2844 3144 adorantur)
2872 3085 2996 3126 non
3020 3085 3157 3126 esse
3184 3061 3569 3135 adorandum,

653 3167 724 3210 eo
773 3147 940 3228 quod
984 3169 1110 3212 non
1148 3153 1298 3212 sunt
1319 3149 1646 3214 mediator.
1698 3148 1878 3225 Quod
1902 3155 2115 3215 autem
2140 3152 2429 3228 nonnulli
2452 3152 2571 3215 viri
2596 3152 2763 3216 docti
2786 3151 2935 3215 huic
2958 3155 3339 3234 argumento
3370 3149 3569 3214 confir·

651 3235 883 3300 mando
899 3235 1230 3320 adjiciunt:
1249 3235 1482 3302 Munus
1508 3237 1953 3303 mediatorium
1970 3263 2105 3304 esse
2124 3241 2562 3323 deponendum
2586 3247 2623 3303 a
2640 3240 2915 3317 Christo,
2934 3241 2980 3304 &
2996 3244 3449 3322 consequenter
3463 3259 3569 3300 non

649 3347 832 3408 posse
858 3346 992 3388 esse
1018 3325 1330 3390 rationem
1356 3326 1688 3390 formalem
1711 3331 1823 3390 aut
1849 3329 2273 3412 adaequatum
2300 3329 2785 3393 fundamentum
2818 3327 3225 3406 adorationis,
3248 3349 3363 3391 nos
3388 3325 3572 3390 malu-

651 3435 792 3476 mus
837 3413 904 3476 in
951 3414 1160 3477 medio
1205 3414 1580 3497 relinquere.
1629 3415 1748 3478 Est
1789 3415 1959 3479 enim
1991 3418 2428 3499 deponendum
2484 3441 2560 3481 ex
2624 3419 2651 3480 1
2706 3417 2843 3486 Cor.
2877 3417 2977 3481 11.
3006 3419 3109 3480 24.
3142 3417 3189 3481 δι
3222 3420 3435 3480 tamen
3464 3436 3571 3477 non

651 3505 748 3565 est
779 3502 1215 3584 deponendum
1241 3525 1316 3566 ex
1348 3506 1496 3568 Luc.
1527 3504 1582 3566 1.
1611 3506 1714 3566 33.
1742 3504 1961 3588 itaque
1986 3528 2130 3569 cum
2155 3506 2556 3570 distinctione
2580 3505 2684 3569 hic
2710 3506 3095 3589 loquendum
3120 3509 3237 3569 est.
3286 3503 3407 3568 Sed
3431 3501 3573 3566 illud

650 3589 878 3652 merito
929 3595 1195 3675 urgetur
1243 3595 1462 3655 contro
1516 3591 1905 3670 Socinianos‚
1954 3595 2121 3676 quod
2168 3594 2405 3659 ibidem
2456 3597 2511 3658 1.
2565 3596 2702 3660 Cor.
2752 3597 2777 3656 1
2802 3597 2849 3656 1.
2878 3595 2984 3656 24.
3010 3593 3241 3657 dicitur
3266 3592 3571 3657 Christum

651 3677 1090 3752 excellentiam
1145 3681 1192 3744 &
1236 3679 1508 3763 gloriam
1565 3680 2003 3746 mediatoriam
2042 3683 2179 3766 jam
2234 3687 2639 3760 consecutum
2670 3683 2807 3746 fore
2830 3682 2999 3766 patri
3024 3681 3409 3764 subjectum:
3434 3699 3572 3762 ergo

650 3788 775 3829 non
801 3771 1009 3849 potest
1033 3767 1182 3831 talis
1225 3768 1464 3832 evectio
1483 3771 1527 3834 81
1546 3769 1752 3853 gloria
1767 3769 2035 3835 fundare
2054 3771 2486 3836 adorationem
2509 3771 2789 3835 divinam
2806 3769 3323 3856 seufreligiosam.
3349 3771 3408 3832 5.
3425 3765 3572 3844 Quia

649 3855 966 3938 objectum
999 3855 1264 3920 formale
1312 3860 1408 3920 est
1437 3857 1598 3920 illud
1627 3857 1691 3921 in
1719 3880 1844 3941 quo
1872 3859 2095 3924 ultimo
2125 3860 2507 3926 terminatur
2533 3863 2579 3925 &
2602 3860 2809 3943 primo
2832 3859 3137 3924 fundatur
3168 3857 3333 3923 actio
3354 3861 3463 3921 aut
3478 3855 3571 3918 fa·

652 3943 873 4020 cultas,
922 3947 968 4009 8v
1012 3943 1080 4008 in
1126 3945 1294 4028 quod
1343 3945 1570 4010 ultimo
1609 3947 1967 4028 resolvitur,
1994 3953 2065 4012 ut
2090 3971 2186 4012 ex.
2212 3970 2309 4033 gr.
2338 3949 2548 4014 Homo
2573 3949 2763 4028 videt,
2790 3970 2914 4012 non
2938 3971 3066 4031 qua
3090 3947 3282 4012 homo
3320 3950 3431 4011 aut
3460 3965 3571 4028 qua

649 4031 964 4095 rationale
1011 4034 1120 4096 sed
1165 4055 1293 4117 qua
1331 4034 1738 4111 sensitivum;
1787 4036 1898 4100 ubi
1923 4038 2203 4121 analysis
2226 4038 2455 4102 ultima
2479 4038 2564 4102 sit
2587 4037 2654 4101 in
2684 4035 2755 4095 τὸ
2779 4037 3175 4116 sensitivam,
3199 4058 3326 4100 non
3352 4057 3491 4098 vero
3511 4031 3571 4094 in

649 4119 1118 4184 humanitatem
1166 4126 1280 4186 aut
1309 4122 1841 4200 rationalitatem:
1877 4147 2028 4208 ergo
2054 4125 2173 4190 hoc
2196 4127 2305 4190 sed
2328 4126 2490 4190 illud
2521 4130 2619 4190 est
2644 4125 2808 4189 ratio
2832 4125 3150 4189 formalis:
3180 4127 3227 4191 &
3253 4123 3567 4188 dicendum

654 4212 749 4272 est
773 4207 963 4272 homo
987 4210 1156 4273 videt
1179 4232 1305 4293 qua
1330 4211 1724 4291 sensitivam,
1751 4236 1877 4277 non
1896 4236 2044 4278 vero
2060 4237 2187 4298 qua
2203 4215 2534 4290 rationale,
2554 4215 2652 4278 vel
2678 4215 2798 4278 sub
2815 4213 2927 4278 illo
2944 4213 3221 4292 formali,
3238 4237 3362 4298 qua
3378 4211 3569 4276 homo,

651 4297 857 4380 Atqui
879 4297 1246 4363 mediatoris
1271 4299 1556 4364 adoratio
1579 4323 1706 4364 non
1729 4303 2069 4366 resolvitur
2102 4303 2329 4368 ultimo
2351 4304 2419 4367 in
2443 4326 2675 4368 munus
2691 4302 3159 4382 mediatorium,
3176 4303 3285 4367 sed
3300 4302 3364 4365 in
3382 4299 3569 4364 deita-

649 4391 802 4453 tem.
829 4384 900 4452 Si
924 4387 1094 4451 enim
1119 4409 1354 4471 quaero
1381 4411 1493 4452 0111·
1522 4387 1565 4453 J
1569 4411 1712 4454 esus
1745 4391 2063 4468 adoratur,
2090 4391 2575 4476 respondebitur
2601 4395 2640 4457 a
2661 4391 2818 4479 quia
2840 4391 3181 4458 mediator:
3210 4389 3298 4458 Et
3320 4385 3568 4452 ulterius

3283 4495 3569 4562 quaeram
