3694 4871
565 297 695 361 364
1230 295 1468 360 D1sr.
1518 294 2822 360 Χ11.Ι)ΕΙιΕαΕΕΤΕυΑΝσι-;ιιο.

566 485 604 546 a
650 481 792 560 fide,
846 504 972 546 non
1018 482 1207 566 plane
1238 479 1579 559 Barbaros,
1630 481 1738 544 sed
1769 481 1984 564 aliquo
2007 482 2226 546 ordine
2249 479 2518 546 Politico
2545 480 2827 544 excultos
2858 479 3111 544 facilior
3143 482 3241 544 est
3265 500 3474 562 3qua1n

568 570 955 654 praedicatio
1000 570 1363 655 Euangelii.
1420 569 1605 634 Ratio
1652 574 1768 649 est,
1809 569 1960 654 quia
1981 570 2225 635 habent
2249 570 2413 636 circa
2437 593 2504 634 se
2529 569 2776 653 aliquas
2800 570 2978 655 leges
3002 567 3233 645 civilis,
3265 569 3308 634 δι
3328 568 3474 631 intra

567 681 634 724 se
684 659 1065 744 principium
1120 659 1444 723 internum
1488 658 1932 722 secundarium
1986 658 2148 744 legis
2185 660 2605 743 praedicatae,
2639 658 2996 742 synteresin
3031 657 3168 721 scil.
3201 657 3474 722 &rectam

568 747 881 812 rationem
914 748 1082 824 (vide
1131 749 1304 814 Rom.
1357 749 1475 826 2.):
1533 747 1960 832 Euangelium
1999 753 2213 812 autem
2243 770 2368 811 non
2391 748 2589 812 habet
2611 747 2814 810 ullum
2841 745 3230 832 principium
3251 749 3478 828 praeter

568 836 832 900 verbum
897 835 1039 900 Dei.
1090 834 1240 900 Non
1271 840 1483 900 tamen
1539 836 1659 900 hoc
1706 859 1955 920 semper
1995 837 2241 901 obtinet
2261 887 2277 917 ,
2341 841 2414 901 ut
2460 837 2640 901 docet
2685 857 2798 899 nos
2860 834 3228 920 exemplum
3271 831 3476 897 Felicis

569 926 769 990 Actor.
796 924 1015 993 2425.

657 1011 743 1077 II.
798 1015 1001 1078 Concl.
1050 1013 1449 1078 Praedicatio
1498 1013 1660 1098 legis
1707 1014 1962 1100 integra
2009 1015 2351 1079 secundum
2397 1012 2780 1097 Scripturas,
2821 1011 3143 1096 imprimis
3167 1011 3370 1096 primi,
3393 1031 3476 1074 se·

572 1101 761 1166 cundi
810 1104 855 1167 δι
911 1101 1137 1165 decimi
1158 1102 1502 1186 praecepti,
1544 1103 1711 1186 apud
1742 1103 2051 1180 infideleS,
2079 1102 2369 1186 quamvis
2401 1101 2618 1167 ordine
2643 1101 2817 1166 civili
2847 1103 2894 1168 a
2919 1101 3178 1186 legibus
3203 1099 3477 1176 excultOS,

570 1213 693 1254 non
722 1189 973 1254 videtur
996 1188 1245 1254 facilior
1276 1212 1411 1255 esse
1438 1212 1631 1274 quam
1654 1190 2020 1276 Euangelii.
2070 1190 2171 1255 Ne
2196 1191 2453 1275 quidem
2484 1190 2977 1268 Hermodorum,
3009 1187 3351 1267 Socratem,
3377 1184 3476 1251 Se—

573 1300 812 1354 necam,
841 1279 885 1344 &
918 1278 1157 1343 similes
1185 1279 1346 1364 legis
1372 1301 1712 1362 praecones
1739 1279 1906 1344 ferre
1924 1283 2287 1364 potuerunt.
2337 1279 2462 1345 Sed
2487 1281 2562 1344 de
2587 1301 2661 1343 eo
2695 1279 2974 1364 amplius·
2999 1279 3402 1363 disquiratur.

662 1364 779 1430 III.
834 1369 1035 1433 Conci.
1086 1366 1482 1432 Praedicatio
1508 1369 1670 1453 legis
1694 1368 2127 1452 superficiaria
2151 1369 2320 1452 apud
2349 1368 2671 1433 Barbaros
2693 1368 3046 1453 Cyclopum
3069 1367 3272 1430 instar
3293 1365 3476 1430 viven-

574 1459 691 1534 teS,
740 1476 932 1538 quam
967 1455 1175 1520 facilis
1222 1456 1306 1520 sit
1330 1457 1511 1520 docet
1534 1457 1962 1542 experientia:
1997 1459 2225 1521 saltem
2257 1458 2642 1541 praedicatio
2667 1458 2951 1541 ejusdem
2983 1457 3238 1540 integra
3261 1453 3480 1518 facilior

578 1565 703 1608 non
731 1548 828 1608 est
860 1567 1051 1628 quam
1084 1545 1449 1630 Euangelii.
1495 1543 1666 1611 Huic
1696 1547 1890 1625 enim,
1939 1547 2090 1629 quia
2131 1569 2270 1611 eam
2303 1569 2417 1610 nec
2441 1549 2685 1623 curant,
2721 1567 2831 1610 nec
2863 1545 3150 1628 capiunt,
3181 1565 3292 1608 nec
3314 1541 3480 1606 intel-

476 1691 483 1696 .
577 1631 806 1716 ligunt,
856 1632 1019 1697 forte
1058 1634 1589 1713 transmitterent,
1636 1657 1751 1698 nec
1782 1635 1843 1698 ei
1866 1636 2205 1700 admodum
2229 1634 2630 1699 resisterent:
2673 1634 2773 1699 illi
2796 1655 2946 1698 vero
2971 1635 3230 1698 strenue
3253 1631 3482 1696 resiste·

575 1725 739 1794 rent,
765 1722 917 1804 quia
940 1721 1250 1785 sentirent
1272 1723 1741 1806 corruptionem
1773 1746 1954 1788 suam
1971 1723 2172 1809 tangi.

665 1806 781 1872 IV.
836 1811 1038 1875 Concl.
1087 1810 1487 1874 Praedicatio
1543 1813 1588 1876 ἃ
1620 1812 1966 1896 applicatio
1990 1813 2154 1897 legis
2185 1813 2528 1876 secundum
2553 1810 2940 1896 ScripturaS,
2965 1810 3258 1875 absolute
3283 1807 3482 1873 diffici-

578 1897 698 1961 lior
723 1901 821 1961 est
846 1899 1015 1981 apud
1040 1898 1437 1964 Christianos
1464 1900 1801 1980 auditoreS,
1830 1923 2022 1984 quam
2054 1901 2442 1984 praedicatio
2489 1900 2852 1985 Euangelii.
2901 1897 3044 1964 Hoc
3075 1899 3291 1963 solidis
3315 1918 3484 1981 argu-

576 1986 812 2050 mentis
867 1989 913 2053 &
960 1987 1353 2071 experientia
1400 1988 1745 2053 universali
1785 1990 1987 2053 evinci
2010 1993 2242 2072 potest.
2290 1987 2470 2064 Quod
2501 1988 2792 2072 sequenti
2813 1992 3000 2072 parte
3023 1987 3336 2072 pluribus,
3359 1984 3490 2069 quia

579 2096 746 2139 nunc
770 2075 1295 2161 abrumpendum,
1323 2076 1719 2142 deducemus·
1738 2077 1920 2164 [pag.
1971 2077 2088 2164 47]

930 2341 1145 2439 DE
1239 2341 1687 2441 LEGE
1797 2345 1996 2441 ΕΤ
2104 2341 3192 2443 EUANGELIO.

1786 2538 1950 2588 PARS
1985 2538 2234 2588 TERTQ.
2273 2540 2314 2603 ¹)

671 2723 845 2785 Part.
898 2722 956 2785 2.
1006 2724 1198 2808 hujus
1244 2725 1429 2810 Diep.
1476 2741 1710 2812 quaest.
1736 2729 1842 2791 25.
1867 2728 1953 2793 ad
1981 2730 2372 2812 propositam
2395 2728 2814 2813 qaaestionem
2861 2726 3371 2811 comparativam,
3404 2724 3496 2787 An

577 2807 826 2873 facilior
872 2810 957 2873 sit
1002 2813 1391 2895 praedicatio
1438 2814 1804 2900 Euangelii‚
1853 2838 2047 2900 quam
2092 2816 2301 2902 Logia
2347 2838 2464 2901 per
2493 2828 2765 2902 quatuor
2786 2818 3212 2881 conclusimus
3231 2814 3502 2878 distincte?

579 2898 1055 2980 respondimus:
1102 2902 1209 2966 sed
1262 2904 1411 2988 quia
1465 2915 1614 2969 tanc
1658 2907 1954 2988 temporie
2005 2903 2068 2970 ἃ·
2098 2906 2345 2970 chartae
2374 2906 2671 2990 anqustia
2701 2924 2834 2967 non
2859 2905 3099 2969 sinebat
3121 2914 3412 2988 quartam
3445 2898 3501 2965 st

576 2996 959 3068 postremam
993 2992 1451 3056 conclusionem
1476 2992 1691 3058 debitis
1722 2993 2078 3058 rationibus
2103 2994 2354 3059 munire
2369 3018 2394 3069 ,·
2424 2995 2495 3058 in
2537 2993 2867 3076 praesenti,
2892 2990 2944 3055 Ι.
2985 2992 3167 3073 Quod
3196 3004 3342 3057 tanc
3361 3010 3500 3073 pro—

578 3073 893 3153 misimu⁸‚
918 3089 1270 3160 praestaere
1292 3081 1680 3147 conabimur.
1729 3080 1814 3146 II.
1867 3081 2268 3148 Problemata
2293 3083 2528 3167 aliqu-ot
2549 3081 2887 3166 praeterita
2911 3081 3296 3164 subjicimm‘.

672 3278 709 3359 ὅ
762 3276 825 3344 1.
875 3278 980 3346 Sic
1026 3303 1179 3366 ergo
1210 3282 1521 3348 formetur
1550 3286 1862 3367 quaestio,
1889 3287 1989 3349 An
2011 3286 2367 3369 reformatis
2405 3283 2955 3350 Concionatoribus
2979 3283 3052 3347 in
3083 3280 3356 3349 Ecclesiis
3377 3280 3504 3345 suis

582 3364 944 3447 reformatis
989 3370 1235 3454 facilior
1280 3372 1359 3436 sit
1383 3386 1676 3438 acc-arata
1701 3395 1775 3439 ex
1799 3373 2144 3457 Scripturis
2167 3374 2549 3457 praedicatio
2576 3374 2771 3456 Leqis,
2805 3392 3004 3457 quam
3031 3370 3353 3453 Euanyelii
3373 3394 3394 3431 .·
3422 3388 3500 3431 an

582 3472 724 3517 vero
754 3460 971 3521 contra
990 3464 1019 3522 ’θ
1044 3458 1181 3523 Nos
1202 3480 1305 3542 pr.
1334 3462 1480 3545 Neq.
1506 3474 1733 3545 poster.
1761 3466 1808 3527 A
1814 3466 1885 3549 ff.
1939 3464 2302 3545 Antequam
2333 3464 2412 3526 ad
2442 3461 2884 3544 probationem
2932 3461 3306 3534 accedimus,
3331 3478 3504 3541 prae-

584 3545 841 3626 cognita
867 3545 1023 3611 haec
1046 3548 1536 3631 praemittimus.

673 3630 725 3695 I.
774 3632 1170 3699 Praedicatio
1188 3633 1377 3719 Legis
1402 3637 1448 3701 &
1474 3638 1820 3723 Euangelii
1846 3642 1918 3701 fit
1947 3639 2305 3722 tripliciter.
2363 3639 2415 3702 1.
2461 3640 2556 3703 Vel
2579 3639 2658 3701 ad
2681 3640 2908 3701 textus
2921 3636 3312 3721 Scripturae,
3337 3639 3506 3698 extra

586 3742 742 3803 quos
789 3722 1111 3787 doctrinae
1159 3746 1270 3787 seu
1317 3726 1531 3789 theses
1579 3726 2026 3811 Theologicae,
2082 3749 2224 3791 cum
2251 3728 2474 3791 usibus
2497 3727 2542 3791 St
2566 3726 3108 3809 applicationibus
3133 3726 3264 3789 suis
3287 3744 3508 3807 propo·

585 3808 849 3886 nendae,
898 3832 1022 3874 non
1065 3816 1417 3895 evagantur
1465 3815 1525 3877 2.
1590 3816 1688 3881 Vel
1712 3816 1791 3878 ad
1815 3820 2030 3878 textus
2055 3815 2419 3898 Scripturae
2453 3815 2645 3878 semel
2672 3817 2784 3877 aut
2815 3836 3006 3897 saepe
3037 3815 3412 3897 praelectos:
3436 3833 3508 3873 ex

586 3896 820 3979 quibus
864 3919 991 3962 non
1036 3903 1291 3963 tantum
1337 3902 1690 3967 educuntur
1716 3902 2036 3967 doctrinae
2069 3904 2204 3967 illic
2228 3908 2583 3979 contentae,
2617 3904 2723 3967 sed
2749 3903 2942 3965 etiam
2979 3904 3058 3965 ad
3085 3903 3331 3966 eosdem
3357 3900 3510 3962 aliae

588 3984 908 4082 doctrinae
935 3988 1344 4051 cohaerentes
1380 3991 1795 4066 adducuntur,
1821 3992 2016 4055 donec
2041 3996 2319 4075 systema
2350 3991 2616 4074 alicujus
2651 3990 2768 4053 loci
2793 3992 3174 4067 communiS,
3193 3995 3304 4054 aut
3329 3994 3510 4051 mate-

588 4092 743 4147 riae,
794 4078 906 4135 aut
945 4073 1103 4156 justi
1126 4080 1438 4141 tractatus
1463 4078 1850 4143 absolvatur.
1901 4078 2078 4144 Haec
2109 4080 2446 4143 methodus
2463 4079 2866 4161 praedicandi
2891 4080 3137 4142 usitata
3167 4078 3349 4143 estin
3374 4098 3510 4139 con-

590 4158 877 4223 cionibus
923 4182 1036 4225 seu
1083 4162 1459 4229 lectionibus
1506 4167 1739 4231 nostris
1764 4166 2220 4243 Catecheticis;
2263 4168 2575 4251 imprimis
2599 4167 2892 4249 pluribus
2917 4165 3270 4253 Theologis
3295 4164 3514 4248 Anglis

3387 4273 3516 4336 jam

663 4471 711 4537 ¹)
746 4470 903 4537 neap.
934 4472 1142 4529 Jaooao
1172 4476 1474 4545 Bsuouozr,
1508 4482 1871 4536 amstelodam.
1906 4482 1990 4535 22.
2021 4484 2178 4537 lanii
2211 4482 2363 4537 1658.
