3694 4871
848 261 2436 328 Dlsr.XI.DsSABRArnor:'rFEsT1S.
2977 268 3099 330 311

152 446 415 510 siastici
464 447 689 530 praxin
736 445 925 529 (quae
976 449 1129 510 tnnc
1163 446 1416 511 nomine
1444 445 1872 512 Sabbathario
1903 448 1984 512 ab
2017 449 2287 513 aemulis
2321 453 2428 514 aut
2457 449 2790 532 imperitis,
2819 455 2931 514 aut
2963 473 3100 514 car·

156 535 430 600 nalibus
477 535 841 599 reformatis
890 534 1125 599 alicubi
1174 535 1646 616 traducebatur)
1698 547 1968 601 tractatu-
2015 537 2349 601 vernaculo
2376 587 2390 614 ,
2437 537 2539 602 cui
2584 538 2686 604 tit.
2739 537 3100 604 Necessaria

154 623 663 700 Dmnonslratio,
714 624 813 688 &c.
869 623 1223 706 expositam
1272 625 1594 688 luculenta
1642 625 1689 690 8z
1734 624 1991 708 publica
2037 647 2154 690 sua
2199 627 2741 690 commendatione
2790 627 2952 690 libro
2999 627 3100 690 illi

156 711 455 794 praefixa
502 711 1058 775 commendabant:
1110 711 1398 794 quamvis
1447 735 1665 776 omnes
1697 713 1762 776 in
1796 713 2224 778 controversia
2248 714 2324 777 de
2349 714 2708 778 morantate
2741 737 2854 797 per
2885 715 3097 779 01111113

158 823 320 864 011111
354 799 491 882 ipso
516 822 637 864 non
670 799 999 864 sentirent.
1034 798 1187 864 Illos
1215 801 1391 884 [pag.
1426 801 1539 862 124
1554 801 1627 884 3]
1662 805 1914 865 tantum
1940 804 1978 864 a
2000 801 2517 884 prudentioribus
2541 802 2863 866 observari
2889 802 3103 881 velim,

158 887 411 969 quibus
458 887 765 970 strepitus
812 888 921 951 ille
971 888 1521 952 antisabbathicus
1570 911 1747 953 mera
1791 890 2082 969 τρέφετο-ις
2129 894 2287 965 erat,
2339 893 2488 949 κίτία
2534 913 2682 953 vero
2729 890 2882 972 quid
2928 891 3105 954 aliud

157 977 345 1060 qnod
407 980 518 1040 aut
567 998 667 1040 res
722 979 873 1039 tunc
919 977 1259 1054 clamabat,
1284 982 1395 1039 aut
1420 978 1611 1060 paulo
1643 982 1790 1060 post
1815 978 1947 1041 dies
1975 977 2318 1041 revelabat.
2367 976 2540 1041 Deus
2567 979 2672 1041 det
2697 1001 2776 1042 ne
2801 978 3105 1042 similium

151 1064 647 1128 contentionum
696 1064 933 1127 similia
982 1064 1111 1128 sint
1142 1064 1614 1148 consequentia.
1666 1063 1973 1130 Rationes
1999 1073 2042 1126 δι
2067 1065 2471 1148 exceptiones
2497 1067 2878 1149 scriptorum
2914 1067 3102 1130 Anti-

150 1151 690 1216 sabbatbicorum
723 1157 1133 1216 excusserunt
1181 1153 1411 1219 Daniel
1460 1155 1757 1241 Cawdrey
1804 1161 1847 1215 &
1899 1153 2154 1219 werbert
2178 1152 2440 1219 Palm-er
2474 1154 2612 1238 (qui
2636 1158 2884 1237 partem
2909 1153 3104 1218 facie-

154 1241 331 1304 bant
376 1243 721 1304 conventus
774 1239 1249 1326 Theol.,·gor11m
1296 1240 1738 1323 Londinensis)
1780 1265 1835 1306 a.
1872 1241 2249 1306 lutiae-dits
2271 1253 2434 1324 part.
2467 1244 2522 1306 1.
2552 1264 2746 1325 quam
2770 1242 3107 1306 subsecuta

148 1329 425 1392 demum
478 1327 603 1391 fuit
634 1351 690 1392 3.
731 1328 920 1392 1658.
963 1351 1117 1413 pars
1142 1331 1433 1394 secunda.
1461 1329 1750 1395 Eandem
1782 1329 2278 1394 controversiam
2303 1330 2603 1394 tractavit
2625 1331 2768 1396 Gul.
2807 1331 3101 1408 Trois-suc,

151 1419 517 1481 conventus
541 1416 715 1481 illius
741 1415 1005 1481 Praeses
1030 1441 1139 1482 seu
1168 1417 1557 1482 Prolocutor.
1586 1419 1671 1482 Et
1707 1417 1972 1484 Thomas
2001 1417 2404 1502 Speplzardin
2427 1429 2602 1483 tract.
2627 1419 2729 1482 cui
2754 1418 2852 1482 tit.
2890 1419 3105 1484 Theses

148 1504 586 1580 &abbathiam
634 1527 798 1570 anno
854 1506 1043 1570 1655.
1093 1504 1219 1570 Sed
1242 1505 1311 1570 hi
1335 1510 1465 1570 tres
1490 1506 1792 1571 idiomate
1817 1505 2110 1589 Anglico.
2160 1506 2317 1571 Post
2357 1507 2501 1570 illos
2535 1506 2794 1570 eandem
2821 1507 3103 1588 quaesti-

150 1615 357 1658 onem
380 1592 606 1658 Latine
628 1593 675 1658 a
698 1593 1136 1678 compendiose
1161 1594 1463 1658 tractavit
1486 1596 1795 1659 Henricus
1846 1595 2276 1661 Willcinsonus
2308 1593 2673 1678 Theologus
2701 1593 3101 1673 Oxoniensis,

150 1704 337 1746 anno
366 1681 557 1746 1654.
590 1681 699 1764 qni
724 1682 891 1746 idem
916 1683 1278 1766 nuperrime
1311 1705 1477 1746 anno
1511 1684 1696 1746 1658.
1727 1684 1946 1746 eodem
1970 1683 2293 1760 idiomate,
2321 1683 2430 1747 sed
2454 1682 2744 1747 secundis
2771 1682 2938 1746 curis
2967 1683 3100 1765 ple·

152 1771 315 1834 nius
339 1768 461 1835 hoc
484 1770 637 1851 egit.
672 1768 811 1834 Hoc
836 1794 893 1834 a.
924 1771 1113 1834 1658.
1148 1793 1261 1854 pro
1289 1770 1583 1836 sabbathi
1600 1772 1950 1837 moralitate
1972 1771 2226 1855 scripsit
2272 1769 2428 1835 Rev.
2456 1773 2502 1838 &
2525 1771 2927 1853 conjunctiss.
2956 1770 3100 1836 Col-

152 1859 317 1944 lega
356 1863 569 1924 noster
612 1859 931 1937 Essenius,
980 1859 1089 1941 qui
1123 1859 1402 1943 ejusdem
1435 1860 1656 1943 scripti
1691 1859 2151 1942 peremptorias
2177 1859 2482 1924 vindicias
2515 1881 2682 1923 nunc
2700 1863 2903 1942 parat.
2953 1857 3102 1923 Non

154 1953 263 2012 est
291 1969 466 2032 ergo,
500 1947 668 2030 quod
691 1947 1043 2011 sententiae
1076 1969 1255 2012 meae
1280 1947 1655 2032 simpliciter
1680 1947 2065 2031 propositae,
2090 1949 2136 2013 a
2160 1952 2388 2030 quarto
2416 1946 2763 2030 Praecepto
2789 1947 3099 2012 subnixae

154 2036 340 2098 ultra
364 2035 515 2117 qnid
540 2035 785 2099 addam.
813 2033 1049 2099 Omnes
1074 2035 1353 2100 omnium
1382 2041 1521 2100 tum
1546 2037 1846 2114 rationes,
1873 2040 2012 2100 tum
2034 2035 2542 2119 probabilitate3‚
2571 2039 2639 2099 ut
2664 2037 2710 2100 &
2729 2035 3097 2108 solutiones

152 2123 577 2208 hypotheses,
612 2124 1019 2200 consectaria,
1053 2146 1313 2188 casuum
1329 2125 1813 2207 particularium
1838 2123 2400 2188 determinationes
2424 2127 2750 2207 praestare
2798 2145 2912 2186 nec
2939 2123 3100 2202 volu,

154 2234 283 2276 1160
308 2215 545 2276 teneor.
595 2210 774 2286 Quod
799 2234 1210 2296 praemoneo3
1253 2235 1331 2276 ne
1374 2213 1515 2296 quis
1542 2235 1751 2277 meam
1776 2212 2158 2277 sententiam
2185 2212 2266 2276 iis
2290 2216 2536 2296 urgeat.
2587 2210 2816 2275 Moneo
2842 2210 3104 2294 insuper

156 2300 509 2384 discipulos
554 2303 823 2380 nostros,
872 2323 950 2364 ne
975 2301 1055 2364 ob
1079 2301 1202 2364 loci
1241 2299 1433 2366 Calos,
1463 2302 1523 2364 2.
1560 2323 1713 2366 vem.
1747 2303 1847 2364 16.
1885 2300 2204 2364 variantes
2238 2300 2684 2383 expositiones,
2714 2298 3104 2363 evidentissi-

156 2410 346 2453 mum
372 2387 529 2453 illud
562 2386 750 2472 Legis
773 2389 1033 2454 moralis
1060 2387 1476 2474 Praeceptum
1504 2391 1578 2454 de
1611 2387 1941 2454 Sabbatho
1979 2388 2427 2453 hebdomadali
2457 2392 2568 2453 aut
2599 2391 2961 2472 torqueant,
2989 2392 3100 2453 aut

156 2476 519 2541 eliminent.
568 2476 732 2541 Tota
782 2478 951 2541 enim
999 2501 1248 2543 summa
1304 2500 1696 2543 summarum
1746 2479 1821 2541 ad
1872 2478 1991 2542 hoc
2037 2482 2486 2562 argumentum
2537 2476 2818 2541 revocari
2849 2479 3095 2560 potest:

156 2564 351 2641 Quod
384 2566 727 2649 Apostolus
753 2566 904 2631 dicit
930 2589 1063 2631 esse
1098 2567 1411 2646 umbram,
1437 2568 1536 2633 810.
1563 2566 1726 2630 illud
1758 2589 1882 2630 non
1908 2570 2005 2629 est·
2029 2566 2304 2642 morale3
2347 2569 2800 2647 consequenter
2825 2564 3097 2647 abroga-

156 2658 309 2719 tum
332 2658 430 2719 est
452 2654 519 2717 in
548 2652 630 2717 N.
664 2653 737 2718 Τ.
766 2653 891 2719 Sed
914 2652 1315 2720 Sabbathum
1361 2655 1819 2720 hebdomadale
1845 2654 1998 2718 dicit
2023 2677 2156 2719 esse
2186 2654 2497 2730 umbram,
2526 2652 2625 2717 810.
2674 2652 2869 2735 Ergo,
2903 2653 3100 2735 Nequ-

160 2764 313 2809 mus
338 2744 675 2809 mivwrem:
700 2744 746 2809 &
772 2742 957 2810 Ratio
982 2747 1097 2819 est,
1124 2744 1275 2825 quia
1306 2747 1418 2808 aut
1448 2742 1779 2809 Sabbatha
1802 2741 1844 2807 J
1849 2742 2070 2807 udaica
2095 2742 2366 2825 septimo
2399 2741 2498 2805 die
2527 2745 2564 2805 a
2587 2740 2906 2805 creatione
2933 2741 3098 2803 cele-

154 2830 412 2895 branda
472 2854 581 2895 seu
641 2831 849 2914 potius
904 2832 1382 2897 circumstantia
1435 2830 1750 2895 Sabbathi
1804 2830 2322 2894 hebdomadalis:
2351 2834 2462 2893 aut
2510 2828 2840 2893 Sabbatha
2865 2828 3096 2893 Essae-

157 2940 383 2983 orum:
418 2923 531 2984 aut
568 2919 883 2984 sabbatha
930 2942 1275 2984 annorum:
1318 2924 1429 2984 aut
1452 2919 1583 2984 dies
1610 2918 1827 3003 magni
1856 2942 1967 2983 seu
1994 2918 2208 2981 ultimi
2235 2916 2568 2983 Festorum
2585 2918 2795 3001 (Levia.
2829 2917 2960 2999 23.)
2994 2916 3100 2981 hic

156 3006 447 3092 intelligi
470 3012 751 3092 possunt.
780 3006 1051 3073 Nullum
1075 3008 1393 3094 (quamvis
1419 3012 1809 3091 postremum
1833 3006 2220 3090 praeferam)
2249 3011 2564 3090 repugnat
2588 3006 2923 3089 analogiae
2949 3028 3095 3069 con-

160 3098 401 3175 textuS,
446 3100 556 3161 aut
602 3096 749 3160 fidei
796 3119 905 3161 seu
962 3096 1157 3161 totius
1210 3095 1593 3180 Scripturae.
1646 3095 1971 3171 Quomodo
2017 3117 2168 3178 ergo
2200 3095 2350 3159 hinc
2373 3097 2824 3175 argumentum
2850 3097 3096 3157 certum

160 3183 352 3249 educi
382 3188 611 3267 potest,
660 3206 784 3268 quo
809 3207 987 3249 mens
1012 3189 1227 3249 nostra
1258 3188 1524 3270 cogatur
1548 3186 1627 3248 ad
1666 3188 1801 3247 tam
1823 3183 2048 3247 duram
2073 3184 2118 3247 81
2144 3186 2426 3249 coactam
2451 3181 2757 3265 Decalogi
2791 3180 3096 3263 expositi-

160 3294 392 3348 onem;
448 3272 493 3338 8⁵
542 3272 753 3356 quarti
801 3272 1131 3356 Praecepti
1164 3276 1201 3337 a
1231 3272 1401 3358 Lege
1426 3272 1657 3337 morali
1680 3271 2126 3343 exclusionem,
2159 3276 2346 3353 atque
2375 3274 2500 3335 una
2523 3270 2671 3334 ostii
2704 3270 3096 3352 apertionem

160 3383 282 3445 per
328 3362 494 3444 quod
542 3360 1025 3443 Anabaptistae,
1074 3358 1414 3439 Sociniani‘,
1464 3359 1803 3438 Pontificii,
1844 3359 2290 3423 heterodoxias
2316 3382 2463 3423 suas
2489 3358 2703 3439 aliqua
2722 3380 2864 3421 cum
2889 3356 3098 3438 specie

160 3450 571 3513 introducant
588 3454 617 3513 Ῥ
666 3448 749 3514 ΙΙ.
804 3452 1233 3515 Controversia
1280 3448 1584 3533 primaria
1632 3453 1747 3527 est,
1790 3470 1872 3512 an
1898 3447 2030 3512 dies
2057 3447 2298 3531 primus
2325 3451 2541 3531 (quem
2565 3446 2728 3511 Solis
2757 3448 3002 3521 vocant)
3031 3444 3096 3506 in

162 3536 573 3602 Sabbathum
605 3536 1040 3602 Christianum
1064 3538 1149 3602 sit
1173 3541 1590 3603 consecratus.
1640 3534 1759 3600 Hic
1808 3539 2082 3620 quatuor
2128 3540 2277 3601 sunt
2301 3534 2675 3611 sententiae,
2711 3532 2952 3603 Prt'ma,
2985 3554 3096 3595 ne-

210 3630 285 3690 at
307 3625 389 3690 ab
413 3624 783 3709 Apostolica
812 3625 1093 3691 Ecclesia
1116 3626 1283 3689 diem
1308 3626 1493 3690 illum
1517 3625 1649 3689 sive
1674 3624 1979 3701 doctrina,
2020 3624 2152 3688 sive
2179 3622 2470 3705 exemplo
2501 3644 2616 3685 sno
2641 3622 3093 3685 consecratum.

161 3648 275 3779 Sic
326 3712 645 3779 Pontificii
690 3714 806 3794 illi,
856 3714 965 3797 qui
992 3717 1029 3778 a
1052 3714 1392 3778 traditione
1426 3718 1539 3777 aut
1571 3712 1914 3777 autoritate
1937 3711 2383 3776 Ecclesiastica
2407 3709 2590 3774 illum
2615 3710 2961 3773 accersunt.
2989 3707 3096 3772 Se-

162 3802 399 3882 cunda,
448 3802 729 3867 consedit
773 3803 854 3867 ab
895 3801 1222 3887 Apostolis
1248 3805 1293 3869 81
1326 3803 1506 3888 [pag.
1538 3800 1741 3886 1244]
1766 3800 2052 3865 Ecclesia
2076 3798 2443 3883 Apostolica
2468 3797 2632 3861 diem
2657 3796 3094 3873 observatum3

163 3892 367 3957 Actor.
408 3891 513 3956 20.
574 3892 631 3955 1.
686 3892 963 3957 Corinth.
1002 3891 1057 3955 1.
1102 3892 1161 3956 6.
1188 3893 1371 3975 Apoc.
1402 3892 1457 3954 1.
1486 3890 1596 3955 sed
1618 3888 1686 3951 in
1712 3888 1918 3953 medio
1943 3888 2332 3970 relinquunt,
2357 3909 2438 3949 an
2462 3908 2538 3949 ex
2563 3884 2765 3948 libera
2789 3882 3096 3948 constitu-

165 3980 339 4045 tione
372 3978 836 4059 Ecclesiastica,
863 3980 1099 4044 ordinis
1124 3984 1352 4054 causa&
1400 4002 1481 4042 an
1530 3980 1677 4041 vero
1732 3976 2096 4053 autoritate,
2132 3976 2274 4059 jure
2307 3977 2352 4040 81
2382 3974 2682 4037 mandato
2707 3970 2921 4036 divino
2949 3994 3095 4054 spe-

164 4067 316 4132 ciali
342 4068 389 4133 a
410 4072 884 4151 consequenter,
911 4092 992 4132 an
1018 4090 1234 4132 eorum
1260 4066 1428 4131 facto
1453 4088 1567 4131 nos
1592 4064 2029 4149 astringamur
2069 4064 2147 4127 ad
2195 4063 2382 4126 illum
2413 4062 2600 4125 diem.
2649 4060 2756 4125 Sic
2781 4060 3097 4146 Hyper-ius

166 4156 351 4221 Mem.
413 4158 691 4245 Theoloy.
740 4156 844 4222 lib.
892 4157 950 4220 2.
989 4156 1077 4220 ιὶι.
1120 4156 1195 4221 de
1226 4154 1565 4232 Crem-ione,
1587 4175 1733 4238 paq.
1771 4155 1920 4216 333.
1951 4152 2195 4218 Parcus
2220 4151 2521 4234 disputat.
2551 4149 2828 4234 Theoloy.
2858 4160 3004 4215 tom.
3039 4150 3094 4212 1.

163 4246 401 4329 disput.
432 4246 535 4309 33.
569 4244 651 4311 D.
698 4246 985 4313 Walaeus
1010 4246 1079 4309 in
1102 4255 1368 4311 tractatu
1393 4245 1468 4309 de
1490 4242 1817 4309 Sabbatha.
1880 4241 2084 4306 Tertia
2130 4238 2512 4304 determinat
2565 4238 3024 4322 praescriptum
3050 4238 3097 4302 81

169 4333 533 4417 exemplum
581 4333 739 4399 illud
788 4334 1227 4418 Apostolicum
1251 4332 1447 4397 fuisse
1464 4331 1627 4416 juris
1653 4328 1869 4409 divini,
1896 4331 1942 4395 &
1974 4331 2428 4411 consequenter
2459 4325 2925 4393 immutabilem
2961 4346 3096 4475 {fise'

3013 4434 3096 4475 ‘ei
