3694 4871
647 325 776 390 242
909 321 1128 390 DrsP.
1175 323 1359 390 VIII.
1405 323 1520 390 Dn
1565 323 1935 388 Pssnsoiu
1985 321 2334 388 Cnmsrt
2380 321 2915 388 Memnonis.
2962 320 3179 387 PAns
3220 318 3331 387 111.

643 533 784 578 ram
821 511 1198 590 humanam,
1245 511 1356 576 sed
1385 509 1580 574 etiam
1605 531 1734 592 qua
1757 507 2193 586 mediatorem,
2220 510 2265 575 &
2290 510 2639 575 secundum
2662 509 3137 575 oeconomicam
3160 507 3207 571 a
3230 506 3548 570 voluntari-

643 623 750 665 am
795 600 1242 666 demissionem
1295 599 1378 663 ad
1419 620 1648 662 munus
1671 599 1718 663 ἃ
1741 598 2169 662 ministerium
2204 598 2671 678 mediatorium,
2704 603 2751 666 ἃ
2772 604 3096 682 quatenus
3126 596 3457 660 secundum
3476 595 3551 658 di·

645 689 862 754 vinam
884 694 1184 753 naturam
1207 689 1490 771 seipsum
1515 686 1888 764 exinanivit,
1936 689 1983 752 a
2014 687 2105 750 sic
2126 687 2471 752 secundum
2502 693 2842 771 utramque
2872 692 3173 750 naturam
3198 685 3499 748 exaltatus
3514 685 3549 748 ἃ

644 778 1008 842 exinanitus
1056 782 1174 842 est.
1219 775 1322 841 Ita
1368 781 1442 839 ut
1487 775 1784 839 distincte
1833 775 2223 839 considerari
2276 775 2505 840 debeat
2548 777 2723 841 filius
2746 775 2867 839 Dei
2892 775 2961 838 in
2986 797 3081 852 se,
3106 773 3409 841 absolute.
3434 772 3475 836 ἃ
3492 777 3551 834 ut

643 866 772 942 sic,
755 889 772 904 ·
829 866 878 931 Sc
919 865 1094 928 filius
1117 864 1238 929 Dei
1265 868 1394 948 qua
1423 863 1754 941 mediator,
1781 866 1828 929 δι
1850 864 1917 926 in
1948 863 2171 926 ordine
2198 864 2273 927 ad
2306 865 2737 929 ministerium
2760 865 2805 928 ἃ
2830 862 3262 927 voluntarium
3290 861 3549 925 subordi-

643 913 972 1018 nationem
1013 952 1474 1018 mediatoriam.
1527 953 1704 1036 Hesp.
1754 951 2117 1016 Admodum
2162 952 2419 1016 sinistre
2466 953 2623 1018 haec
2684 953 2985 1036 accipunt
3046 949 3368 1015 Pontifieii
3410 949 3549 1032 apud

646 1041 1014 1108 Bellarmin.
1073 1043 1181 1108 loe.
1231 1043 1326 1106 cit.
1358 1039 1422 1106 ἃ·
1453 1041 1804 1105 Lutherani
1833 1040 2013 1124 apud
2040 1041 2470 1108 Mentzerum‘
2448 1063 2517 1106 tn
2542 1043 2744 1126 praes.
2770 1043 2857 1106 ad
2877 1040 3165 1124 περαίη
3186 1041 3551 1122 Auqustame

645 1131 1072 1214 confessioni&
1117 1129 1254 1195 Nos
1278 1135 1490 1194 tamen
1517 1131 1644 1216 Aff.
1675 1129 2017 1193 tenendam
2046 1151 2396 1194 censemus.
2444 1129 2583 1194 Nec
2613 1129 2976 1194 removendi
3022 1133 3177 1191 sunt
3214 1126 3455 1209 antiqui
3470 1125 3547 1188 illi

646 1218 1122 1283 distinctionum
1168 1218 1430 1283 termini
1474 1218 1642 1281 circa
1685 1217 2050 1300 praedicata
2102 1218 2179 1280 de
2232 1217 2366 1282 filio
2412 1218 2531 1282 Dei
2578 1219 2839 1282 Arianis
2862 1219 3017 1281 olim
3036 1217 3085 1281 St
3108 1221 3281 1280 reete
3310 1214 3547 1298 oppositi

643 1306 804 1366 κατὰ
837 1311 1159 1382 θεολογίαν
1183 1314 1224 1370 81
1248 1327 1370 1366 κατ
1429 1305 1768 1380 οἰκονομίαν,
1805 1305 2013 1380 Quam
2043 1304 2512 1371 distinctionem
2544 1307 2825 1371 Basilius
2865 1307 2943 1370 ad
2974 1303 3365 1369 Eunomium
3386 1303 3479 1368 lib.
3498 1305 3547 1365 ⁸2.

643 1415 772 1458 non
819 1395 1009 1480 longe
1060 1419 1099 1460 a
1143 1395 1478 1480 principio,
1527 1394 1606 1458 ad
1629 1393 1947 1475 objectum
1972 1394 2179 1458 locum
2212 1395 2415 1460 Actor.
2444 1399 2507 1460 2.
2532 1395 2622 1460 sic
2652 1395 2967 1479 applicat:
2994 1393 3087 1453 ἔτι
3108 1416 3171 1452 o>
3144 1391 3241 1472 3χὲ
3264 1397 3551 1465 ἓεολσγας

641 1471 780 1556 ἡμῖν
816 1483 1185 1560 παραδίδωσι
1223 1485 1445 1558 τρόπον
1471 1479 1634 1542 ἀλλὰ
1661 1479 1798 1550 τοὺς
1823 1491 1935 1550 τῆς
1954 1484 2279 1557 οἰκονομίαις
2299 1485 2522 1557 λόγους
2541 1483 2883 1558 παραδηλοῖ.
2944 1485 3001 1546 1.
3042 1484 3217 1570 quod
3240 1503 3377 1546 non
3406 1482 3549 1545 theo-

645 1571 842 1654 loyiae
890 1574 1072 1638 nobis
1123 1573 1388 1639 modum
1433 1572 1644 1649 tradit,
1691 1561 1798 1636 sed
1847 1571 2329 1654 dispensationis
2374 1572 2648 1637 rationes
2678 1573 2971 1638 declarat
3004 1571 3217 1634 Nemo
3240 1572 3435 1635 etiam
3450 1567 3549 1633 nisi

642 1658 874 1743 hospes
921 1662 986 1725 in
1019 1661 1464 1726 controversiis
1495 1621 1985 1724 reformatorum
2032 1681 2175 1723 cum
2223 1660 2546 1725 hodiernis
2574 1660 3100 1738 AntitrinitariiS,
3128 1659 3489 1736 Pontifieiis‚
3512 1659 3549 1722 k

643 1745 1028 1814 Lutheranis
1052 1749 1158 1815 hic
1181 1749 1624 1814 difficultatem
1649 1770 1904 1813 movere
1928 1753 2158 1832 potest.
2206 1749 2293 1813 Et
2328 1750 2428 1813 cui
2453 1750 2809 1814 attribuent
2831 1748 3355 1813 humiliationem
3384 1749 3429 1812 ἃ
3448 1745 3553 1810 exi·

645 1837 1038 1903 nanitionem
1081 1837 1322 1903 Christi
1355 1837 1726 1901 incarnandi
1756 1839 2031 1921 Philipp.
2058 1839 2119 1902 2.
2150 1838 2209 1902 7.
2236 1860 2316 1901 an
2341 1843 2609 1902 naturae
2633 1839 2835 1921 ipsius
2862 1837 3209 1914 humanae,
3234 1859 3397 1920 quae
3416 1857 3549 1898 non·

645 1925 797 1989 dum
820 1931 968 1990 actu
993 1928 1342 2002 existebat;
1371 1949 1452 1990 an
1476 1925 1690 2009 potius
1712 1947 2020 2009 personae
2044 1927 2354 1990 secundae
2386 1927 2665 1992 deitatis.
2714 1925 2981 1990 Interim
3002 1926 3345 1990 videantur
3378 1924 3551 1988 refor-

643 2017 962 2079 matorum
987 2017 1436 2081 eommentaria
1457 2015 1543 2079 ad
1574 2017 1779 2079 locum
1802 2015 1899 2079 cit.
1923 2012 1987 2079 ἃ·
2008 2014 2093 2079 ad
2119 2016 2380 2080 Roman.
2412 2016 2515 2078 15.
2548 2017 2611 2079 8.
2644 2017 2780 2080 coll.
2804 2037 2949 2080 cum
2975 2015 3225 2080 Jesaiae
3246 2015 3357 2077 42.
3384 2011 3445 2078 ἃ·
3466 2013 3552 2075 43.

645 2102 912 2168 Zachar.
959 2105 1020 2168 6.
1073 2104 1338 2170 Malach.
1390 2105 1451 2168 3.
1499 2102 1760 2168 Jesaiae.
1811 2105 1917 2167 53.
1957 2103 2003 2168 ἃ
2050 2105 2154 2167 63.
2197 2104 2392 2168 Exod.
2422 2105 2527 2167 23.
2552 2104 2663 2168 ubi
2688 2102 2983 2167 Christus
3008 2103 3247 2166 dicitur
3266 2101 3552 2168 minister.

642 2192 988 2273 apostolus,
1023 2194 1308 2277 angelus.
1357 2191 1590 2256 Confer
1619 2191 1782 2275 disp.
1831 2204 2115 2257 nostram
2140 2192 2215 2256 cle
2244 2196 2461 2257 merito
2492 2193 2736 2256 Christi.
2764 2191 2852 2254 Et
2887 2193 3155 2257 Gomari
3176 2202 3555 2256 commentar.

646 2279 718 2343 in
769 2280 1053 2366 Philipp.
1097 2281 1159 2346 2.
1205 2282 1263 2346 7.
1320 2281 1498 2344 Adde
1544 2281 1992 2364 Antayonistas
2039 2280 2372 2356 Stancari,·
2401 2281 2570 2344 inter
2591 2303 2751 2364 quos
2788 2282 3083 2366 Πρω-ἰπὶ
3106 2282 3177 2344 in
3202 2280 3467 2364 epistolis
3486 2277 3556 2342 ad

645 2369 894 2433 Fratres
925 2371 1217 2448 Ροίοηοε,
1237 2391 1382 2434 cum
1413 2370 1651 2434 Polam
1675 2369 1780 2433 lib.
1806 2369 1866 2431 6.
1901 2389 2035 2453 cap.
2064 2369 2168 2432 27.
2196 2371 2242 2434 8ι
2273 2369 2488 2433 Beza
2464 2390 2533 2433 m
2555 2370 2829 2473 epistolis
2850 2371 3027 2456 epist.
3064 2370 3172 2431 28.
3224 2369 3311 2432 Et
3334 2368 3555 2432 hodier-

643 2478 868 2521 norum
896 2458 1538 2534 Antitrinitariorum,
1589 2458 1758 2521 inter
1780 2480 1939 2540 quos
1973 2458 2154 2542 [pag.
2182 2459 2344 2544 336]
2380 2461 2482 2524 Fr.
2504 2458 2748 2525 lunius
2772 2460 2845 2522 in
2868 2459 3106 2547 defens.
3134 2459 3211 2521 de
3252 2458 3471 2522 Tn'nit.
3506 2454 3557 2519 ll·

652 2546 1051 2631 Polyander
1026 2568 1098 2612 m
1119 2558 1440 2612 concertat.
1465 2567 1607 2611 cum
1631 2546 1986 2611 Socinianis
2002 2567 2133 2629 cap.
2162 2546 2261 2610 19.
2292 2549 2337 2613 δι
2357 2549 2464 2609 20.
2490 2546 2579 2610 Et
2600 2548 2681 2610 ad
2704 2542 3071 2631 generalem
3094 2546 3519 2613 Ballarmini
3498 2564 3553 2608 ιιι

645 2646 1016 2700 controvers,
1059 2638 1120 2699 2.
1143 2656 1332 2737 qener
1331 2637 1421 2700 ali
1445 2637 1549 2700 Fr.
1573 2636 1861 2713 lunium,
1896 2635 2318 2712 Chamierum‚
2344 2636 2708 2712 Amesium3
2738 2636 2826 2698 Et
2849 2636 3389 2711 Lutheranorum;
3410 2636 3557 2699 inter

645 2743 804 2822 quos
827 2726 1152 2809 Altinqius
1179 2726 1250 2788 in
1272 2725 1529 2811 Eaeeyesi
1550 2686 1959 2807 Anyto-§tanae
1978 2723 2383 2809 confessionis
2408 2726 2582 2789 artie.
2608 2726 2667 2787 3.
2686 2745 2771 2807 p.
2758 2724 2861 2786 35.
2888 2725 2936 2787 8ι
2952 2723 3193 2787 Matth.
3200 2724 3555 2787 Mat-tiniam

643 2811 754 2891 qui
769 2812 1076 2894 peculiari
1099 2817 1376 2877 tractatu
1402 2816 1620 2877 contra
1647 2814 1921 2877 Mentzer
1920 2834 2031 2877 um
2058 2813 2301 2876 erudite
2333 2813 2807 2880 demonstravit.
2849 2814 3021 2895 quod
3050 2813 3555 2897 consor-miseris)-

644 2900 808 2963 turis
849 2901 1072 2983 phrasi
1107 2900 1170 2966 ἃ·
1213 2902 1390 2985 apud
1437 2912 1650 2985 patres
1689 2912 1913 2966 veteres
1943 2900 2005 2966 ἃ·
2032 2902 2333 2965 recentior
2332 2924 2394 2966 es
2418 2902 2690 2967 doctores
2713 2902 2983 2984 optimos
3006 2902 3399 2987 frequentata
3422 2912 3555 2965 reete

642 2987 891 3053 dicatur
926 2989 988 3055 ἃ·
1009 2990 1345 3055 orthodooee
1375 2992 1593 3075 pieque
1616 2991 1686 3053 in
1709 2991 1945 3054 nostris
1968 2991 2227 3054 ecclesiis
2250 3001 2603 3073 exponatur
2646 2990 2965 3054 Christum
2986 2992 3207 3056 lesum
3232 2991 3550 3055 acciendum

639 3087 976 3163 utramque
1021 3090 1323 3143 naturam
1377 3080 1770 3144 eminanitum
1828 3078 1892 3143 ἃ·
1913 3081 2295 3144 exaltatum:
2322 3100 2485 3142 anno
2514 3078 2703 3141 1617.
2752 3077 2882 3143 Ubi
2916 3078 3062 3141 vide
3087 3079 3409 3162 imprimis
3426 3098 3553 3163 paq.

635 3164 740 3229 47.
797 3166 904 3231 48.
911 3167 1015 3231 66.
1068 3168 1173 3231 92.
1224 3165 1404 3231 Inter
1451 3169 1634 3231 locor.
1689 3187 2007 3233 commun.
2042 3166 2368 3249 scriptores
2392 3167 2557 3231 idem
2582 3166 2671 3230 sic
2694 3167 3081 3231 determinat
3110 3168 3347 3233 Clu-to
3324 3190 3393 3231 m
3426 3168 3551 3232 mea

636 3252 796 3337 disp.
839 3254 944 3317 26.
1001 3256 1155 3321 thesi
1204 3257 1305 3319 11.
1361 3254 1572 3319 Verba
1621 3254 1704 3317 W
1708 3256 1930 3339 igandi
1967 3278 2131 3339 quae
2180 3256 2305 3319 huc
2349 3254 2556 3319 facere
2584 3255 2897 3331 videntur,
2930 3276 3082 3318 mox
3108 3255 3550 3320 exhibebimus.

635 3338 782 3405 VH.
828 3343 1037 3410 Probt.
1090 3345 1192 3408 An
1239 3366 1392 3429 ergo
1447 3343 1883 3407 subordinatio
1931 3345 1977 3408 ἃ
2024 3342 2412 3407 inferioritas
2437 3344 2557 3427 (ita
2588 3342 2761 3425 loqui
2780 3343 2999 3428 liceat)
3026 3344 3228 3407 etiam
3252 3366 3368 3408 suo
3386 3342 3549 3408 modo

633 3429 834 3494 tribui
881 3432 1084 3515 possit
1123 3431 1376 3496 Christo
1425 3431 1758 3497 mediatori
1815 3436 1964 3495 ante
2009 3432 2509 3497 incarnationem
2528 3436 2557 3495 P
2594 3428 2785 3532 Hesp:
2820 3432 2870 3496 A
2877 3436 2951 3517 ff
2978 3433 3255 3496 relativa
3284 3434 3419 3496 scil.
3444 3453 3549 3495 non

632 3517 964 3598 absoluta3
992 3520 1392 3585 oeconomica
1415 3520 1462 3584 δι
1493 3521 1877 3597 voluntaria,
1901 3542 2028 3583 non
2058 3521 2371 3585 naturalis
2396 3523 2441 3586 a
2471 3520 2855 3595 necessaria;
2882 3520 3130 3604 absque
3156 3521 3289 3585 ulla
3314 3520 3549 3585 deitatis

635 3608 988 3673 mutatione
1027 3632 1140 3693 per
1186 3609 1608 3673 accessionem
1655 3615 1770 3673 aut
1792 3571 2325 3673 imminutionem.
2375 3609 2463 3671 Et
2481 3608 2754 3672 sumitur
2780 3630 2851 3672 ac
2875 3611 3421 3693 praesupponitur
3444 3609 3549 3679 hic.

633 3694 962 3761 Christum
986 3696 1183 3762 fuisse
1207 3697 1624 3761 mediatorem
1656 3701 1804 3761 ante
1827 3697 2347 3762 incarnationem.
2399 3696 2492 3761 De
2524 3718 2649 3780 quo
2680 3698 2819 3760 vide
2857 3698 3191 3780 epistolam
3226 3700 3549 3785 Ttyurino-

629 3804 780 3848 rum
826 3784 913 3849 ad
947 3786 1225 3852 Polonos
1270 3806 1464 3870 super
1499 3787 1917 3850 controversia
1948 3786 2387 3852 Stant-ariana.
2436 3786 2523 3848 Et
2562 3788 3122 3869 Arqentinensium
3144 3808 3335 3873 super
3354 3786 3547 3851 eadem

629 3872 798 3936 inter
841 3874 1114 3957 epistolis
1161 3874 1421 3939 Zanehii
1465 3874 1564 3940 tib.
1622 3876 1676 3937 1.
1705 3876 1943 3959 epistol.
1972 3876 2028 3936 2.
2056 3875 2146 3938 Et
2175 3878 2423 3939 constat
2444 3874 2679 3939 exloeis
2706 3876 2921 3941 Genea.
2958 3876 3545 3942 48.16.Ewd.·23

632 3960 738 4024 20.
791 3962 1054 4029 Zachar.
1095 3965 1151 4026 1.
1199 3964 1301 4027 12.
1348 3964 1482 4029 coll.
1511 3984 1654 4027 cum
1693 3965 1750 4027 1.
1787 3963 2065 4031 Corinth.
2096 3964 2197 4027 10.
2227 3965 2331 4028 34.
2355 3964 2540 4026 illum
2569 3966 2721 4026 tunc
2744 3985 2937 4063 opera
2960 3964 3369 4029 mediationis
3394 3984 3547 4027 exer·

627 4048 848 4112 cuisse.
898 4050 1052 4115 Fuit
1100 4072 1251 4135 ergo
1297 4051 1456 4115 haec
1501 4050 1939 4116 subordinatio
1986 4052 2345 4116 voluntaria
2390 4052 2436 4116 ἃ
2480 4052 2898 4128 oeconomica,
2949 4056 3269 4135 quatenus
3313 4076 3401 4117 sc.
3446 4050 3545 4114 filii

629 4157 904 4220 persona
949 4142 1238 4221 respectu
1285 4141 1560 4222 quodam
1605 4144 1864 4205 externo
1914 4142 1959 4205 &
2012 4146 2305 4219 σχετικῶς
2349 4140 2515 4223 quod
2558 4140 2637 4203 ad
2684 4144 2920 4203 statum
2947 4142 3416 4220 mediatorium,
3438 4158 3543 4204 non

629 4230 846 4287 autem
899 4225 966 4287 in
1016 4228 1290 4291 essentia
1333 4250 1448 4291 sua
1495 4250 1607 4293 seu
1653 4228 1893 4296 ἑκτικῶς
1938 4230 1984 4293 &
2030 4226 2095 4289 in
2121 4250 2187 4292 se
2212 4228 2623 4292 subordinata
2653 4226 2797 4291 fuit.
2846 4227 3168 4293 Probatur
3188 4234 3403 4294 autem
3426 4230 3541 4303 hoc,

628 4330 709 4373 ex
759 4310 882 4373 hac
927 4312 1114 4375 unica
1151 4314 1428 4379 ratione:
1487 4314 1650 4389 Quia
1681 4314 1806 4379 fuit
1835 4316 2148 4379 mediator
2172 4318 2217 4381 δι
2245 4320 2529 4399 respectu
2557 4316 2835 4379 muneris
2858 4316 3220 4381 mediatorii
3244 4316 3371 4381 fuit
3393 4322 3541 4391 nme..

630 4395 800 4479 quod
851 4400 1054 4479 pater,
1101 4403 1215 4461 aut
1265 4400 1402 4482 ipse
1448 4403 1737 4467 absolute
1781 4403 1880 4468 85’
1862 4424 1931 4465 ιιι
1962 4424 2029 4467 se
2053 4404 2484 4468 consideratus
2514 4426 2639 4468 non
2666 4406 2821 4468 erat.
2868 4402 3193 4487 Quidquid
3218 4405 3323 4469 hic
3346 4410 3541 4556 cffitra

3464 4512 3541 4554 er·
