3694 4871
459 317 846 384 D1sp.1X.
896 319 1007 384 Dr:
1055 318 1315 384 S‘rA'ru
1367 319 1841 386 Enscroaun
1889 341 2081 384 An‘rs
2128 319 2758 386 Convensmnsn.
2940 316 3071 380 265

115 551 146 581 „
161 503 392 568 etiam
423 504 780 584 abolentur,
815 509 885 569 ut
909 506 983 570 de
1009 507 1422 590 apprehensis
1467 509 1513 572 δι
1536 507 1768 572 oblatis
1791 506 1917 571 sibi
1940 507 2130 570 rebus
2151 527 2279 571 non
2304 506 2586 590 cogitare
2610 509 2656 572 8⁶
2680 503 3069 582 ratiocinari,

28 643 36 648 .
113 613 314 670 „non
359 615 436 656 ex
484 593 1006 677 praecedentibus
1051 595 1501 679 consequentia
1540 597 1861 679 colligere,
1890 617 2013 659 non
2040 599 2209 659 recte
2235 594 2649 677 distinguere,
2673 617 2879 678 neque
2905 594 3073 658 bona

113 685 496 764 ,appetere
521 687 634 747 aut
655 683 829 747 mala
853 683 1054 748 vitare
1079 689 1336 767 queant.
1383 683 1503 748 Est
1527 688 1744 749 autem
1768 684 2049 748 amentia
2072 684 2171 748 vel
2202 684 2531 761 naturalis,
2581 683 2681 747 vel
2706 682 3076 759 adventitia,

99 793 252 852 per
305 771 608 834 morbum
652 772 784 836 scil.
831 777 943 836 aut
965 773 1196 836 vulnus
1220 777 1333 837 aut
1356 772 1550 838 aliani
1583 795 2027 857 quamcunque
2054 795 2327 837 causam.
2378 771 2805 836 Posteriorem
2830 771 3080 835 videtur

99 858 516 943 intelligere
567 861 782 926 Galen.
835 861 935 925 lib.
961 861 1037 926 de
1058 875 1390 946 symptom.
1417 863 1623 948 differ.
1648 883 1782 946 cap.
1809 865 1869 925 3.
1888 883 2031 926 cum
2060 862 2213 925 dicit
2238 883 2373 925 esse
2406 882 2548 924 eam
2592 860 3079 924 ratiocinatricis

99 946 500 1012 functionis
545 949 745 1013 veluti
784 950 1130 1034 paralysin,
1179 949 1280 1014 Sit
1327 971 1478 1035 ergo
1521 952 1578 1014 1.
1605 953 1791 1016 concl.
1827 951 1903 1014 de
1929 949 2289 1014 amentibus
2314 950 2406 1013 ita
2430 949 2621 1027 natiS,
2646 949 2989 1013 foederatis
3012 949 3077 1012 in

99 1034 428 1099 infantia
471 1037 892 1102 morientibus
910 1038 1234 1120 judicatur
1259 1043 1328 1102 ut
1361 1039 1436 1102 de
1462 1040 1606 1103 aliis
1631 1039 1987 1104 infantibus
2013 1037 2374 1104 foederatiS.
2402 1040 2457 1101 2.
2490 1040 2683 1104 concl.
2712 1038 2789 1101 de
2812 1035 3078 1100 amenti·

99 1125 252 1189 bus
305 1125 486 1190 natis
511 1128 556 1192 δι
586 1125 926 1191 foederatis
973 1128 1085 1210 qui
1109 1128 1187 1191 ad
1217 1127 1502 1191 adultam
1549 1132 1825 1192 aetatem
1850 1128 2247 1210 perveniunt,
2273 1127 2439 1190 idem
2450 1126 2884 1211 judicandum,
2912 1125 3079 1208 quod

95 1213 194 1278 de
245 1213 622 1278 infantibus
669 1214 1011 1280 foederatis
1054 1216 1125 1279 in
1173 1215 1446 1280 infantia
1477 1217 2024 1291 morientibus3de
2050 1214 2571 1291 non-foederatis,
2609 1215 2777 1279 idem
2805 1214 2975 1297 quod
2998 1214 3076 1278 de

97 1301 506 1366 infantibus
529 1303 1036 1368 non-foederatis
1075 1305 1142 1368 in
1165 1303 1440 1368 infantia
1463 1305 1903 1370 morientibus.
1954 1305 2239 1368 Eandem
2268 1303 2649 1367 sententiam
2677 1303 2857 1367 video
2883 1303 3080 1366 etiam

97 1389 461 1474 placuisse
504 1392 780 1477 Auinqio
827 1394 934 1457 loc.
989 1395 1088 1456 ll.
1116 1393 1289 1458 theol.
1316 1394 1542 1458 didace.
1575 1413 1718 1478 paq.
1750 1394 1895 1457 181.
1930 1392 2253 1472 „Infantes
2279 1393 2326 1457 ἃ
2351 1397 2635 1456 amentes
2662 1391 3078 1455 accensendos

109 1478 496 1558 „ecclesiae
539 1481 879 1545 statuimus
911 1483 1090 1566 soris,
1142 1505 1219 1546 ex
1245 1482 1600 1546 nativitatis
1632 1482 2024 1558 conditione;
2068 1485 2105 1544 ῑι
2128 1485 2253 1564 qua
2284 1481 2487 1545 sancti
2511 1481 2827 1557 dicuntur,
2863 1479 2973 1562 qui
3001 1501 3081 1542 ex

111 1571 458 1652 „parente
507 1568 679 1632 fideli
723 1570 855 1634 sive
909 1574 1176 1654 utroque
1224 1571 1358 1634 sive
1403 1571 1713 1635 alterutro
1775 1571 1909 1634 nati
1935 1575 2084 1634 sunt
2136 1573 2166 1632 1
2199 1573 2337 1634 Cor.
2366 1571 2423 1634 7.
2459 1571 2537 1631 14
2562 1570 2733 1634 intas
2758 1572 2973 1632 autem
3004 1588 3079 1630 ex

101 1655 500 1721 vocationis
545 1657 797 1722 interno
844 1659 1005 1723 dono
1053 1661 1228 1726 Rom.
1291 1660 1396 1724 11.
1444 1660 1548 1722 29.
1599 1682 1711 1742 per
1734 1660 1904 1742 quod
1925 1659 2103 1723 novit
2126 1659 2416 1722 dominus
2448 1680 2555 1721 eos
2582 1658 2691 1741 qui
2723 1661 2873 1721 sunt
2896 1656 2994 1720 sui
3020 1657 3081 1720 2.

115 1743 424 1810 Timoth.
469 1747 529 1810 2.
583 1746 682 1810 19.
742 1747 921 1832 [pag.
971 1747 1134 1834 426]
1192 1750 1250 1811 3.
1299 1751 1488 1814 concl.
1535 1749 1611 1812 de
1659 1748 2019 1812 amentibus
2069 1747 2305 1812 adultis
2360 1746 2723 1824 foederatiS,
2774 1745 2883 1829 qui
2910 1767 3075 1809 mor-

103 1834 228 1911 bo,
261 1837 394 1897 aut
425 1833 551 1898 alio
576 1856 724 1898 casu
748 1836 910 1900 tales
935 1834 1089 1900 facti
1113 1840 1294 1900 sunt:
1323 1858 1400 1900 ex
1424 1837 1815 1919 professione
1839 1837 1886 1900 δι
1912 1836 2208 1920 operibus
2243 1835 2427 1900 bonis
2452 1839 2566 1899 aut
2597 1835 2783 1898 malis
2808 1834 2940 1898 sive
2966 1855 3081 1896 an-

103 1921 606 1999 tecedentibuS‚
629 1922 764 1987 sive
787 1925 1316 2008 consequentibus
1342 1925 1682 2010 (siquidem
1703 1929 1814 1988 aut
1839 1925 2141 1989 continuo
2166 1927 2277 1988 aut
2300 1947 2414 2008 per
2437 1923 2711 1988 dilucida
2736 1922 3075 1986 intervalla

106 2012 204 2076 ad
237 2033 316 2075 se
353 2011 664 2089 redeant),
683 2012 1092 2096 judicandum
1119 2017 1234 2078 est.
1284 2016 1343 2077 4.
1371 2015 1561 2078 concl.
1589 2013 1800 2077 Aliter
1835 2036 1902 2077 se
1934 2035 2035 2078 res
2058 2013 2255 2077 habet
2278 2013 2346 2076 in
2370 2013 2605 2076 adultis
2630 2033 2755 2074 non
2793 2010 3081 2074 foedera-

107 2101 234 2176 tis,
267 2098 394 2182 qui
419 2103 566 2164 ante
589 2099 772 2165 illam
795 2102 1346 2185 supervenientem
1373 2102 1718 2166 amentiam
1737 2102 1859 2166 fide
1876 2103 1921 2167 δι
1946 2102 2245 2185 operibus
2271 2100 2586 2165 actualem
2612 2099 3081 2164 conversionem

108 2209 480 2271 nunquam
527 2190 959 2264 ostenderunt.
989 2191 1098 2254 sed
1144 2191 1212 2254 in
1252 2191 1651 2268 ethnicismo,
1701 2193 1814 2253 aut
1839 2189 2412 2254 Muhammedismo
2430 2190 2615 2272 juxta
2646 2210 2789 2251 cum
2815 2186 2958 2251 aliis
2990 2186 3083 2249 vi-

109 2279 416 2346 xeruntz
463 2299 578 2341 nec
607 2281 752 2360 post
775 2278 1120 2343 amentiam
1145 2300 1424 2362 unquam
1457 2279 1536 2343 ad
1567 2301 1752 2342 usum
1781 2279 2049 2343 rationis
2080 2279 2363 2356 redeunt,
2397 2300 2470 2341 ac
2494 2279 2949 2360 consequenter
2972 2279 3085 2339 aut

110 2365 323 2430 verbi
363 2365 654 2430 auditum
701 2367 892 2453 (unde
917 2367 1072 2432 fides
1109 2368 1284 2433 Rom.
1318 2369 1448 2451 10.)
1473 2389 1596 2432 non
1622 2365 1899 2443 habent3
1950 2372 2060 2431 aut
2082 2367 2138 2431 si
2170 2366 2502 2444 haberent,
2528 2365 2687 2428 illud
2720 2363 3082 2449 intelligere

111 2458 168 2521 ἃ
205 2454 352 2519 sibi
379 2454 700 2538 applicare
725 2460 1067 2539 nequeunt,
1100 2456 1350 2521 defectu
1406 2456 1942 2521 ratiocinationis:
1987 2461 2083 2521 est
2114 2456 2283 2521 enim
2310 2456 2519 2520 cultus
2542 2454 2873 2518 rationalis
2900 2454 3078 2519 Rom.

117 2546 242 2608 12.
301 2542 366 2605 1.
423 2544 483 2607 1.
511 2543 678 2610 Ρειν.
707 2545 768 2606 2.
799 2546 856 2609 1.
889 2544 986 2610 De
1017 2545 1148 2609 illis
1172 2566 1324 2629 ergo
1352 2568 1429 2610 ex
1460 2544 1776 2627 iniustitia
1799 2566 2019 2609 eorum
2043 2546 2089 2611 δι
2119 2542 2433 2617 &aeramine
2450 2543 2795 2607 amentiam
2827 2546 3079 2605 antece-

109 2633 336 2697 dente
395 2631 564 2696 idem
609 2634 1014 2697 statuendum
1057 2634 1224 2717 quod
1270 2634 1345 2698 de
1387 2632 1746 2698 Gentilibus
1773 2635 1949 2700 Rom.
1979 2636 2038 2697 2.
2066 2656 2123 2698 v.
2150 2634 2250 2696 12.
2294 2632 2416 2711 Qui
2439 2634 2719 2717 sincleye
2740 2642 3081 2715 pecca-runt

111 2724 236 2788 830.
298 2720 363 2783 5.
399 2721 588 2784 concl.
635 2719 733 2785 De
779 2721 1048 2805 stupidis
1094 2721 1140 2786 δι
1185 2722 1561 2799 semifatuiS,
1597 2745 1869 2806 quorum
1892 2722 2269 2806 imaginatio
2302 2724 2347 2786 St
2371 2720 2771 2785 ratiocinatio
2798 2742 2875 2783 ex
2900 2722 3081 2802 parte

115 2810 346 2886 laesa,
397 2811 469 2872 ut
513 2810 707 2873 etiam
755 2810 830 2873 de
871 2810 1310 2889 delirantibus,
1359 2812 1471 2893 qui
1523 2815 1738 2875 tamen
1785 2811 2003 2895 aliquo
2028 2812 2211 2875 modo
2236 2809 2551 2893 simplicia
2576 2808 3079 2892 apprehendere,

115 2918 548 2981 componere,
603 2898 900 2977 dividere,
934 2899 1284 2963 discurrere
1333 2903 1616 2983 possunt,
1651 2900 1782 2963 sive
1808 2899 2181 2983 plerumque
2208 2899 2341 2963 sive
2366 2921 2479 2982 per
2501 2898 2861 2974 intervalla,
2890 2896 3084 2981 longe

115 2987 342 3051 aliter
357 2984 791 3068 judicandum,
818 3009 891 3051 ac
922 2989 996 3052 de
1023 2988 1406 3053 amentibus,
1456 2986 1555 3051 Ne
1611 2988 1874 3071 antiquo
1900 2990 1945 3052 St
1972 2987 2263 3072 populari
2291 3009 2520 3064 errore,
2546 2986 2863 3070 imprimis
2893 2985 2939 3050 s
2968 2984 3084 3048 ho-

115 3076 240 3141 die
279 3074 352 3137 in
403 3072 648 3157 Papatu
692 3076 1098 3159 frequentato
1147 3080 1442 3159 putemus
1466 3076 1626 3140 tales
1651 3098 1777 3139 non
1802 3098 2083 3160 peccare,
2109 3079 2155 3142 δι
2179 3080 2636 3159 consequenter
2660 3096 2806 3139 vere
2831 3074 2955 3138 dici
2983 3075 3085 3140 in-

114 3174 456 3240 nocentes,
503 3164 700 3227 immo
746 3170 790 3225 δι
836 3163 971 3228 Deo
1025 3168 1285 3249 propter
1330 3170 1442 3228 aut
1495 3186 1608 3247 per
1647 3164 1826 3228 illam
1854 3165 2086 3229 dictam
2112 3165 2539 3229 innocentiam
2572 3186 2682 3228 seu
2710 3162 3082 3227 fatuitatem
3190 3178 3193 3181 ’

115 3272 554 3334 summopere
584 3252 854 3335 placere,
887 3253 1042 3336 quin
1075 3253 1122 3318 ἃ
1146 3254 1422 3337 gratiam
1447 3254 1492 3317 δι
1517 3275 1630 3336 pro
1654 3276 1720 3317 se
1745 3256 1791 3319 δι
1821 3276 1935 3337 pro
1965 3254 2109 3318 aliis
2134 3254 2304 3337 apud
2326 3250 2535 3317 Deum
2564 3252 2793 3317 mereri
2820 3254 2933 3315 aut
2964 3251 3084 3314 im-

117 3344 426 3427 petrare.
477 3338 638 3405 Vide
683 3342 845 3425 disp.
870 3342 945 3406 de
973 3342 1384 3427 Simplicitate
1412 3341 1476 3407 ἃ·
1497 3342 1830 3429 hypocrisi.
1860 3343 1919 3407 6.
1947 3346 2133 3409 concl.
2163 3342 2419 3405 Adultis
2447 3340 2789 3406 foederatis
2814 3360 3085 3423 quorum

116 3427 534 3513 imaginatio
577 3432 626 3494 a
657 3430 1058 3494 ratiocinatio
1089 3435 1334 3513 partem
1362 3431 1644 3513 aliquam
1669 3432 2065 3495 solummodo
2089 3430 2324 3515 (magis
2352 3430 2485 3494 scil.
2514 3428 2888 3510 autminus)
2914 3428 3086 3491 laesa

119 3524 236 3585 est
289 3522 332 3581 ὲ.
380 3517 738 3596 nativitate,
785 3540 910 3582 non
935 3523 1150 3583 tamen
1173 3519 1267 3583 ita
1291 3519 1508 3583 ablata
1532 3524 1644 3582 aut
1667 3519 1947 3597 turbata,
1973 3522 2046 3583 ut
2070 3519 2413 3583 rationales
2438 3520 2779 3600 conceptus
2804 3520 2917 3579 aut
2939 3537 3084 3598 per-

121 3612 347 3694 petuo
391 3609 503 3669 aut
548 3606 776 3671 saltem
821 3630 938 3690 per
977 3608 1314 3671 intervalla
1345 3607 1618 3671 formare
1641 3629 1768 3671 non
1793 3608 2059 3691 possint,
2088 3630 2163 3672 ex
2197 3607 2344 3670 fidei
2368 3606 2657 3689 quamvis
2684 3603 2910 3669 debilis
2937 3625 3086 3687 pro-

121 3694 430 3762 fessione
483 3696 530 3759 s
570 3717 648 3759 ex
692 3696 990 3779 operibus
1036 3696 1295 3779 pietatis
1350 3718 1423 3760 ac
1467 3696 1757 3780 justitiae
1791 3695 2118 3780 judicandi
2142 3699 2291 3760 sunt
2316 3694 2576 3779 (judicio
2604 3694 2739 3758 scil.
2773 3691 3085 3774 caritatis)

123 3804 290 3851 esse
335 3782 409 3845 in
463 3786 634 3847 statu
671 3784 920 3868 gratiae
945 3786 988 3849 δι
1021 3784 1269 3863 salutis,
1295 3786 1342 3850 ἃ
1365 3788 1824 3867 consequenter
1849 3806 1927 3848 ex
1960 3806 2224 3849 numero
2252 3784 2615 3848 electorum.
2666 3780 2762 3846 De
2797 3780 3083 3864 reliquiS,

122 3877 204 3939 in
239 3870 486 3954 quibus
514 3872 832 3937 contraria
853 3872 1068 3937 omnia
1093 3877 1421 3956 apparent,
1450 3872 1613 3936 nihil
1638 3872 1705 3937 in
1746 3872 1981 3937 bonam
2004 3876 2252 3956 partem
2276 3876 2447 3936 certo
2474 3870 2669 3936 statui
2703 3874 2935 3954 potest,
2961 3868 3085 3932 nisi

123 3984 264 4047 pro
289 3960 482 4023 modo
511 3960 748 4024 infirmi
781 3960 1022 4045 ingenii
1049 3962 1170 4039 sui,
1193 3983 1400 4025 mores
1421 3962 1812 4026 mutaverint
1835 3964 1883 4027 a
1906 3960 2307 4045 resipuerint.
2356 3959 2453 4025 De
2486 3958 2682 4023 fatuis
2706 3957 2948 4022 talibus
2973 3960 3087 4023 aut

126 4047 407 4117 stolidis
459 4050 506 4114 ἃ
551 4048 808 4131 quidem
851 4050 1055 4113 infimi
1089 4050 1346 4133 graduS‚
1370 4050 1464 4113 ita
1481 4050 1724 4133 judicat
1755 4049 2158 4135 Augustinus
2182 4052 2335 4112 tom.
2366 4049 2426 4112 7.
2451 4049 2563 4111 lib.
2598 4050 2653 4112 1.
2681 4048 2758 4111 de
2789 4049 3083 4131 peccato-

127 4159 290 4205 rum
317 4136 566 4200 meritis
590 4139 636 4202 a
659 4137 1028 4202 remissione
1053 4160 1190 4222 cap.
1219 4139 1323 4201 22.
1349 4160 1412 4221 p.
1446 4138 1597 4204 669.
1643 4138 1767 4218 Qui
1789 4140 2015 4203 mentis
2040 4140 2255 4203 lumen
2280 4139 2367 4202 sic
2387 4138 2671 4203 amittere
2696 4146 3089 4213 meruerunt,

126 4240 210 4294 ut
263 4246 464 4291 sensu
507 4226 710 4291 vicino
729 4227 1054 4311 pecoribus
1077 4239 1518 4293 nascerentur.-
1541 4246 1672 4291 non
1689 4228 1824 4292 dico
1851 4227 2201 4292 tardissimi
2224 4228 2494 4311 inqenio,
2526 4246 2683 4291 nam
2708 4225 2821 4290 hoc
2852 4225 2925 4290 de
2948 4224 3091 4289 aliis

129 4316 274 4383 dici
322 4317 495 4392 solet,
543 4316 650 4379 ced
693 4317 780 4380 ica
803 4316 1108 4395 excordes,
1141 4328 1213 4381 ut
1243 4317 1431 4381 eliam
1454 4316 1676 4381 cirrati
1699 4316 1784 4381 ad
1806 4316 2187 4381 movendum
2212 4316 2437 4395 risam,
2462 4315 2789 4380 exhibeant
2820 4313 3091 4379 cordatis

133 4404 412 4472 delicias
457 4404 786 4487 fatuitatis,
834 4425 1112 4490 qaorum
1166 4426 1394 4471 nomen
1423 4426 1502 4470 ea·
1526 4405 1756 4471 Gracco
1779 4406 2135 4471 derivatum
2167 4405 2481 4471 moriones
2506 4406 2734 4489 vulqus
2756 4402 3089 4489 appellat?

2840 4490 3087 4557 Talium
