3694 4871
919 305 1156 371 Disr'.
1205 307 2283 374 X.D1:R.=.annnnm1onn.
2929 306 3052 370 281

115 511 318 554 causa
365 493 586 576 (quam
633 493 886 576 vocant)
934 493 1070 558 sine
1100 499 1228 578 qua
1274 517 1420 572 non,
1451 495 1642 578 idque
1667 517 1742 558 ex
1771 495 2032 578 speciali
2063 495 2413 559 intentione
2446 493 2599 560 Dei:
2628 493 2737 558 sed
2761 497 2834 557 ut
2858 515 3055 557 unum

112 578 206 642 sit
263 579 624 644 ordinatum
671 581 750 644 ad
783 582 956 646 aliud
1005 586 1309 666 tanquam
1341 605 1532 648 causa
1557 585 1638 647 ad
1661 585 1991 650 effectum:
2019 589 2327 666 tanquam
2358 582 2643 667 potentia
2674 583 2881 646 activa
2910 604 3059 665 pro-

115 667 386 731 ductiva
427 669 948 752 regenerationiS‚
982 675 1096 736 aut
1117 677 1424 755 tanquam
1449 673 1734 754 potentia
1758 672 2011 756 passiva
2036 695 2147 738 seu
2180 671 2509 755 dispositio
2532 670 2881 734 habilitans
2907 671 3057 735 sub—

103 757 364 838 jectum
389 757 470 820 ad
492 757 970 840 impressionem
996 761 1130 842 ejus
1154 761 1599 844 recipiendam,
1626 762 1999 843 neutiquam
2034 761 2517 826 concedendum.
2564 759 2785 824 Johan.
2815 760 2874 842 3.
2906 759 2968 823 5.
2994 761 3055 823 6.

111 844 162 908 ἃ
212 845 278 908 6.
315 846 424 908 44.
449 846 550 909 45.
589 845 654 910 a
689 849 788 911 14.
826 849 926 911 17.
963 851 1022 912 2.
1061 849 1336 914 Corinth.
1367 851 1428 914 3.
1461 852 1522 914 5.
1548 851 1770 934 Ephe&
1800 851 1861 914 2.
1894 852 1991 912 12.
2030 852 2127 914 13.
2178 849 2264 912 Et
2289 853 2679 931 sequeretur,
2712 847 3059 912 humanam

111 935 428 996 naturam
469 956 564 998 ex.
603 955 700 1019 gr.
727 935 790 998 in
816 934 1059 1000 Davide
1087 941 1198 1001 aut
1223 937 1434 1014 Petro,
1461 942 1572 1002 aut
1605 939 1998 1002 intellectum
2026 938 2404 1002 rationalem
2430 937 2552 1001 dici
2576 959 2758 1019 posse
2792 959 3059 1020 praepa-

113 1021 436 1086 rator-iam
465 1023 942 1106 dispositionem
969 1027 1468 1110 regenerationis
1492 1049 1738 1091 eorum:
1767 1029 1933 1110 quod
1961 1027 2133 1091 Deus
2158 1049 2300 1090 cum
2318 1026 2675 1089 intenderet
2694 1047 2831 1088 eam
2850 1047 3061 1088 creare

113 1114 438 1193 tanquam
487 1116 672 1176 autor
720 1117 1007 1192 naturae,
1056 1137 1183 1179 una
1229 1115 1572 1179 intenderit
1619 1117 1962 1198 producere
2010 1117 2075 1180 in
2116 1118 2347 1178 natura
2372 1115 2485 1177 illa
2510 1113 3058 1196 regenerationem

113 1203 440 1282 tanquam
490 1204 676 1264 autor
715 1202 986 1286 gratiae.
1035 1202 1371 1286 Nusquam
1404 1201 1577 1267 Deus
1602 1205 1931 1280 revelavit,
1957 1205 2235 1290 gratiam
2262 1225 2395 1266 esse
2422 1226 2499 1266 ex
2522 1203 2567 1267 &
2595 1205 2633 1264 a
2662 1205 2891 1265 natura
2916 1205 3061 1264 tan-

113 1309 324 1369 quam
377 1291 414 1351 Ξι
446 1294 668 1365 causa3
704 1292 747 1356 a
779 1313 846 1354 se
879 1313 1006 1373 qua
1039 1297 1324 1356 autorem
1349 1297 1614 1356 naturae
1643 1314 1779 1356 esse
1805 1298 2092 1358 autorem
2116 1291 2384 1377 gratiae,
2410 1298 2453 1352 δι
2480 1289 2811 1372 utriusque
2834 1311 3060 1372 opera-

113 1375 326 1440 tionis
361 1399 496 1440 esse
547 1379 812 1442 eundem
844 1381 1188 1444 terminum
1213 1404 1322 1444 seu
1351 1381 1644 1444 effectum
1673 1381 2027 1458 formalem,
2055 1387 2165 1446 aut
2190 1380 2603 1464 posteriorem
2637 1383 2675 1442 ξι
2700 1378 2896 1461 priori
2922 1382 3059 1442 tan·

113 1487 328 1548 quam
375 1487 566 1529 causa
613 1467 981 1550 dependere.
1032 1468 1144 1534 VI.
1192 1469 1406 1536 Probl.
1457 1469 1559 1532 An
1587 1471 1851 1534 verbum
1878 1471 1999 1535 Dei
2025 1475 2173 1534 ante
2198 1468 2667 1534 conversionem
2694 1466 3063 1530 salutariter

113 1553 480 1618 audiatur?
531 1557 708 1638 Resp.
746 1558 896 1640 Ney.
923 1579 998 1620 ex
1026 1559 1204 1624 Rom.
1235 1557 1338 1623 14.
1363 1557 1547 1622 llebr.
1577 1565 1637 1623 4.
1669 1580 1720 1622 υ.
1750 1561 1808 1622 2.
1836 1562 1883 1624 81
1912 1559 2013 1624 11.
2045 1581 2096 1622 ι’.
2125 1561 2185 1622 6.
2224 1559 2339 1623 Tic.
2374 1559 2429 1620 1.
2461 1557 2561 1619 15.
2613 1555 2845 1619 Confer
2870 1575 3061 1639 quac-

115 1643 400 1706 stionem
439 1643 780 1708 Cateckete'c.
809 1647 870 1709 8.
903 1647 949 1710 81
975 1646 1229 1728 Disput.
1263 1647 1647 1730 peculiarem
1680 1648 1762 1712 D.
1793 1649 2082 1712 Μαιϊουὶἱ
2104 1649 2179 1712 de
2209 1648 2323 1712 Ιιαι·
2345 1646 2699 1732 quaestio-ne
2722 1645 2791 1708 in
2816 1644 3063 1726 ‹vlleqio

113 1731 290 1813 disp.
335 1743 503 1814 part.
537 1733 599 1796 4.
633 1731 796 1816 disp.
830 1735 886 1797 1.
913 1735 958 1798 &
982 1735 1048 1798 in
1074 1736 1236 1818 disp.
1263 1736 1602 1801 miscellan.
1633 1747 1778 1801 tom.
1807 1738 1867 1800 2.
1918 1736 2005 1799 Et
2030 1735 2367 1799 Vedelium
2394 1734 2459 1797 in
2487 1736 2673 1797 tract.
2698 1734 2773 1796 de
2800 1732 2935 1796 Deo
2960 1754 3061 1814 sy-

113 1839 426 1903 nagogae
457 1843 518 1902 p.
569 1822 676 1886 40.
703 1822 806 1884 41.
834 1824 880 1888 81
906 1823 1263 1889 Sleclzmani
1292 1825 1774 1888 Photim'tmism.
1799 1825 1963 1908 disp.
1994 1827 2095 1888 28.
2125 1846 2229 1912 qu.
2260 1825 2319 1886 2.
2372 1821 2565 1886 Visus
2590 1821 2695 1886 hic
2728 1820 3063 1884 dissentire

114 1908 420 1973 Amesius
447 1931 636 1991 quem
660 1913 875 1974 confer
902 1912 968 1975 in
1002 1911 1282 1990 Casibus,
1305 1913 1620 1995 imprimis
1647 1915 1713 1978 in
1739 1914 1901 1996 disp.
1927 1915 2011 1978 ad
2034 1918 2223 2000 finem.
2247 1912 2676 1994 rescriptione&
2705 1910 2771 1974 in
2800 1909 3062 1975 Grevin-

115 1996 428 2061 chovium
475 1998 730 2080 adjecta,
765 2000 914 2063 edit.
949 1999 1013 2064 in
1063 2002 1162 2066 12.
1213 2022 1358 2086 paq.
1400 2003 1503 2064 49.
1541 2001 1644 2065 66.
1693 2000 1818 2066 Sed
1851 2002 2148 2084 objicitur
2177 2003 2232 2064 1.
2266 1999 2397 2084 Obj.
2450 1999 2624 2082 Ergo
2648 1998 2913 2061 verbum
2936 2018 3065 2060 non

117 2087 222 2150 est
267 2085 356 2148 ab
381 2084 744 2169 irregenitis
771 2089 1176 2154 audiendum.
1224 2091 1404 2174 Resp.
1436 2091 1582 2174 Neq.
1617 2094 1713 2155 est
1737 2091 2141 2168 audiendum,
2167 2092 2213 2156 &
2237 2089 2491 2172 quidem
2526 2086 2756 2151 debite.
2806 2085 2987 2160 Quod
3010 2084 3065 2148 si

123 2173 570 2238 conditionem
610 2177 654 2241 a
679 2175 936 2240 modum
957 2178 1143 2258 ,illum
1167 2179 1494 2250 omittunt.
1519 2180 1686 2242 male
1711 2178 1973 2243 faciunt.
2024 2179 2284 2255 Deinde,
2311 2176 2571 2240 verbum
2599 2197 2711 2257 per
2734 2196 2801 2237 se
2826 2173 3063 2237 bonum

117 2265 248 2340 est,
301 2267 379 2324 ut
431 2263 478 2326 &
523 2264 764 2328 auditio
809 2265 1022 2329 verbi:
1059 2267 1112 2329 si
1135 2290 1248 2350 per
1273 2268 1558 2331 accidens
1584 2266 1742 2331 illud
1766 2268 2007 2331 malum
2032 2268 2145 2330 fiat
2171 2265 2533 2348 hominibus
2558 2285 2673 2328 sua
2698 2263 2912 2345 culpa:
2938 2283 3063 2326 non

117 2349 372 2414 debent
397 2350 545 2415 hinc
570 2352 920 2418 deliberare
946 2355 1020 2418 de
1044 2356 1394 2420 omittendo
1428 2378 1520 2435 eo,
1549 2355 1715 2439 quod
1740 2379 1853 2439 per
1878 2379 1943 2420 se
1971 2361 2066 2420 est
2088 2354 2325 2419 bonum
2352 2355 2397 2418 &
2430 2356 2467 2416 a
2492 2352 2628 2416 Deo
2655 2351 3021 2414 mandatum
3046 2371 3061 2412 ε

120 2440 240 2505 sed
273 2440 493 2523 potius
542 2442 616 2505 de
669 2443 1018 2507 omittendo
1067 2467 1178 2509 suo
1227 2446 1417 2517 malo,
1468 2468 1591 2528 quo
1616 2468 1728 2527 per
1753 2446 2039 2509 accidens
2063 2446 2295 2509 bonam
2322 2444 2481 2507 illud
2504 2440 2813 2524 polluitur
2838 2438 3063 2522 &ipsis

119 2530 384 2592 malum
432 2529 734 2594 redditur.
785 2530 948 2596 Vide
999 2533 1468 2598 distinctionem
1515 2534 1694 2598 illam
1741 2557 1853 2616 per
1900 2558 1967 2597 se
1999 2536 2045 2599 82
2070 2556 2182 2616 per
2204 2532 2511 2609 accidenS‚
2543 2530 2745 2593 sinon
2772 2526 3067 2604 αὐτολέξει

118 2617 369 2681 saltem
415 2616 908 2694 ι’σσδυναμεόντως
944 2621 1322 2686 inculcatam
1353 2624 1620 2689 Roman.
1651 2623 1709 2686 7.
1743 2624 1842 2686 10.
1875 2624 1975 2685 11.
2007 2624 2109 2685 12.
2141 2621 2240 2685 13.
2290 2620 2534 2685 Similis
2560 2617 2829 2701 objectio
2854 2618 3067 2700 posset

119 2704 384 2771 moveri
431 2706 506 2769 de
545 2706 928 2787 infidelibus,
957 2709 1318 2775 Gentilibus
1344 2712 1478 2775 scil.
1504 2711 1543 2775 J
1551 2712 1766 2775 udaeis
1800 2714 1898 2777 διο.
1926 2734 2051 2775 non
2078 2733 2212 2775 esse
2239 2710 2384 2774 illos
2409 2730 2523 2792 per
2546 2709 2907 2789 praecepta,
2932 2727 3067 2769 mo-

119 2793 440 2873 nitioneS,
485 2797 774 2879 exempla
819 2802 1036 2863 nostra
1075 2799 1490 2863 stimulandos
1515 2802 1560 2864 &
1585 2798 2095 2865 manuducendos
2120 2799 2198 2863 ad
2224 2799 2492 2862 virtutes
2518 2795 2781 2872 ethicas,
2807 2814 3064 2858 oecono-

119 2882 360 2959 micam,
393 2882 703 2965 politica3‚
732 2886 900 2969 quod
925 2886 1206 2970 ipsorum
1233 2888 1500 2951 virtutes
1519 2887 1649 2951 sint
1673 2888 2003 2971 splendida
2032 2892 2309 2971 peccata,
2337 2890 2409 2950 ut
2434 2884 2750 2968 Auqustin
2762 2903 2834 2948 us
2858 2882 3066 2965 loqui-

123 2976 264 3035 tur.
317 2969 492 3045 Quin
533 2972 730 3037 immo
775 2974 850 3037 de
900 2975 1054 3057 ipsis
1081 2976 1262 3060 [pag.
1298 2977 1460 3061 446]
1495 2976 1798 3059 regenitis
1825 2978 1871 3041 8⁶
1898 2976 2189 3040 fidelibus
2214 2976 2294 3039 ad
2317 2976 2481 3039 bona
2506 2995 2697 3056 opera
2721 2994 2846 3035 non
2870 2970 3065 3035 exsti-

119 3058 466 3125 mulandis
512 3060 602 3125 sic
645 3062 786 3144 quis
834 3064 1121 3147 argutari
1171 3068 1416 3147 posset:
1466 3065 1632 3129 bona
1678 3087 1870 3147 opera
1912 3066 2091 3129 nulla
2128 3064 2438 3142 facienda,
2467 3062 2619 3145 quia
2645 3083 2757 3143 per
2782 3060 3069 3124 accidens

117 3146 562 3213 inhabitantis
579 3151 783 3215 carnis
802 3157 950 3215 sunt
966 3153 1238 3235 peccatis
1254 3153 1588 3235 inquinata
1607 3169 1622 3227 ξ
1640 3157 1830 3233 juxta
1845 3153 2183 3219 catecloesin
2198 3157 2483 3217 nostram
2500 3172 2605 3236 qu.
2626 3152 2731 3213 62.
2762 3149 2982 3233 Object.
3005 3148 3066 3209 2.

119 3236 316 3321 Ergo
361 3236 622 3301 verbum
671 3261 799 3303 non
825 3244 922 3303 est
945 3240 1100 3324 ipsis
1128 3242 1652 3325 praedicandum:
1681 3242 1831 3324 quia
1856 3242 2171 3306 nescimus
2206 3265 2287 3306 an
2313 3243 2358 3307 δι
2383 3240 2494 3323 qui
2519 3236 2888 3303 salutariter
2910 3236 3069 3300 illud

121 3324 427 3391 audituri
474 3325 623 3404 sint,
672 3329 718 3393 8⁶
764 3328 1024 3410 quinam
1056 3330 1216 3393 illud
1240 3332 1307 3394 in
1337 3330 1580 3394 malum
1611 3330 1734 3393 sibi
1759 3330 2168 3394 conversuri?
2216 3329 2403 3413 Resp.
2432 3329 2579 3411 Ney.
2607 3349 2682 3389 ex
2708 3326 2768 3387 2.
2806 3324 3065 3391 Timoth.

123 3416 188 3479 2.
221 3414 340 3478 25.
368 3414 472 3477 26.
497 3436 641 3478 cum
669 3416 726 3478 1.
763 3416 1041 3482 Corinth.
1070 3420 1128 3481 3.
1157 3420 1217 3483 6.
1249 3419 1306 3483 7.
1355 3417 1577 3483 Simile
1602 3419 1754 3503 quid
1779 3419 2123 3501 objiciebat
2156 3418 2409 3485 Tilenus
2434 3418 2498 3480 in
2525 3436 2701 3481 sacro
2723 3412 2786 3479 a·
2800 3413 3068 3497 satyrico

123 3502 342 3568 libello
387 3500 618 3585 gallice
667 3504 834 3568 edito
870 3507 1172 3571 adversus
1197 3508 1608 3573 orthodoxam.
1633 3507 1987 3572 doctrinam
2012 3508 2087 3572 de
2105 3507 2349 3592 qratia.-
2381 3526 2569 3587 quem
2594 3526 2705 3565 nos
2731 3501 3067 3565 vernaculo

121 3612 436 3655 sermone
459 3588 898 3659 refutavinmS.
954 3594 1412 3678 praesupponit
1437 3596 1594 3659 haec
1624 3596 1896 3678 objectio
1920 3595 2085 3660 hanc
2109 3594 2341 3659 falsam
2372 3590 2780 3676 hypothesin,
2806 3588 3067 3653 Nemini

124 3683 166 3745 a
211 3678 410 3742 nobis
441 3679 926 3761 praedicandum
957 3685 1380 3769 euangelium,
1409 3683 1532 3747 nisi
1557 3685 1583 3767 j
1593 3684 1795 3749 udicio
1821 3684 1969 3747 fidei
1988 3684 2143 3747 certi
2168 3684 2366 3747 simus
2392 3683 2466 3745 de
2492 3683 2785 3744 secutura
2810 3698 3069 3741 conver—

124 3768 340 3843 sione,
390 3769 436 3833 &
482 3768 748 3833 salutari
795 3771 1138 3837 auditione.
1188 3772 1424 3837 Contra
1469 3776 1680 3837 textus
1729 3773 1913 3837 modo
1960 3773 2065 3837 cit.
2092 3774 2137 3837 &
2172 3772 2447 3837 Ezechiel
2472 3770 2531 3833 2.
2584 3765 2779 3833 Εωοιί.
2809 3767 2870 3830 7.
2918 3762 3065 3829 VII.

128 3856 369 3925 Probi.
413 3855 519 3919 An
551 3856 741 3921 homo
762 3858 1148 3943 irregenitus
1173 3866 1284 3925 aut
1313 3860 1640 3945 regenitus
1665 3861 1943 3944 seipsum
1970 3860 2339 3937 sanctificet,
2368 3880 2479 3923 seu
2504 3856 2705 3921 active
2730 3856 2809 3918 ad
2832 3854 2896 3918 id
2922 3876 3069 3917 con-

123 3947 378 4011 currat.
429 3947 604 4027 Resp.
655 3945 750 4011 De
796 3949 1016 4031 priori.
1047 3951 1193 4033 Neq.
1245 3950 1320 4013 de
1365 3951 1698 4033 posteriori
1727 3955 1777 4015 A
1786 3955 1855 4035 ff.
1890 3949 2203 4032 siquidem
2226 3947 2629 4031 intelligatur
2652 3942 3069 4007 sanctificatio

125 4034 198 4097 in
225 4036 556 4097 momento
580 4034 626 4098 &
651 4034 717 4097 in
743 4040 889 4101 actu
915 4039 1203 4114 secundo,
1231 4039 1348 4102 hoc
1373 4042 1489 4115 est,
1514 4039 1650 4121 ejus
1676 4038 1975 4103 excitatio
2009 4040 2054 4103 &
2078 4034 2350 4110 ἔνέργὸῑκ»
2388 4040 2498 4099 aut
2523 4031 2934 4097 continuati&
2982 4030 3069 4095 Et

129 4121 228 4186 sic
253 4120 678 4206 intelligenda
702 4123 870 4189 dicta
895 4126 956 4189 2.
989 4128 1125 4191 Cor.
1157 4127 1212 4191 7.
1252 4128 1304 4189 l.
1338 4129 1395 4190 1.
1426 4126 1560 4191 Joh.
1591 4129 1629 4189 3
1664 4127 1725 4191 4.

229 4208 300 4277 7.
354 4208 560 4274 Causa
605 4213 954 4277 materialis
1005 4214 1052 4279 81
1097 4214 1386 4281 formalis
1419 4216 1670 4297 proprie
1701 4214 1871 4279 dicta
1897 4215 1961 4277 in
1992 4212 2423 4277 accidentibus
2453 4214 2659 4276 locum
2684 4232 2811 4275 non
2836 4209 3069 4274 habet:

131 4298 437 4382 quamvis
465 4302 502 4361 a
524 4302 844 4365 nonnullis
869 4303 1082 4368 omnia
1105 4305 1278 4369 entia
1295 4304 1648 4387 promiscue
1673 4304 1804 4367 sive
1831 4302 2227 4366 substantiae
2252 4302 2383 4365 sive
2409 4299 2757 4366 accidentia
2781 4320 2895 4382 per
2911 4320 3069 4381 qua-

131 4392 287 4452 tuor
312 4407 551 4471 genera
575 4410 908 4455 causarum
933 4392 1234 4475 explicari
1259 4392 1522 4457 soleant.
1571 4390 1642 4457 Si
1666 4391 1810 4476 quis
1834 4395 2051 4456 tamen
2074 4394 2413 4476 conceptus
2440 4389 2803 4475 analogicos
2828 4387 2909 4452 ad
2921 4408 3068 4539 gno-

2965 4496 3071 4540 um
