3694 4871
348 331 567 401 Disr.
612 331 693 398 V.
744 333 857 398 An
904 331 1307 399 Canis‘rus
1352 355 1493 406 Qui
1540 330 1960 399 MeniA'ron
2009 353 2129 396 sm*
2177 354 2595 397 AnoaAunu
2629 337 2711 398 s?
2905 334 3031 397 129
3103 381 3110 390 .

100 519 433 600 studiosos,
484 521 592 604 qui
644 525 903 605 propter
942 525 1342 606 grassantem
1367 519 1500 584 illic
1523 523 1767 604 pestem
1792 519 2160 603 frequentes
2186 519 2265 582 ad
2285 542 2399 584 nos
2422 523 2577 584 tunc
2607 520 3028 594 divertebant,

98 609 371 689 illatum,
420 613 471 676 &
516 610 795 694 plublice
840 611 1271 695 privatimque
1319 610 1387 673 in
1410 609 1698 695 collegiis
1723 611 1769 676 81
1793 609 2060 692 privatis
2085 608 2391 692 colloquis
2417 609 2498 672 ab
2523 609 2601 672 iis
2633 610 3030 692 saepiuscule

96 720 207 782 pro
238 698 543 764 libertate
576 697 957 764 Academica
981 704 1348 783 protrusum
1381 703 1573 782 atque
1627 697 2048 782 exagitatum,
2075 697 2519 763 necessitatem
2547 698 2729 761 nobis
2762 698 3032 762 antehac

95 787 419 871 imposuit,
471 788 718 873 aliquid
763 789 839 852 de
887 811 961 852 eo
1001 789 1439 872 respondendi,
1466 788 1513 853 &
1538 787 1719 874 [pag.
1750 787 1913 872 537]
1939 787 2428 852 commentandi.
2478 785 2646 850 Hinc
2671 786 2934 867 factum,
2963 791 3033 851 ut

94 877 347 940 tandem
387 877 525 943 illis
544 877 777 941 obnixe
804 877 1296 961 postulantibuS,
1324 882 1396 942 ut
1428 881 1767 960 conceptus
1798 881 2049 940 nostros
2073 877 2309 960 scripto
2331 875 2671 959 comprehe
2689 877 3032 954 meremus,

96 964 365 1030 diatribe
388 966 647 1050 publice
674 967 753 1030 ad
778 965 1231 1050 disputandum
1257 966 1598 1050 proposita,
1626 970 1844 1031 nostra
1869 966 2359 1049 qualiacumque
2387 964 2996 1030 communicaremus
3025 989 3040 1042 3

97 1054 322 1137 quibus
370 1059 527 1120 tunc
578 1055 975 1120 auditoribus
994 1057 1233 1120 nostris
1258 1056 1507 1119 abunde
1532 1054 1980 1119 satisfecimus.
2031 1053 2156 1119 Sed
2180 1055 2331 1139 quia
2355 1054 2740 1118 novitiorum
2774 1054 3036 1140 ingenia

94 1143 355 1208 subinde
394 1145 577 1209 novis
603 1144 813 1208 dubiis
838 1146 885 1210 St
910 1143 1168 1229 effugiis
1194 1144 1339 1230 (hoc
1364 1148 1480 1224 est,
1504 1166 1668 1208 novo
1697 1145 1903 1223 mod0,
1939 1147 2051 1208 aut
2075 1149 2238 1208 nova
2269 1143 2478 1207 forma
2503 1143 2877 1228 propositis)
2911 1143 3034 1207 ali-

96 1232 251 1296 unde
278 1233 563 1297 exerceri
586 1233 905 1318 contiugit
929 1233 1192 1316 insuper
1216 1234 1297 1298 ab
1323 1233 1638 1317 imperitis
1664 1238 1776 1298 aut
1808 1233 2140 1298 malevolis
2158 1233 2482 1298 nonnullis
2497 1233 2656 1296 haec
2675 1233 3036 1297 clanculum

96 1321 451 1386 admorderi
481 1345 553 1386 ac
580 1323 969 1386 calumniose
996 1323 1275 1395 traduc-i3
1314 1345 1541 1406 operae
1569 1322 1846 1406 pretium
1873 1345 1974 1386 me
2001 1323 2322 1387 facturum
2347 1321 2590 1406 putavi,
2619 1322 2676 1386 si
2695 1322 3036 1386 diatribam

98 1414 373 1474 nostram
399 1412 675 1476 antehac
701 1410 939 1475 editam
964 1411 1285 1494 praesenti
1312 1412 1657 1496 appendice
1680 1411 1748 1475 in
1774 1411 2049 1492 gratiam
2078 1412 2602 1486 rudiorum(na1n
2623 1411 3036 1494 provectiori-

100 1497 209 1562 bus
252 1499 587 1564 sufficiunt
636 1499 843 1565 fontes
878 1501 1267 1565 solutionum
1292 1501 1531 1564 ibidem
1554 1501 1843 1583 indicati)
1870 1500 2284 1564 illustrarem.
2331 1500 2542 1564 Erunt
2567 1505 2780 1564 autem
2807 1501 3035 1565 sectio-

102 1609 203 1651 nes
246 1588 385 1672 ejus
436 1593 728 1674 septum3
760 1611 1031 1673 quarum
1056 1588 1107 1653 I.
1135 1589 1489 1654 continebit
1518 1612 1894 1655 consensum
1920 1587 2415 1674 Theologorum,
2450 1589 2769 1672 imprimis
2796 1613 3036 1668 eorum,

102 1677 323 1757 quibus
372 1701 521 1743 cum
570 1678 953 1742 adversariis
979 1683 1269 1742 conserta
1292 1702 1485 1742 manu
1512 1679 1922 1763 pugnandum
1953 1677 2100 1742 fuit.
2148 1677 2234 1744 II.
2283 1677 2658 1743 Occasiones
2684 1680 2728 1743 &
2756 1679 3037 1763 origines

106 1767 585 1832 controversiae.
636 1765 753 1832 III.
804 1765 1224 1847 Momentum,
1258 1790 1370 1832 seu
1398 1769 1636 1850 pondus
1668 1768 2154 1832 controversiae.
2206 1766 2321 1831 IV.
2350 1766 2728 1832 Occasiones
2755 1768 2800 1832 8⁶
2829 1767 3039 1832 fontes

106 1875 381 1919 errorum
408 1860 604 1939 atque
628 1855 1226 1935 hallucinationum,
1254 1857 1418 1921 circa
1444 1857 1608 1921 hanc
1632 1855 2147 1942 controversiam.
2193 1855 2276 1921 V.
2303 1857 2705 1941 Argumenta
2732 1879 2847 1940 pro
2873 1857 3038 1921 veri-

106 1945 262 2006 tate:
296 1967 444 2009 cum
470 1945 785 2010 solutione
814 1945 1279 2028 exceptionum.
1322 1945 1437 2012 VI.
1468 1945 1872 2031 Argumenta
1897 1946 2196 2010 adversae
2222 1945 2578 2009 sententiae
2603 1946 2886 2008 refutata
2913 1969 3038 2009 una

108 2053 238 2094 cum
288 2033 775 2118 exceptionibus
830 2036 877 2099 &
912 2034 1187 2117 replicis.
1239 2033 1385 2098 VII.
1431 2033 1837 2100 Consectaria
1863 2037 1908 2100 &
1934 2035 2266 2098 corollaria
2291 2035 2603 2118 quaedam
2628 2057 2743 2117 per
2777 2035 3036 2098 modum

110 2121 570 2201 problematum
602 2123 949 2206 proposita.

188 2205 253 2278 2.
300 2212 719 2291 Consensum,
771 2234 959 2295 quem
1008 2213 1071 2276 in
1098 2212 1369 2277 diatribe
1395 2215 1614 2276 nostra
1638 2235 1970 2296 coeperam
1995 2212 2293 2292 indicare,
2319 2212 2559 2295 triplici
2591 2212 3038 2296 supplemento

110 2318 263 2363 nunc
292 2301 577 2366 absolvo,
619 2299 672 2364 I.
717 2303 1017 2366 Primum
1046 2301 1245 2366 habet
1277 2305 1552 2377 autoreS,
1580 2303 1865 2386 quiante
1893 2301 2277 2386 Apologiam
2304 2299 2958 2380 Remonstranticum,
2989 2305 3034 2368 81

113 2384 243 2452 iude
268 2389 611 2455 formatam
637 2390 805 2455 hanc
837 2391 1331 2456 controversiam
1363 2391 1909 2475 problematicam,
1938 2391 2265 2476 scripsere.
2309 2388 2474 2455 Sunt
2507 2395 2722 2455 autem
2751 2390 3038 2455 Piscator

112 2473 171 2538 in
213 2476 420 2545 Math.
462 2482 525 2546 2.
567 2504 625 2544 v.
678 2479 779 2545 15.
832 2481 941 2544 ubi
974 2481 1067 2545 ait
1090 2478 1421 2546 Christum
1447 2481 1837 2545 adorandum
1859 2502 1988 2546 non
2025 2493 2275 2546 tantum
2299 2482 2556 2545 civiliter
2584 2492 2655 2546 ut
2697 2482 3036 2560 homin-em,

114 2565 255 2631 sicat
298 2567 483 2654 Magi
514 2570 809 2635 videntur
828 2570 1128 2635 adorasse
1142 2594 1166 2647 ;
1190 2571 1296 2635 sed
1319 2571 1507 2635 etiam
1538 2572 1837 2656 reliqiose,
1875 2584 1940 2635 ut
1973 2573 2204 2636 Deum.
2229 2570 2322 2634 Et
2350 2571 2543 2653 paulo
2567 2576 2742 2654 post:
2790 2572 3038 2635 Etenim

116 2654 383 2723 adoratio
424 2659 683 2743 proprie
735 2658 985 2724 debetur
1031 2671 1302 2724 naturae
1344 2660 1611 2725 dlvinae.
1659 2659 1793 2726 Joh.
1845 2662 2183 2725 Crameras
2207 2660 2276 2723 in
2311 2659 2636 2725 Euchirid.
2662 2671 3034 2726 corui-overe.

130 2742 461 2831 Ubiquitar.
504 2760 674 2833 part.
708 2748 766 2813 1.
785 2770 853 2832 p.
885 2750 1033 2814 141.
1066 2749 1209 2812 142.
1244 2750 1387 2813 143.
1438 2748 1569 2814 Ubi
1595 2753 1782 2834 urget
1813 2748 2144 2813 Christum
2175 2750 2522 2813 secundum
2547 2752 2844 2813 naturam
2871 2750 3036 2813 divi-

118 2852 249 2899 nam
270 2840 550 2918 tantum,
578 2837 726 2923 (hoc
757 2840 873 2917 est,
900 2860 1029 2921 qua
1049 2842 1233 2921 parte
1264 2836 1437 2902 Deus
1462 2842 1581 2917 est)
1614 2838 2036 2902 invocandum
2062 2860 2230 2902 esse:
2259 2860 2466 2921 neque
2491 2838 2633 2903 ideo
2665 2839 3035 2903 adoratione

120 2920 308 2989 divine
334 2924 665 2991 Christum
690 2926 755 2989 in
780 2925 1111 2991 hominem
1135 2928 1399 2991 seorsim
1424 2926 1559 2993 &in
1577 2925 1806 2992 Deum.
1837 2925 2154 2991 Zanchius
2181 2926 2292 2991 lib.
2324 2929 2382 2991 3.
2411 2928 2487 2991 de
2513 2924 2748 2990 Tribus
2775 2927 3034 2991 Elohim

122 3031 239 3094 cap.
268 3016 371 3080 12.
401 3016 717 3101 Neqamus
740 3019 1051 3102 sequelam
1082 3016 1362 3081 hanc:·si
1391 3014 1679 3083 Christus
1702 3017 2010 3081 ‘mediator
2029 3027 2136 3095 est,
2162 3036 2294 3081 non
2309 3027 2507 3103 potest
2522 3016 2718 3101 ἐρίων
2735 3018 3036 3082 invocari.

127 3099 249 3165 Non
283 3105 452 3169 enim
500 3106 827 3170 invocatur
878 3116 949 3170 ut
972 3106 1298 3183 mediator,
1325 3104 1432 3170 sed
1458 3116 1523 3171 ut
1556 3107 1752 3172 Deus.
1776 3105 2152 3171 Francis-cus
2176 3106 2410 3171 lunias
2445 3106 2512 3169 in
2536 3106 2775 3190 deferte.
2813 3106 3036 3172 Trinit.

124 3202 317 3259 contra
365 3194 941 3274 Samosate‘niauaS,
975 3195 1213 3277 ubique
1238 3198 1373 3257 tam
1402 3194 1672 3259 sollicite
1706 3194 2047 3280 distinguit
2071 3193 2397 3258 Christum
2423 3197 2550 3278 qua
2573 3193 2806 3274 Deum,
2835 3198 2879 3260 St
2909 3199 3038 3277 qua

125 3280 537 3363 mediatorem,
585 3285 631 3350 &
670 3287 801 3366 qua
821 3282 1168 3364 hominem,
1194 3287 1267 3347 ut
1290 3306 1416 3347 non
1448 3284 1650 3367 possit
1675 3306 1800 3347 non
1821 3288 2042 3348 nostra
2066 3284 2384 3347 sententia
2409 3284 2554 3347 inde
2583 3283 2822 3367 colligi,
2852 3284 2897 3347 a
2925 3283 3038 3345 ad-

126 3386 284 3435 versa
330 3372 531 3455 rejici.
580 3370 756 3437 Inter
802 3372 931 3436 alia
958 3383 1125 3457 part.
1154 3374 1216 3438 3.
1237 3394 1304 3456 p.
1336 3373 1485 3438 190.
1510 3373 1686 3457 (edit.
1712 3374 1779 3436 in
1818 3372 1958 3456 fol.)
1984 3371 2328 3457 distinguit
2351 3373 2832 3457 praerogativas
2863 3372 3036 3436 scili-

125 3460 211 3520 cet
240 3460 671 3541 excellentias,
702 3484 867 3545 quae
891 3460 1148 3526 Christo
1175 3460 1239 3525 in
1267 3461 1599 3546 scripturis
1624 3461 2018 3540 tribuuntur,
2041 3460 2109 3524 in
2135 3484 2242 3526 eas
2269 3484 2432 3545 quae
2467 3466 2537 3526 ut
2561 3462 2696 3525 Deo
2727 3460 3036 3545 simplici-

127 3546 211 3609 ter
249 3549 313 3612 in
354 3550 743 3635 aequalitate
768 3554 1057 3630 naturae,
1084 3551 1130 3615 81
1158 3551 1225 3614 in
1253 3573 1359 3615 eas
1384 3572 1548 3634 quae
1574 3555 1645 3615 ut
1667 3550 2003 3615 mediatori
2027 3551 2095 3613 in
2119 3552 2509 3634 aequalitate
2536 3550 2879 3615 secundum
2904 3550 3036 3614 dis-

128 3640 564 3717 pensationem,
598 3639 843 3705 ratione
873 3638 1089 3704 officii.
1116 3638 1159 3704 J
1162 3662 1269 3703 am
1285 3662 1433 3704 vero
1450 3640 1884 3705 adorationem
1909 3662 2046 3704 esse
2064 3640 2509 3704 excellentiam
2528 3662 2690 3724 quae
2713 3643 3036 3724 competat

130 3720 363 3793 Christo
408 3751 535 3794 non
584 3751 710 3813 qua
735 3728 1089 3809 mediatori,
1122 3730 1233 3794 sed
1259 3732 1385 3811 qua
1406 3729 1544 3794 Deo
1572 3730 1873 3805 ὲμοουσίῳ,
1904 3728 2151 3805 statuit,
2178 3728 2246 3792 in
2271 3728 2499 3795 Exam.
2542 3729 2838 3793 Gratiani
2879 3728 3036 3793 Pro-

130 3817 277 3894 speri
321 3823 485 3902 part.
528 3820 605 3883 2.-
640 3820 698 3902 ἓ.
747 3820 805 3883 5.
844 3840 907 3901 p.
943 3819 1125 3904 [pag.
1155 3818 1316 3904 538]
1352 3818 1501 3882 265.
1532 3818 1819 3884 Christus
1839 3818 2149 3883 adoratur
2171 3820 2212 3883 ὰ
2243 3818 2421 3884 nobis
2445 3830 2516 3884 at
2540 3820 2952 3884 coessentialis
2977 3818 3039 3883 8·

129 3908 385 3989 aequalis
422 3908 601 3993 patri
645 3907 993 3973 secundum
1041 3908 1325 3973 deitatem
1370 3928 1577 3987 suam,
1628 3928 1759 3973 una
1792 3906 2162 3973 adoratione
2182 3929 2328 3974 cum
2347 3919 2548 3992 patre.
2607 3906 2721 3971 His
2746 3908 3037 3972 addimus

132 3990 445 4078 Ante-sium,
470 3997 582 4081 qui
608 3997 897 4080 quamvis
920 3997 1318 4062 contenderit
1342 4019 1455 4080 pro
1482 3997 1849 4061 adoratione
1874 3996 2112 4061 Christi
2137 4020 2267 4081 qua
2289 3996 2687 4071 mediatoris3
2718 3996 3036 4081 hypothe-

134 4078 285 4148 sibus
314 4090 527 4151 tamen
553 4108 669 4170 per
691 4090 895 4150 totam
927 4084 1349 4171 Theologiam
1372 4085 1612 4170 sparsis
1638 4085 1806 4150 thesi
1831 4084 1983 4150 huic
2013 4108 2164 4151 suae
2190 4108 2317 4149 non
2341 4086 2604 4151 obscure
2630 4086 3035 4165 contradixit,

138 4167 173 4232 8⁶
210 4170 407 4239 fontes
451 4176 833 4241 solutionem
882 4175 1332 4259 suppeditavit.
1382 4174 1545 4241 Vide
1584 4175 1652 4238 in
1682 4174 1958 4241 Medulla,
1980 4174 2182 4259 ipsius
2208 4175 2306 4241 lib.
2345 4177 2402 4240 1.
2428 4197 2479 4241 c.
2511 4176 2610 4240 19.
2639 4176 2692 4259 ἓ.
2725 4176 2829 4239 21.
2856 4177 2902 4241 &
2929 4176 3034 4238 23.

137 4256 183 4338 §-
212 4262 304 4328 17.
328 4263 390 4332 ἃ·
414 4266 521 4329 25.
550 4267 605 4350 §-
636 4264 739 4329 29.
767 4266 813 4331 81
837 4264 942 4327 26.
976 4266 1031 4349 ἓ.
1060 4266 1167 4329 30.
1197 4263 1261 4330 ἃ·
1292 4265 1398 4329 31.
1432 4266 1490 4349 ἓ.
1525 4266 1585 4329 8.
1611 4264 1657 4329 St
1684 4266 1788 4328 41.
1817 4266 1874 4347 ξ.
1908 4264 2008 4327 16.
2041 4265 2149 4327 10:
2181 4266 2291 4327 28.
2322 4264 2423 4330 lib.
2455 4266 2516 4329 2.
2540 4286 2590 4329 c.
2619 4266 2682 4327 4.
2708 4266 2764 4348 ἓ.
2799 4265 2899 4327 19.
2930 4265 3035 4327 20.

139 4344 175 4444 ξι
208 4348 261 4417 6.
290 4354 343 4439 ξ.
378 4355 441 4421 2.
475 4355 537 4420 3.
573 4354 635 4420 4.
662 4354 724 4419 5.
758 4356 803 4421 81
828 4354 890 4418 9.
921 4354 980 4437 ἕ.
1006 4355 1069 4420 4.
1104 4356 1164 4419 5.
1211 4354 1411 4421 Aliud
1435 4353 1631 4420 etiam
1654 4376 1733 4418 ex
1759 4353 1969 4417 verbis
1994 4351 2135 4422 DD.
2159 4352 2596 4418 Professorum
2626 4352 3032 4427 Leidensium

138 4454 192 4498 111
214 4442 479 4511 (Jeewu-ra
509 4444 769 4530 confes&
818 4443 1388 4510 Rmvwmeranaeioae
1411 4444 1693 4527 exsculpi
1720 4442 1960 4526 nequit.
2004 4440 2239 4507 Videat
2261 4442 2398 4527 ipse
2426 4443 2622 4507 lector
2647 4442 2690 4505 δι
2718 4442 3034 4525 expendat

1557 4540 1591 4595 9
2844 4530 3037 4593 verba
