3694 4871
1045 405 1568 472 Auronl'rAs
1638 405 2229 473 Scnlr'runAa.
3014 411 3095 475 17

165 591 218 656 tn
241 611 438 674 supra
460 590 670 675 legem
696 589 832 668 (ubi
862 588 1037 656 Deus
1061 591 1137 656 de
1167 591 1312 676 lege
1334 614 1460 656 non
1486 591 1829 676 dispensat,
1856 591 1966 657 sed
1989 596 2199 658 mutat
2228 597 2465 659 statum
2488 591 2581 658 rei
2603 617 2713 660 seu
2739 595 3001 680 objecti:
3028 595 3104 663 de

157 700 301 762 quo
325 677 393 742 in
423 679 588 764 disp.
622 677 696 745 de
726 677 879 744 Iure
921 676 985 745 ἃ·
1009 680 1266 764 ,iustitia
1303 680 1447 764 Dei)
1473 680 1567 746 ita
1596 680 1979 746 miraculosa
2018 683 2117 748 810.
2166 679 2250 747 Π.
2278 681 2593 747 Personae
2622 706 2893 768 quarum
2915 683 3103 764 dicta,

163 767 460 848 consilia,
499 767 668 832 facta
699 768 876 832 nullo
908 767 1094 833 modo
1135 773 1284 833 sunt
1321 768 1710 848 authentica,
1743 791 1859 834 nec
1897 769 2212 835 rationem
2250 770 2492 835 habent
2514 793 2773 838 normae
2796 772 2963 852 fidei,
2992 777 3107 838 aut

163 855 518 942 praecepti,
551 860 664 921 aut
689 856 963 940 exempli
983 856 1338 936 imitabilis,
1371 861 1520 922 sunt
1543 856 1961 922 Diabolorum
1994 858 2040 923 81,
2065 859 2531 942 improborum:
2582 883 2697 926 nec
2720 861 2854 926 ulla
2878 861 2985 925 hic
3008 864 3107 927 est

162 945 484 1029 exceptio,
523 944 649 1010 nisi
695 943 871 1009 Deus
904 945 1072 1010 dicta
1096 967 1315 1010 eorum
1339 967 1454 1010 sua
1485 946 1654 1010 dicta
1677 946 1981 1024 nominet,
2008 968 2207 1030 eaque
2233 947 2541 1031 approbet
2568 953 2639 1014 ut
2660 947 2955 1030 Bileami,
2981 948 3106 1016 Ca-

155 1031 1976 1206 18Ρέῗὲξὲᾼξῖἒιῗῦἐιῖἕὲἓὲἓᾱὲἔὲἒθῗῃῇἲὶἒὲἶῗῦἶὲ
1991 1035 2437 1188 {afflffssszffissfi
2428 1035 2523 1192 ἐξ
2523 1036 2876 1192 Οᾷἒῗὲἔειῖ·
2885 1035 3077 1194 1οέὁέ
3088 1089 3103 1104 '

159 1210 320 1274 silia
345 1232 562 1274 eorum
585 1210 767 1274 nobis
791 1215 943 1274 sunt
965 1211 1352 1276 authentica.
1379 1208 1497 1276 III.
1527 1209 2057 1297 Quorumcunque
2082 1211 2364 1277 fidelium
2391 1211 2436 1277 ἃ
2460 1213 2734 1297 piorum,
2752 1219 2864 1280 aut
2878 1215 3107 1280 saltem

159 1298 506 1363 hominum
537 1321 661 1363 non
701 1299 1035 1379 malorum,
1077 1300 1207 1365 sive
1241 1299 1526 1365 doctrina
1566 1300 1612 1365 &
1652 1300 1837 1380 dicta,
1879 1300 2012 1366 sive
2046 1300 2309 1366 consilia
2332 1303 2377 1367 81
2404 1301 2575 1366 facta
2599 1325 2723 1368 non
2749 1311 2898 1370 sunt
2920 1303 3105 1369 nobis

161 1388 530 1471 promiscue
561 1388 963 1453 authentica:
1005 1388 1136 1454 sive
1175 1389 1273 1452 illi
1314 1387 1578 1453 seorsim
1609 1387 1741 1452 sive
1774 1388 1840 1452 in
1875 1393 2061 1454 coetu
2100 1389 2545 1454 Ecclesiastico
2578 1392 2645 1455 in
2678 1391 2753 1457 V.
2779 1396 2891 1457 aut
2913 1390 2999 1458 N.
3027 1389 3104 1457 Τ.

157 1476 646 1629 ἓὲὲῗθῗὲξίἑῗ
660 1477 3107 1650 affisstssfgsssslffl{3331333325103affl?&323231223333053512232

157 1652 544 1737 prophetica
568 1657 679 1719 aut
703 1653 1092 1738 Apostolica,
1119 1653 1604 1718 extraordinarii
1635 1653 1771 1718 scil.
1797 1654 2075 1718 ministri
2096 1653 2450 1739 prophetae
2474 1659 2587 1720 aut
2607 1654 2904 1742 Apostoli
2924 1680 2941 1734 3
2965 1660 3107 1722 tum

158 1741 346 1806 enim
369 1741 649 1826 precatio
674 1764 912 1821 eorum,
937 1741 1268 1822 confessiO,
1295 1741 1623 1826 protessiO,
1643 1741 2097 1828 dogmatizat-,io
2115 1742 2181 1806 in
2207 1743 2396 1807 rebus
2420 1743 2567 1808 fidei
2592 1749 2690 1809 est
2716 1745 3103 1810 authentica:

163 1830 496 1894 residente
527 1831 783 1914 proprio
802 1831 1277 1895 instrumentali
1292 1829 1604 1914 principio
1629 1830 2019 1910 authentiae,
2039 1832 2085 1897 &
2100 1831 2341 1896 lumine
2356 1831 2684 1897 infallibili
2700 1855 2823 1898 non
2844 1833 2907 1897 in
2925 1834 3103 1918 ipsis,

159 1919 284 1982 sed
314 1917 376 1982 in
406 1919 556 1982 solis
582 1919 885 2002 apostolis
904 1923 1015 1983 aut
1031 1919 1377 2003 prophetia
1403 1918 1502 1983 De
1520 1918 1728 1997 factis,
1747 1918 2047 1998 consiliiS,
2066 1918 2394 2004 dictisque,
2415 1922 2461 1986 81
2478 1922 2874 1987 sermonibus
2890 1923 3104 2006 priva-

160 2007 258 2070 tis
285 2006 476 2071 aliter
489 2007 902 2092 judicandum
926 2011 1043 2087 est,
1070 2011 1140 2070 ut
1165 2029 1312 2072 mox
1337 2007 1636 2073 dicemus.
1655 2007 1959 2088 Tvxbvrec
1974 2011 2188 2072 autem
2207 2008 2392 2093 [pag.
2406 2009 2521 2093 39]
2542 2009 3105 2093 ejusmodifiideles

158 2117 504 2160 censemus
524 2118 742 2160 omnes
759 2095 890 2159 sive
915 2095 1221 2179 plebeios,
1247 2095 1379 2160 sive
1405 2095 1759 2160 sacerdotes
1785 2098 1899 2160 aut
1922 2095 2267 2171 ministros„
2294 2118 2563 2180 quorum
2590 2098 2655 2162 in
2680 2097 2995 2182 scriptura
3018 2098 3105 2163 sit

161 2184 436 2262 mentio,
479 2185 758 2268 exceptis
789 2184 1190 2262 ¹solummodo
1229 2185 1308 2248 iis
1346 2206 1504 2267 quos
1537 2204 1684 2247 mox
1717 2205 2134 2248 recensemus
2196 2185 2461 2250 Con-sect.
2492 2185 2551 2251 1.
2586 2185 2755 2251 Hinc
2800 2187 3103 2272 sequitur,

158 2274 442 2338 nomina
480 2273 540 2336 2.
583 2271 806 2338 Thess.
852 2272 908 2336 1.
950 2295 1010 2336 v.
1060 2273 1116 2336 1.
1150 2272 1196 2337 81
1219 2271 1454 2336 Coloss.
1486 2272 1542 2335 1.
1575 2273 1630 2335 1.
1664 2272 1965 2356 adjuncta
1988 2271 2235 2336 nomini
2254 2274 2583 2357 apostolico
2612 2273 2775 2340 nihil
2799 2275 2999 2359 facere
3019 2277 3106 2341 ad

157 2361 560 2427 authentiam
585 2363 758 2428 illi-us
780 2361 1086 2447 epistolae,
1110 2361 1234 2426 sive
1245 2361 1456 2445 primo
1480 2361 1603 2426 sive
1624 2361 1914 2441 secando,
1940 2360 2063 2426 sive
2080 2361 2450 2441 ivnrnediate,
2476 2363 2602 2428 sive
2631 2363 2910 2428 mediate.
2941 2365 3103 2430 Gon-

154 2462 308 2517 scct.
359 2452 418 2514 2.
476 2452 617 2520 Non
667 2452 816 2515 satis
847 2452 1273 2535 circa»t.3pecte'
1301 2473 1376 2516 ea:
1399 2450 1717 2535 scriptura
1745 2450 2097 2534 promiscue
2118 2452 2377 2536 alleqari
2405 2455 2685 2536 exempta
2709 2453 2961 2539 quaevis
2982 2474 3102 2537 pro

155 2541 462 2606 concione
493 2552 798 2625 tanquam
818 2541 1092 2607 rationes
1116 2540 1570 2604 doctrinarmn.
1617 2540 1877 2605 Nullam
1908 2539 2077 2603 enim
2099 2541 2406 2603 rationem
2430 2540 2691 2623 faciunt,
2716 2541 2841 2606 nisi
2862 2553 2973 2606 aut
2997 2562 3103 2627 90-

157 2629 442 2695 neratim
463 2642 574 2695 aut
597 2630 668 2693 in
688 2630 882 2713 specie
903 2630 942 2691 ἀ
960 2629 1204 2713 Spiritu
1221 2629 1285 2693 S.
1312 2629 1383 2692 in
1401 2628 1715 2711 scriptura
1740 2626 2186 2711 approbentur.
2205 2626 2320 2692 IV.
2340 2626 2804 2712 Prophetarum
2823 2630 3104 2689 θεοπνεύ-

155 2740 335 2777 στων
360 2722 432 2782 ut
456 2719 502 2783 81
527 2717 1065 2796 Patriarcharum,
1091 2716 1564 2801 Apostolorum,
1585 2717 1799 2801 primo
1815 2715 1988 2780 facta
2006 2737 2133 2779 non
2144 2738 2281 2781 esse
2300 2717 2689 2797 authentica,
2708 2718 2876 2802 apud
2888 2739 3105 2783 omnes

157 2830 342 2872 nunc
371 2806 504 2871 fere
529 2807 595 2871 in
627 2804 912 2871 confesso
937 2810 1032 2871 est
1057 2830 1073 2883 3
1100 2808 1145 2872 &
1176 2806 1473 2870 evincunt
1497 2804 1657 2868 illud
1679 2804 1851 2869 facta
1876 2805 2187 2887 quaedam
2213 2802 2589 2885 Abrahami,
2612 2805 2656 2871 J
2658 2806 2860 2881 acobi,
2886 2804 3097 2887 Lothi,

155 2895 459 2971 Davidis,
491 2894 668 2959 Petri
706 2896 804 2961 810.
847 2896 1016 2979 (Gal.
1058 2895 1148 2977 2.)
1189 2892 1676 2977 reprehensione
1713 2893 1908 2978 digna
1947 2894 1993 2957 8⁵
2016 2891 2357 2979 fugienda3
2382 2894 2684 2974 Secundo,
2712 2895 2787 2959 de
2819 2895 3099 2959 consiliis

155 2984 442 3069 privatis
464 2983 898 3059 oeconomiciS,
918 2983 1112 3048 etiam
1126 2982 1491 3046 nonnullius
1523 2981 1688 3046 circa
1711 2982 2019 3065 speciales
2044 2982 2552 3046 circumstantias
2580 2984 2626 3049 &
2650 2982 3101 3067 particularem

159 3071 610 3137 executionem
640 3071 880 3155 publici
917 3066 1711 3157 regiminis'Ecclesiastici
1749 3074 1863 3134 aut
1899 3069 2143 3154 politici
2180 3070 2350 3134 idem
2385 3072 2794 3135 statuendum
2826 3071 3101 3135 arbitra-

157 3184 348 3226 mur:
366 3162 545 3226 docet
566 3160 686 3224 hoc
700 3182 797 3224 ex.
823 3181 919 3245 gr.
947 3158 1280 3225 consilium
1304 3158 1489 3222 Pauli
1515 3160 1560 3225 81
1585 3158 1921 3222 Barnabae
1945 3158 2020 3223 de
2046 3160 2424 3224 assumendo
2450 3163 2703 3225 autnon
2724 3161 3100 3226 assumendo

158 3248 392 3315 Marco
429 3252 629 3315 Actor.
675 3250 774 3312 15.
803 3248 878 3313 de
903 3248 1260 3331 Euangelio
1285 3246 1700 3331 praedicando
1725 3246 1900 3329 prius
1925 3246 1989 3310 in
2023 3245 2199 3327 Asia,
2234 3269 2426 3330 quam
2458 3246 2962 3333 Hierosolymae,
2990 3252 3102 3313 aut

161 3338 436 3415 Romae,
469 3341 581 3401 aut
604 3336 794 3401 alibi:
835 3337 1172 3402 consilium
1195 3335 1459 3400 Davidis
1491 3336 1566 3399 de
1593 3335 1997 3418 exstirpando
2022 3334 2083 3399 N
2089 3335 2295 3415 abale,
2322 3335 2397 3400 de
2420 3338 2733 3419 parcendo
2759 3336 3099 3417 Absolone,

157 3428 246 3491 de
271 3426 432 3511 fuga
455 3426 535 3490 ad
557 3424 803 3510 Regem
825 3424 1024 3491 Achis
1050 3428 1096 3491 81
1120 3424 1196 3489 (10
1220 3423 1616 3507 expeditione
1641 3446 1785 3489 cum
1809 3423 1923 3487 illo
1948 3423 2378 3507 suscipienda3
2406 3425 2481 3488 de
2504 3426 2743 3509 templo
2762 3424 3100 3489 aedifican-

159 3516 271 3581 do.
307 3515 522 3580 Ter-tic.
550 3512 739 3578 Dicta
763 3514 808 3579 81
833 3535 1150 3579 sermones
1176 3512 1412 3598 quique
1435 3512 1730 3596 privatim
1761 3513 1806 3577 &
1829 3511 1898 3575 in
1916 3512 2232 3577 communi
2250 3513 2722 3577 conversatione
2740 3513 2814 3576 de
2836 3513 3103 3596 quibus-

159 3626 422 3687 cunque
461 3603 649 3667 rebus
687 3623 760 3667 ac
789 3602 1064 3688 negotiis
1103 3600 1595 3686 particularibus
1637 3598 2088 3665 OeconomiciS.
2124 3600 2432 3679 Ponticis,
2466 3600 2512 3665 &
2543 3599 2836 3675 βιωτικοῖς
2858 3600 3099 3679 habiti;

157 3693 301 3757 imo
325 3692 518 3757 etiam
543 3692 618 3755 de
643 3691 1120 3776 quaestionibus
1144 3689 1298 3754 facti
1320 3689 1804 3768 Ecclesiasticis,
1833 3692 1906 3753 ut
1928 3711 2055 3753 non
2080 3692 2261 3753 erant
2291 3689 2583 3754 absolute
2608 3688 2961 3753 authentici
2984 3712 3099 3755 au-

157 3780 514 3860 aientibus,
553 3779 640 3844 sis
679 3802 794 3843 nec
817 3779 1001 3844 nobis
1024 3778 1236 3845 forent
1260 3776 1631 3856 authentici,
1665 3776 1978 3859 siquidem
2004 3777 2339 3862 perscripti
2373 3780 2604 3841 essent.
2627 3775 2804 3840 Idem
2830 3778 2905 3842 de
2932 3778 3100 3862 ejus-

160 3870 319 3933 dem
349 3867 600 3953 generis
633 3866 884 3952 scriptis
922 3870 967 3934 81
1008 3866 1293 3951 epistolis
1324 3865 1758 3949 judicandum.
1789 3864 1891 3929 Ex
1930 3866 2218 3950 pauculis
2263 3866 2414 3946 illis,
2455 3886 2617 3949 quae
2654 3865 2893 3949 scripta
2930 3872 3100 3947 sunt,

160 3956 498 4022 considera
509 3956 693 4020 modo
710 3956 904 4019 verba
920 3956 1032 4020 illa
1050 3954 1309 4040 Moysis,
1329 3975 1490 4036 quae
1509 3954 1814 4019 effutiisse
1833 3954 2064 4019 dicitur
2083 3954 2259 4021 Psal.
2280 3954 2421 4017 106.
2440 3974 2599 4019 vers·
2621 3955 2726 4018 33.
2741 3954 3099 4020 Abrahami

159 4045 570 4111 mendacium
609 4045 822 4111 Genea.
842 4045 946 4108 20.
974 4046 1034 4109 2.
1062 4046 1108 4110 81
1137 4044 1237 4107 12.
1266 4045 1368 4107 12.
1394 4042 1442 4108 ἃ
1462 4043 1658 4109 verba
1681 4044 1738 4107 si
1761 4066 1925 4127 quae
1943 4042 2417 4107 commutabant
2432 4041 2673 4106 Paulus
2697 4044 2742 4108 81
2770 4042 3098 4108 Barnabas

160 4136 232 4199 in
257 4133 626 4211 παροξυσμοὶ)
655 4133 855 4199 Actor.
885 4134 987 4196 15.
1015 4155 1072 4198 v.
1101 4134 1208 4199 39.
1228 4133 1274 4198 &
1296 4132 1702 4197 temerarium
1731 4133 2161 4216 juramentum
2182 4128 2448 4195 Davidis
2472 4132 2529 4194 1.
2556 4130 2829 4197 Samuel.
2860 4132 2965 4197 25.
2994 4134 3098 4197 22.

162 4226 214 4289 a
255 4242 672 4305 quaecunque
709 4221 1046 4287 effutiebat
1084 4220 1253 4305 apud
1291 4242 1510 4306 regem
1537 4219 1735 4284 Achis
1766 4242 1902 4304 cap.
1931 4221 2035 4283 21.
2064 4220 2109 4285 81
2133 4220 2237 4285 27.
2272 4222 2317 4285 81
2344 4219 2449 4283 28.
2484 4220 2589 4283 62.
2625 4218 3101 4286 Maledictiones

159 4312 402 4396 quibus
428 4309 553 4374 diei
581 4309 936 4375 nativitatis
958 4310 1378 4376 maledicebat
1398 4308 1586 4375 Iobus
1607 4330 1741 4393 cap.
1768 4310 1829 4372 3.
1854 4310 1900 4375 81
1924 4306 2215 4392 Epistola
2234 4307 2511 4373 Davides
2536 4330 2663 4392 qua
2680 4306 2878 4373 Uriae
2900 4309 3099 4374 inter-

161 4401 334 4465 itum
357 4401 677 4483 procurat,
701 4400 748 4465 a
771 4399 828 4463 si
852 4421 1014 4483 quae
1038 4398 1140 4463 his
1164 4397 1421 4463 similia.
1449 4400 1706 4480 QuartO,
1730 4401 1931 4462 restat
1954 4417 2107 4481 ergo
2132 4396 2347 4461 omnia
2369 4396 2537 4462 dicta
2554 4419 2665 4461 seu
2684 4397 2921 4480 scripta
2938 4420 3099 4481 quae

161 4486 607 4574 dogmatizant
641 4488 690 4553 81
728 4488 1054 4553 instruunt
1091 4487 1418 4553 ecclesiam
1453 4486 1594 4566 Dei,
1636 4487 1863 4570 primo,
1903 4508 2017 4569 per
2041 4507 2129 4565 se,
2156 4488 2203 4553 &
2227 4486 2516 4551 absolute
2548 4507 2685 4551 esse
2708 4484 3097 4565 authentica,

1610 4576 1649 4637 2
2968 4574 3099 4637 sive
