3694 4871
732 297 2484 365 D1sp.111.D2JunnnrJusr11-1AD21.
3000 298 3086 361 39

130 485 452 570 Theologi
495 487 543 552 δι
589 483 1011 570 praeceptoris
1068 485 1267 549 nostri
1308 484 1415 548 Fr.
1444 482 1723 563 Gomari,
1748 484 2082 548 habebunt
2105 484 2272 548 forte
2303 484 2698 548 occasionem
2729 477 3072 542 accuratis-

134 575 330 639 simos
388 575 522 658 ejus
570 574 647 636 de
702 574 822 638 hac
875 573 1247 656 quaestione
1294 577 1632 657 conceptus
1657 595 1801 637 cum
1834 594 2080 657 cygnea
2113 572 2404 654 cantione
2428 572 2648 656 paucis
2673 564 2898 632 diebus
2933 571 3083 632 ante

132 663 385 726 obitum
438 663 517 726 ad
569 663 885 726 calamum
941 662 1181 726 dictata
1222 661 1586 746 evulgandi,
1613 662 1659 726 s
1691 660 1771 726 ab
1798 660 2200 745 impugnatio
2231 660 2394 726 libus
2418 684 2530 726 seu
2553 652 3081 724 insultationibus

134 751 471 836 cujusdam
502 750 820 830 malevoli,
846 751 900 815 si
928 751 1184 834 quidem
1210 750 1475 815 ulterius
1500 773 1568 814 se
1596 750 1841 834 prodat,
1869 748 2246 814 vindicandi.

1060 943 1209 1014 DE
1260 941 1876 1015 JUSTITIA
1928 939 2163 1014 DEI.

226 1106 291 1175 1.
344 1106 453 1171 Ad
476 1107 866 1172 voluntatem
902 1107 1025 1171 Dei
1048 1107 1413 1172 referuntur
1437 1106 1751 1171 attributa
1775 1105 2074 1190 duplicia..
2109 1106 2342 1173 Priora
2365 1109 2536 1186 sunt,
2562 1128 2726 1189 quae
2756 1106 3088 1192 analogice

137 1195 590 1279 concipiuntur
630 1196 709 1260 ad
748 1197 1005 1260 modum
1045 1196 1409 1271 affectuum,
1436 1199 1509 1259 ut
1532 1216 1729 1275 amor,
1756 1194 2191 1260 misericordia
2215 1197 2312 1261 &a
2342 1194 2704 1261 Posteriora
2726 1199 2896 1274 sunt,
2922 1218 3087 1279 quae

136 1284 583 1368 concipiuntur
608 1285 687 1348 ad
710 1286 967 1349 modum
990 1284 1351 1356 habituum,
1378 1288 1452 1348 ut
1473 1283 1749 1367 justitia,
1775 1283 2108 1367 patientia,
2136 1283 2591 1368 longanimitas
2615 1282 2714 1348 &a
2737 1281 2915 1348 Inter
2935 1285 3092 1350 haec

137 1373 395 1456 justitia
408 1373 1142 1456 aliquandojconcipitur,
1170 1377 1479 1456 tanquam
1502 1373 1705 1436 virtus
1722 1372 2121 1451 universaliS,
2139 1374 2184 1438 δι
2209 1371 2300 1438 sic
2322 1373 2490 1436 idem
2515 1373 2796 1456 estquod
2814 1373 3091 1453 bonitaS,

141 1461 471 1538 sauctitas,
498 1464 544 1527 a
568 1461 815 1544 puritas
842 1461 981 1526 Dei.
1004 1461 1365 1545 Aliquando
1388 1464 1695 1545 tanquam
1720 1461 1922 1525 virtus
1945 1460 2354 1544 particularis
2374 1483 2388 1537 ;
2415 1464 2608 1544 atque
2632 1461 2725 1525 ita
2749 1460 2854 1525 hic
2886 1461 3087 1526 sumi·

142 1555 245 1614 tur
268 1551 315 1616 St
339 1549 662 1628 definitur,
692 1549 891 1614 virtus
916 1550 1037 1614 Dei
1054 1551 1159 1634 jus
1181 1572 1369 1614 suum
1384 1549 1611 1633 cuique
1634 1549 1944 1613 tribuens
1963 1549 2208 1634 Estque
2227 1550 2326 1614 vel
2350 1549 2416 1612 in
2441 1548 2626 1614 dictis
2661 1549 2755 1613 vel
2785 1550 2853 1613 in
2876 1549 3088 1616 factiS.

146 1637 263 1702 llla
310 1643 413 1702 est
459 1660 601 1702 cum
626 1638 828 1702 oratio
854 1661 1182 1702 assensum
1206 1637 1569 1703 auditorum
1593 1637 1922 1720 requirens
1946 1638 1992 1702 a
2021 1641 2059 1702 a
2084 1637 2256 1702 nimo
2279 1637 2501 1722 ipsius,
2526 1640 2573 1703 a
2597 1641 2806 1702 rectae
2829 1638 3088 1719 rationi,

146 1727 189 1792 δι
212 1725 303 1790 rei
337 1730 763 1791 consentanea
792 1730 922 1792 est:
950 1728 1106 1791 adeo
1130 1731 1204 1790 ut
1225 1727 1293 1790 in
1322 1726 1641 1790 mandatis
1666 1726 1752 1790 sit
1775 1727 2160 1810 aequitas‚‚&
2184 1725 2732 1791 enuntiationibus
2759 1725 2893 1791 sive
2933 1727 3090 1812 dog-

148 1818 410 1892 matum,
436 1813 570 1879 sive
594 1816 1084 1898 promissionum
1110 1818 1221 1879 aut
1236 1815 1555 1879 minarum
1570 1814 1804 1883 veritas
1823 1837 1897 1878 ac
1910 1814 2243 1880 rec-titudo.
2262 1814 2440 1879 Haec
2445 1815 2700 1898 justitia
2720 1815 2917 1880 etiam
2934 1815 3089 1881 fides

148 1901 265 1967 Dei
296 1903 423 1967 dici
449 1903 613 1966 solet
630 1903 689 1967 2.
721 1905 983 1969 Timom.
1011 1905 1071 1968 2.
1092 1927 1146 1968 v,
1178 1905 1279 1967 13.
1300 1903 1347 1968 a
1384 1903 1655 1967 fidelitas
1682 1902 1866 1967 Hebr.
1898 1903 1998 1966 10.
2033 1925 2090 1967 v.
2126 1905 2228 1968 23.
2256 1903 2344 1966 Et
2368 1903 2488 1966 hac
2518 1903 2763 1968 ratione
2787 1903 2854 1966 in
2885 1903 3090 1970 Hebr.

150 1989 429 2074 Syriaca,
470 1991 746 2056 Arabica
784 1992 1009 2077 lingua
1046 1995 1379 2065 συνονύμως
1414 1994 1821 2073 usurpantur,
1855 1991 2132 2075 justitia,
2170 1991 2344 2070 fides,
2391 1991 2658 2068 veritas3
2685 1995 2758 2055 ut
2789 1991 2945 2057 alibi
2969 2014 3087 2076 per

150 2079 541 2144 occasionem
566 2080 957 2144 ostendimus
979 2083 1043 2144 in
1072 2081 1307 2163 desper.
1328 2096 1519 2144 causa
1546 2078 1860 2162 Papam-3.
1909 2079 2069 2144 Cum
2093 2103 2220 2164 quo
2244 2078 2537 2144 convenit
2571 2079 2824 2162 phrasis
2857 2101 3088 2165 graeca

154 2169 323 2233 flora.
344 2170 407 2232 3.
429 2189 484 2232 v.
506 2171 565 2231 3.
582 2171 644 2232 4.
659 2171 720 2232 5.
738 2169 831 2254 [p.
848 2169 1009 2254 358]
1031 2169 1090 2231 6.
1109 2169 1428 2234 ¹7.-laetitia
1444 2169 1515 2232 in
1528 2169 1710 2253 factis
1726 2171 1823 2232 est
1834 2169 2008 2232 mere
2024 2168 2430 2233 distributiva
2441 2167 2616 2252 (nam
2630 2169 3087 2233 commutativa

154 2255 313 2319 inter
331 2256 543 2320 Deum
562 2257 609 2322 St
624 2262 945 2321 creaturas
958 2257 1209 2340 proprie
1227 2257 1405 2321 nulla
1427 2261 1527 2321 est
1548 2257 1761 2322 Thom.
1782 2257 1838 2320 1.
1857 2279 1916 2342 q.
1932 2258 2036 2321 21.
2055 2279 2114 2322 a.
2142 2258 2226 2340 1.)
2241 2278 2368 2340 qua
2378 2279 2563 2321 suum
2581 2255 2829 2340 cuique,
2849 2260 2922 2321 ut
2939 2279 3088 2321 con-

154 2343 409 2408 veniens
434 2349 554 2424 est,
580 2345 925 2409 distribuit.
944 2345 1101 2430 Ejus
1126 2345 1227 2429 obj
1238 2348 1445 2409 ectum
1471 2347 1517 2410 8⁶
1540 2345 1802 2410 effectus
1836 2348 1934 2409 est
1951 2346 2057 2428 jus
2110 2345 2400 2419 δικαίωμα
2430 2368 2445 2422 ;
2471 2344 2788 2428 objectum
2820 2367 3089 2429 occupas

152 2433 281 2515 (qui
320 2434 367 2498 ἃ
399 2434 549 2497 finis
584 2434 713 2516 cai)
753 2439 851 2499 est
888 2438 1029 2498 tum
1066 2433 1243 2499 Deus
1274 2433 1432 2519 ipse,
1466 2456 1573 2497 seu
1601 2431 1723 2498 Dei
1748 2433 1988 2519 gloria:
2018 2438 2158 2498 tum
2181 2438 2492 2498 creatura.
2523 2433 2769 2518 Estque
2796 2434 2955 2500 haec
2979 2435 3092 2500 du-

156 2520 293 2603 plex
318 2522 419 2586 vel
453 2521 785 2607 regiminis
812 2526 951 2607 (seu
977 2523 1313 2587 creationis
1346 2544 1417 2586 ac
1442 2522 1927 2607 gubernationis
1951 2522 2458 2606 judicandorum)
2491 2522 2592 2586 vel
2609 2522 3092 2606 jurisdictionis,

154 2631 257 2673 seu
289 2610 538 2694 judicii.
571 2611 691 2676 II-la
714 2622 822 2690 est,
864 2634 991 2695 qua
1026 2634 1243 2675 omnes
1268 2633 1415 2675 suas
1442 2610 1719 2675 actiones
1743 2610 1811 2673 in
1842 2610 2161 2675 creatione
2185 2613 2231 2677 a
2262 2610 2726 2696 gubernatione
2750 2612 2830 2675 ad
2853 2612 3016 2696 juris
3044 2613 3092 2677 &1

156 2699 547 2763 rectitudinis
588 2722 739 2763 suae
760 2700 1070 2764 naturalis
1102 2721 1391 2764 normam
1422 2702 1670 2763 summa
1694 2699 2016 2783 aequitate
2041 2698 2324 2764 instituit
2347 2722 2420 2764 ac
2444 2698 2666 2785 dirigit
2692 2701 2863 2765 Psal.
2891 2702 2996 2764 33.
3028 2702 3089 2765 4.

156 2786 301 2851 adeo
332 2791 407 2851 ut
448 2810 651 2871 neque
684 2789 925 2871 peccati
956 2792 1068 2853 aut
1093 2787 1443 2872 injustitiae
1466 2788 1733 2871 alicujus
1758 2791 1945 2852 autor
1968 2787 2053 2852 sit
2072 2787 2276 2853 Jacob.
2314 2789 2370 2853 1.
2403 2789 2503 2851 13.
2550 2789 2608 2854 1.
2630 2788 2767 2854 Joh.
2799 2789 2856 2853 1.
2882 2788 2943 2852 5.
2977 2811 3090 2854 ne-

154 2895 271 2956 que
302 2874 665 2940 actionibus
688 2876 819 2940 suis
844 2876 1044 2940 ullam
1070 2874 1557 2941 declinationem
1584 2878 1621 2939 a
1645 2878 1817 2940 recto
1833 2877 2072 2960 &justo
2097 2876 2458 2941 admisceat.
2487 2878 2664 2943 Rom.
2692 2878 2752 2942 3.
2781 2877 2840 2941 5.
2867 2878 2926 2941 6.
2947 2876 3090 2941 coll.

158 2984 291 3027 cum
316 2964 523 3029 Jacob.
560 2964 617 3026 1.
649 2965 750 3028 17.
780 2964 820 3030 J
827 2966 1035 3030 astilia
1052 2965 1282 3048 judieii
1304 2976 1411 3041 est,
1438 2984 1600 3047 quae
1628 2965 1972 3030 secundum
1993 2986 2186 3048 opera
2209 2965 2560 3030 mercedem
2584 2965 2883 3030 retribuit
2910 2967 3090 3033 Rom.

161 3050 217 3113 2.
248 3052 307 3115 6.
352 3052 414 3115 7.
450 3056 511 3116 8.
548 3052 605 3115 9.
646 3054 749 3117 10.
783 3054 1005 3118 Jermn.
1051 3054 1150 3116 17.
1183 3053 1282 3117 10.
1311 3055 1371 3118 2.
1409 3052 1675 3119 Thessal.
1710 3056 1765 3116 1.
1794 3055 1853 3116 5.
1879 3052 2126 3137 Estque
2151 3052 2309 3118 haec
2332 3053 2566 3136 duplex
2593 3054 2691 3119 vel
2721 3076 3089 3119 remunera-

162 3138 283 3206 tiva
319 3164 435 3206 seu
481 3141 841 3224 praemians
890 3142 1231 3206 secundum
1263 3141 1615 3226 gratuitam
1662 3141 2144 3224 promissionem
2192 3162 2348 3226 erga
2368 3140 2532 3205 bene
2556 3146 2838 3227 agentes
2874 3144 2933 3207 2.
2985 3144 3089 3209 'st'-

164 3230 339 3293 mock.
388 3231 451 3291 4.
501 3229 561 3293 8.
616 3228 733 3294 Vel
780 3230 1123 3293 correctiva
1156 3250 1308 3315 erga
1332 3230 1500 3294 male
1526 3234 1811 3314 agenteS.
1845 3228 2051 3304 Quam
2079 3252 2296 3295 rursus
2327 3252 2662 3314 possumus
2695 3230 3090 3316 distinguere

162 3314 489 3398 tripliciter
524 3317 591 3381 in
633 3318 1038 3403 casciqanlem
1082 3341 1193 3383 seu
1226 3318 1661 3383 emendantem
1686 3339 1839 3402 erga
1869 3318 2034 3383 filios
2058 3319 2104 3383 δι
2130 3317 2368 3383 amicos
2392 3318 2577 3383 Hebr.
2613 3318 2712 3381 12.
2741 3318 2802 3382 5.
2837 3318 2896 3381 6.
2929 3318 2989 3382 7.
3027 3319 3088 3383 8.

164 3402 218 3464 9.
248 3406 341 3467 10.
376 3405 477 3469 11.
502 3403 573 3469 In
598 3419 1107 3491 praeparantem,
1134 3429 1326 3491 quam
1351 3408 1396 3472 δι
1419 3407 1852 3470 retrahentem
1875 3428 1949 3471 ac
1972 3407 2424 3490 reprimentem
2449 3406 2656 3471 dicere
2682 3406 2906 3483 liceat;
2933 3428 3088 3491 erga

164 3490 380 3557 electos
413 3494 691 3558 nondum
730 3517 1081 3572 conversos,
1129 3496 1261 3559 sive
1292 3497 1533 3558 remote
1558 3495 1693 3559 sive
1716 3495 2002 3577 proxime
2027 3494 2233 3578 &ipso
2259 3494 2525 3558 instanti
2556 3498 2704 3559 ante
2729 3494 3087 3559 conversio-

166 3600 295 3643 nem
318 3584 444 3647 Λα.
471 3582 532 3645 9.
553 3584 611 3645 3.
640 3583 700 3644 4.
728 3605 855 3666 quo
876 3582 1103 3648 referri
1128 3588 1337 3667 potest
1355 3582 1467 3649 Ps.
1495 3582 1598 3646 83.
1632 3583 1733 3646 17.
1758 3581 2052 3666 Denique
2075 3583 2140 3646 in
2165 3583 2584 3648 vindicantem
2595 3605 2706 3646 seu
2731 3582 3090 3667 punitivam

164 3670 402 3753 proprie
427 3672 473 3736 s
496 3670 713 3735 stricte
741 3670 832 3735 sic
860 3671 1117 3749 dictam,
1133 3694 1327 3755 quam
1346 3674 1595 3735 exercet
1612 3692 1765 3754 erga
1790 3671 2113 3753 reprobos
2139 3672 2458 3755 Adsum-ta
2475 3692 2587 3735 seu
2609 3670 2870 3754 propria
2894 3670 3085 3755 hujus

161 3754 431 3833 justitiae
452 3758 781 3841 punitivae
810 3764 980 3839 sunt,
1012 3761 1071 3823 1.
1096 3760 1263 3843 quod
1288 3759 1423 3823 Deo
1450 3759 1536 3822 sit
1560 3758 1916 3823 essentialis
1941 3761 1987 3825 s
2012 3758 2365 3824 necessaria
2390 3758 2730 3843 (quomodo
2755 3762 2802 3825 81,
2841 3759 3088 3841 reliqua

170 3840 273 3907 Dei
302 3846 641 3929 attributa)
669 3850 861 3931 atque
884 3849 1039 3912 adeo
1062 3848 1321 3912 realiter
1342 3848 1510 3911 idem
1536 3848 1621 3911 sit
1644 3870 1789 3912 cum
1820 3845 1978 3911 Deo.
2037 3848 2097 3912 2.
2126 3846 2305 3922 Quod
2330 3850 2782 3929 consequenter
2807 3869 2932 3910 non
2974 3847 3084 3911 de-

174 3934 425 4011 pendeat
446 3937 487 3999 a
508 3934 711 3999 libera
734 3933 858 3999 Dei
882 3936 1209 4000 voluntate
1229 3958 1243 3999 :
1263 3936 1449 4019 quasi
1472 3936 1604 4001 scil.
1633 3938 1801 4000 esset
1832 3934 2128 4000 effectum
2153 3934 2413 4019 aliquod
2444 3934 2790 3999 voluntatis
2815 3934 3087 4000 divinae.

170 4018 224 4081 3.
264 4020 441 4097 Quod
488 4022 573 4087 sit
604 4022 989 4088 attributum
1020 4024 1393 4089 relativum:
1422 4024 1488 4101 St,
1516 4024 1679 4107 quod
1714 4024 1793 4087 ad
1816 4046 2144 4107 egressum
2177 4024 2298 4101 sui,
2325 4021 2844 4107 hypotheticum:
2880 4046 3087 4107 neque

174 4107 321 4173 enim
366 4111 431 4173 in
457 4115 667 4175 actum
694 4112 846 4191 exit,
872 4111 995 4177 nisi
1019 4112 1227 4195 posita
1250 4116 1540 4177 creatura
1564 4112 1823 4196 ejusque
1849 4116 2136 4196 peccato:
2167 4111 2326 4175 haut
2349 4110 2538 4175 aliter
2562 4132 2635 4175 ac
2659 4110 3090 4177 misericordia

172 4198 409 4280 respicit
432 4199 754 4263 miseriam
777 4204 1125 4275 creaturae,
1151 4202 1253 4265 vel
1285 4201 1619 4279 actualem,
1654 4201 1754 4265 vel
1777 4200 2064 4264 futuram
2093 4200 2190 4263 vel
2215 4198 2603 4283 possibilem.
2645 4199 2710 4264 4.
2737 4198 2916 4275 Quod
2940 4222 3087 4265 nor-

172 4302 324 4351 mam
367 4288 413 4353 ἃ
444 4308 807 4352 mensuram
854 4294 1181 4353 externam
1228 4289 1473 4354 nullam
1497 4288 1755 4368 habeat,
1781 4288 1892 4353 sed
1915 4288 2118 4353 solum
2147 4288 2565 4352 intrinsecum
2589 4288 2937 4364 dominum,
2956 4289 3082 4374 jue,

174 4370 215 4435 ἃ
234 4378 603 4455 potestatem
624 4374 767 4442 Dei:
794 4376 1072 4443 breviter
1094 4378 1303 4443 Deum
1320 4378 1549 4462 ipsum,
1576 4399 1687 4441 ens
1710 4378 1758 4442 a
1782 4398 1980 4462 agens
2005 4376 2305 4461 primum,
2331 4374 2886 4461 perfectissimum.
2913 4376 3082 4442 Hinc

2893 4465 3088 4529 etiam

3653 4674 3656 4731 l
