3694 4871
592 225 676 289 56
1190 221 1816 288 1)13Ρ.ῙΙῙ.Ῑ)Ε
1862 224 2091 288 «1111111
2135 247 2230 290 111·
2276 226 2705 292 «1113111111
2752 226 2946 292 Dal.

595 414 655 477 1.
681 410 782 477 0111
809 433 936 476 11011
953 410 1286 494 subjicitur
1317 411 1530 475 divina
1553 411 1852 488 essentia,
1876 411 2027 494 quia
2052 417 2149 476 est
2171 413 2314 496 ipsa
2337 414 2460 478 lex.
2500 415 2635 480 [bid
2657 415 2833 480 artic.
2868 415 2931 480 4.
2960 415 3082 478 Est
3106 415 3301 480 etiam
3320 415 3393 479 in
3416 413 3542 480 Deo

591 502 753 578 idea,
773 523 934 584 quae
951 500 1148 564 habet
1169 500 1504 578 rationem,
1531 501 1707 568 artis.
1735 503 1781 566 81
1807 523 1983 564 exem
1992 501 2207 584 plaris‚
2236 505 2280 568 81
2307 503 2607 587 principii
2622 502 3063 587 operationum
3081 502 3204 568 Dei
3222 505 3305 567 ad
3324 507 3539 568 extra:

593 591 687 656 uti
711 591 936 654 docent
957 589 1314 654 Scholastiei
1335 590 1422 654 ad
1448 590 1503 652 1.
1532 611 1636 674 qu.
1669 589 1770 652 15.
1804 590 1981 654 artic.
2013 591 2069 653 1.
2098 591 2159 654 2.
2188 593 2247 654 3.
2276 594 2321 657 &
2345 593 2547 656 nostri
2578 592 2861 674 theologi
2886 615 3029 656 cum
3056 593 3241 675 ipsis:
3276 614 3541 675 quorum

593 680 840 762 aliquos
880 677 1232 742 indicamus
1271 678 1338 743 in
1377 679 1540 761 disp.
1574 678 1649 742 de
1679 679 1935 742 seientia
1961 680 2096 743 Dei.
2124 679 2192 743 Si
2218 703 2369 764 ergo
2404 681 2725 745 volitionis
2758 682 3010 746 divinae
3042 683 3089 746 &
3116 681 3363 766 legum,
3398 703 3541 763 quas

591 769 720 833 fert
735 768 1063 845 creaturiS,
1091 770 1136 833 81
1161 767 1604 850 operationum
1630 770 2033 830 externarum
2062 769 2227 832 circa
2249 774 2626 848 creaturam,
2659 769 2877 852 aliqua
2899 769 3145 853 regula,
3162 770 3540 848 norma‚lex,

593 857 989 939 Principium
1024 855 1088 919 in
1129 854 1266 920 Deo
1312 859 1590 939 ponatur
1629 859 1978 930 &serpen-<2³9
2012 857 2193 941 [pag.
2222 856 2383 942 380]
2410 863 2759 941 acceptum,
2786 859 3007 940 utique
3034 857 3301 922 minime
3330 859 3539 922 evertit

595 945 719 1010 Dei
743 945 1084 1009 essentiam
1109 946 1156 1010 a
1179 946 1572 1008 voluntatem
1588 944 1863 1027 primam
1882 944 2384 1028 indepedentem,
2404 947 2682 1025 ἄνκρχον.
2710 945 2851 1011 Ηο0
2866 947 3079 1029 ipsum
3103 947 3163 1010 1.
3176 959 3351 1030 part.
3370 947 3539 1030 hujus

599 1036 760 1118 disp.
803 1035 972 1098 thesi.
1027 1034 1090 1099 4.
1125 1057 1202 1098 ex
1255 1035 1546 1117 Caietano
1581 1033 1991 1098 ostendimus.
2042 1034 2128 1097 Et
2170 1034 2393 1098 docent
2419 1037 2839 1098 communiter
2864 1034 3150 1120 theologi
3176 1036 3387 1099 nostri
3416 1058 3539 1100 cum

601 1123 1030 1200 Scholasticis,
1059 1122 1169 1185 ubi
1195 1122 1524 1206 disputant
1539 1121 1889 1186 voluntatis
1914 1121 2164 1186 divinae
2188 1145 2445 1187 causam
2469 1147 2605 1186 esse
2630 1124 3029 1188 voluntatem
3046 1124 3357 1200 divinam,
3374 1125 3439 1188 in
3454 1147 3538 1187 or·

601 1213 746 1276 dine
771 1212 1012 1276 scilicet
1037 1213 1116 1275 ad
1141 1212 1359 1288 volita,
1386 1213 1431 1277 81
1459 1210 1625 1294 quod
1642 1211 1721 1274 ad
1741 1211 2193 1294 attingentiam
2212 1212 2553 1295 passivam.
2570 1212 2673 1275 11.
2698 1211 2801 1276 Ad
2808 1214 3093 1296 priorem
3110 1213 3537 1296 probationem

601 1301 864 1365 minoris
918 1302 1214 1386 respond.
1261 1300 1557 1364 voluntas
1606 1299 1893 1363 mandati
1940 1301 2189 1383 proprie
2246 1304 2285 1364 a
2308 1299 2653 1385 Theologis
2696 1301 2930 1365 dicitur
2953 1302 3251 1386 regulare
3275 1306 3539 1366 nostram

604 1392 997 1454 voluntatem
1024 1393 1400 1472 nostrasque
1426 1389 1704 1453 actiones
1737 1389 1783 1452 &
1807 1389 1875 1451 in
1900 1388 2117 1452 ordine
2144 1390 2225 1452 ad
2256 1411 2391 1465 1103,
2418 1391 2464 1454 81
2496 1390 2586 1455 310
2616 1390 2794 1454 1111110
2816 1391 3007 1454 1110ἀο
3034 1391 3390 1475 regulatur.
3436 1389 3539 1453 Sed

603 1480 744 1543 ideo
775 1501 901 1544 non
946 1482 1284 1562 repugnat,
1319 1479 1582 1542 eandem
1628 1481 2061 1560 comparatam
2100 1500 2243 1542 cum
2268 1479 2596 1543 voluntate
2620 1479 3026 1562 beneplaciti,
3054 1480 3231 1562 cujus
3266 1481 3541 1543 effectum

605 1572 726 1646 est,
775 1567 1056 1652 regulari
1105 1567 1184 1631 ab
1236 1571 1310 1630 ea
1353 1571 1661 1650 tanquam
1709 1588 1950 1631 norma.
1984 1565 2258 1630 Rursum
2286 1568 2583 1630 voluntas
2606 1568 2994 1650 beneplaciti
3024 1591 3137 1631 seu
3166 1569 3421 1632 decreta
3440 1565 3541 1630 Dei

609 1660 758 1721 sunt
781 1656 1005 1740 regula
1029 1657 1334 1733 mandati,
1362 1656 1557 1720 immo
1583 1657 1629 1720 81
1654 1655 1937 1718 omnium
1966 1659 2367 1719 externorum
2392 1655 2516 1720 Dei
2538 1679 2829 1738 operum:
2855 1679 2973 1720 nec
2996 1660 3211 1720 tamen
3246 1659 3545 1740 repugnat

608 1744 944 1809 volitiones
990 1748 1036 1810 81
1084 1747 1332 1810 decreta
1378 1744 1492 1808 illa
1523 1744 1806 1828 regulari¹
1833 1747 2208 1828 (θεοπρεπῶς
2237 1743 2357 1808 1100
2381 1745 2693 1829 intellige)
2728 1749 2765 1808 a
2790 1745 2999 1828 prima-
3022 1745 3068 1807 &
3100 1744 3541 1828 perfectissima

609 1833 732 1898 Dei
779 1835 1055 1898 essentia
1103 1856 1217 1917 per
1253 1834 1431 1897 varia
1463 1833 1795 1904 attributa,
1821 1832 2213 1915 primitatem
2240 1833 2396 1912 scih,
2424 1834 2922 1916 simplicitatem,
2948 1833 3542 1904 immutabilitatem,

611 1923 1056 1988 aeternitatem
1083 1925 1184 1989 810.
1208 1923 1392 1986 nobis
1417 1923 1484 1986 in
1508 1923 1701 1985 verbo
1725 1920 1844 1985 Dei
1874 1919 2285 1984 manifestata
2312 1945 2385 1985 ac
2410 1923 2722 2005 descripta
2748 1945 2761 1985 :
2790 1923 2885 1986 ita
2910 1927 2981 1986 ut
3014 1923 3363 1986 secundum
3386 1922 3539 1985 illam

611 2016 658 2079 81
683 2035 810 2077 11011
835 2012 1023 2076 aliter
1055 2011 1228 2076 Deus
1254 2011 1412 2075 velit
1442 2013 1487 2077 81
1512 2011 1827 2089 decernat,
1876 2009 2181 2092 quidquid
2214 2010 2377 2074 velle
2403 2015 2515 2074 aut
2538 2011 2870 2074 decernere
2895 2014 3109 2093 potest
3132 2011 3210 2074 de
3234 2009 3545 2085 creaturis,

613 2105 659 2168 81
691 2102 857 2166 circa
888 2105 1232 2165 creaturas.
1271 2101 1369 2164 Ad
1415 2101 1817 2184 posteriorem
1863 2098 2045 2181 prob.
2100 2100 2169 2164 R.
2219 2097 2423 2163 Omne
2463 2100 2762 2184 regulans
2784 2101 2825 2162 a
2848 2121 2965 2163 suo
2990 2099 3285 2184 regulato
3308 2098 3543 2162 realiter

613 2191 865 2254 differre
916 2195 1220 2272 tanquam
1273 2211 1528 2253 causam
1575 2191 1620 2254 &
1652 2188 1969 2264 effectum,
2016 2189 2159 2270 Neq.
2208 2187 2284 2252 In
2323 2188 2553 2252 divinis
2600 2188 2883 2272 operatio
2910 2188 3115 2271 patris
3140 2189 3219 2251 ad
3242 2192 3444 2264 extra,
3464 2189 3541 2250 aet

614 2280 838 2363 regula
870 2281 917 2343 81
947 2278 1272 2361 exemplar
1310 2277 1694 2360 operationis
1729 2275 1881 2339 Filii
1929 2275 2068 2341 Joh.
2106 2277 2164 2340 5.
2192 2300 2248 2340 v.
2283 2277 2382 2338 17.
2414 2278 2513 2339 19.
2554 2276 2684 2340 Νο0
2717 2281 2935 2340 tamen
2962 2276 3151 2360 hujus
3176 2276 3459 2360 operatio
3478 2273 3543 2336 ab

616 2368 790 2432 illius
821 2367 1083 2431 realiter
1127 2367 1360 2445 differt,
1397 2371 1702 2449 tanquam
1721 2387 1911 2428 causa
1936 2364 2018 2427 ab
2044 2365 2292 2430 effectu.
2326 2364 2493 2440 Quin
2520 2368 2565 2431 8z
2595 2387 2865 2449 persona
2895 2367 3101 2449 patris
3126 2369 3223 2430 est
3245 2363 3543 2448 exemplar

618 2458 664 2522 81
685 2457 804 2520 filii
827 2461 926 2520 est
951 2454 1238 2519 ἓικὼνθοί.
1273 2458 1328 2519 1.
1355 2455 1402 2518 a
1423 2455 1530 2518 hic
1553 2454 1726 2518 1111113
1739 2458 1836 2518 est
1847 2454 2176 2518 character
2190 2454 2369 2519 llebr.
2388 2458 2447 2518 1.
2468 2454 2613 2519 Non
2625 2459 2841 2519 tamen
2854 2456 3145 2537 sequitur
3156 2455 3259 2518 hic
3270 2474 3543 2518 essecau-

617 2569 755 2611 sam
801 2546 848 2609 81
880 2545 1209 2608 effectum:
1261 2544 1546 2627 quamvis
1571 2566 1698 2607 non
1728 2564 2034 2627 negemus
2063 2566 2279 2607 revera
2304 2544 2575 2607 differre.
2606 2542 2885 2607 Rursum
2912 2544 3200 2626 potentia
3224 2539 3544 2627 generandi

617 2636 686 2698 in
710 2638 890 2716 patre
923 2638 1020 2696 est
1045 2632 1424 2716 principium
1449 2656 1595 2717 quc,
1621 2655 1734 2696 seu
1758 2630 2102 2695 secundum
2134 2634 2300 2715 quod
2331 2636 2596 2716 generat
2620 2633 2823 2695 filium
2856 2654 2871 2695 :
2897 2654 3015 2696 nec
3045 2636 3259 2696 tamen
3282 2630 3363 2689 ‘ro‘
3378 2651 3544 2716 gene-

617 2728 757 2787 tare
797 2726 836 2785 a
865 2722 1149 2805 potentia
1173 2722 1518 2806 generandi
1541 2721 1800 2785 realiter
1823 2720 2037 2783 differt
2060 2725 2365 2804 tanquam
2388 2722 2685 2785 effectum
2711 2724 2749 2783 a
2772 2743 2980 2785 causa.
3018 2720 3293 2803 Spiritus
3318 2722 3543 2784 sanctus

621 2812 818 2876 sumit
865 2814 902 2873 a
945 2811 1098 2888 filio,
1145 2812 1192 2875 81
1233 2812 1312 2874 ab
1355 2811 1467 2875 illo
1493 2811 1734 2875 revelat
1765 2832 1838 2873 ac
1864 2809 2146 2891 loquitur
2169 2811 2303 2874 Joh.
2334 2812 2437 2874 16.
2470 2831 2525 2873 v.
2560 2811 2661 2873 13.
2694 2812 2794 2873 14.
2828 2811 2931 2872 15.
2958 2808 3097 2873 Nec
3122 2814 3339 2872 tamen
3364 2809 3543 2871 10011111

621 2900 729 2963 1110
773 2900 970 2963 habet
1015 2922 1206 2965 causa
1259 2902 1306 2965 8⁶
1352 2900 1632 2964 effectus
1682 2898 1998 2982 Egressus
2046 2898 2091 2962 &
2126 2903 2303 2963 actus
2330 2898 2781 2962 attributorum
2808 2898 3069 2962 secundi
3102 2898 3356 2983 generis
3387 2898 3543 2981 (puta

623 2988 944 3059 scientiae,
984 2988 1351 3066 voluntatis,
1385 2988 1694 3071 justitiae,
1724 2986 2210 3059 misericordiae,
2237 2988 2621 3065 veracitatiS,
2654 2988 3005 3069 potentiae)
3032 2986 3201 3051 circa
3230 2989 3544 3055 creaturas,

623 3077 1001 3160 regulantur
1045 3078 1386 3141 secundum
1433 3076 1757 3139 modulum
1801 3074 1849 3139 81
1890 3074 2343 3157 perfectionem
2375 3076 2829 3139 attributorum
2856 3075 3047 3157 primi
3074 3075 3363 3159 generis:
3388 3073 3469 3137 ita
3490 3072 3545 3133 ut

625 3165 800 3230 Deus
825 3164 1224 3247 simplicitur,
1249 3165 1764 3248 independenter,
1789 3164 2277 3229 immutabiliter
2299 3165 2625 3250 intelligat
2650 3168 2762 3227 aut
2782 3164 2961 3229 velit.
2988 3162 3127 3227 Nec
3149 3168 3363 3227 tamen
3384 3159 3543 3225 attri-

625 3256 782 3319 buta
835 3250 1027 3337 primi
1071 3256 1116 3319 &
1156 3254 1410 3319 secundi
1435 3253 1688 3338 generis
1711 3254 1883 3316 inter
1912 3275 1979 3316 se
2012 3253 2311 3317 differunt
2342 3254 2619 3317 realiter.
2648 3252 2731 3317 II.
2758 3250 3079 3317 Instantia
3110 3253 3260 3317 haec
3279 3256 3546 3339 firmatur

625 3344 904 3431 sequenti
943 3342 1206 3427 Except.
1242 3364 1352 3407 sea
1389 3341 1706 3424 Prolepsi:
1753 3343 1873 3408 Nec
1896 3343 2261 3426 responderi
2285 3354 2501 3425 polest,
2538 3345 2743 3407 Deum
2767 3364 2896 3406 esse
2918 3342 3250 3424 suiipsius
3274 3340 3545 3425 reyulnm.

633 3436 1083 3517 Praeterquam
1116 3433 1284 3496 enim
1319 3432 1490 3517 quod
1529 3430 1786 3516 phrasis
1825 3432 2099 3496 insolens
2130 3432 2209 3495 sit
2227 3454 2245 3491 :
2278 3432 2452 3497 Deus
2477 3432 2685 3496 Deum
2710 3434 2971 3515 reyulat.
2998 3430 3111 3496 hoc
3132 3431 3375 3502 aceedit,
3406 3423 3547 3513 quod

627 3522 726 3587 hic
769 3523 1048 3607 quaestio
1095 3522 1193 3599 sit,
1233 3542 1365 3585 non
1410 3541 1499 3583 an
1527 3520 1770 3605 aliqu-id
1800 3521 1870 3583 in
1911 3522 2040 3584 Deo
2063 3521 2161 3599 sit,
2192 3521 2362 3605 quod
2391 3521 2599 3586 Deam
2622 3523 2868 3603 reyulel,
2896 3520 3003 3584 sed
3026 3541 3115 3583 an-
3137 3519 3379 3605 aliqu-id
3398 3526 3543 3580 extra
3646 3532 3648 3545 ²

633 3614 839 3676 Deam
888 3613 1005 3675 tale
1045 3611 1141 3674 sit.
1180 3610 1318 3674 Ideo
1359 3610 1602 3692 frustra
1649 3608 2125 3691 respondebitur
2146 3610 2316 3694 quod
2338 3620 2651 3673 momenta
2681 3606 2744 3673 ἃ·
2770 3613 2955 3693 siyna
2979 3610 3245 3673 rationis
3264 3627 3431 3691 posse
3448 3601 3543 3667 ad-

632 3700 794 3763 mini
838 3700 908 3762 in
956 3700 1084 3764 Deo
1131 3700 1430 3783 reyulans
1459 3696 1522 3760 a
1552 3716 1655 3779 req
1666 3699 1925 3761 alatum..
1966 3697 2311 3779 Quaeritur
2332 3718 2404 3761 en
2413 3698 2501 3761 im
2526 3698 2623 3761 hic
2644 3698 2718 3761 cle
2742 3700 3063 3782 reyu-Iante
3084 3698 3413 3762 extrinseco
3440 3710 3544 3755 non

631 3789 982 3853 intrinseco.
1005 3790 1176 3864 Item,
1190 3788 1246 3851 si
1268 3787 1526 3863 dicetur,
1552 3785 1714 3849 illu-d
1735 3786 2151 3849 eaetrinseeam
2172 3796 2259 3870 (v.
2282 3807 2378 3871 9r.
2391 3788 2563 3870 juste
2570 3787 2801 3870 jurare
2830 3784 2976 3861 ecc.)
3000 3787 3270 3869 pendere
3289 3787 3325 3849 ὰ
3343 3794 3542 3847 natu-m

638 3877 774 3953 Dei,
823 3888 954 3940 tum
1003 3876 1454 3959 respondemus
1501 3875 1613 3938 hoe
1657 3894 1783 3938 esse
1806 3885 2023 3950 tota-m,
2057 3875 2228 3959 quod
2249 3886 2535 3958 περαίαν,
2568 3876 2841 3959 adeoque
2870 3895 2997 3939 esse
3024 3876 3372 3958 petitionem
3389 3869 3542 3955 prin-

636 3964 802 4047 cipii.
855 3966 1028 4046 Hesp.
1077 3962 1129 4028 Ι.
1177 3962 1326 4027 Νο11
1375 3968 1471 4027 est
1519 3962 1768 4045 phrasis
1808 3966 1939 4026 tam
1970 3962 2273 4027 insolens:
2302 3964 2356 4026 si
2380 3986 2524 4027 cum
2548 3963 2661 4026 illa
2686 3963 3044 4046 complures
3068 3963 3230 4026 alias
3260 3975 3543 4043 compares

641 4052 821 4137 [pag.
850 4052 1012 4135 381]
1040 4073 1200 4133 quae
1225 4052 1290 4115 in
1317 4052 1630 4135 scriptura
1654 4054 2011 4129 occurrunt,
2040 4074 2196 4133 quas
2212 4056 2554 4124 θεοπρεπῶς
2576 4051 2972 4134 accipiendas
2987 4051 3297 4114 novimu-S.
3324 4048 3409 4114 Ut
3426 4062 3539 4109 cum
3646 4070 3648 4117 ἕ

640 4138 815 4202 Deus
839 4138 1069 4201 dicitur
1084 4140 1354 4219 judicari
1380 4141 1554 4205 Rom.
1587 4140 1646 4202 3.
1674 4161 1889 4202 secum
1913 4140 2093 4222 quasi
2119 4139 2346 4203 luctari
2370 4141 2417 4204 81
2440 4139 2815 4204 contendere
2850 4142 3071 4203 Hosea.
3110 4141 3211 4203 11.
3236 4137 3541 4201 deliberare
3646 4146 3648 4157 ²

646 4228 690 4290 &
716 4225 1040 4288 consulere
1059 4226 1275 4307 Ephes,
1303 4230 1364 4290 2.
1391 4230 1452 4290 2.
1484 4228 1623 4309 Req.
1645 4228 1749 4289 22.
1777 4225 1938 4291 Cum
1958 4229 2132 4311 jurat
2158 4250 2271 4311 per
2294 4228 2571 4311 seipsum
2596 4230 2642 4293 81
2666 4251 2778 4311 per
2801 4228 3085 4291 animam
3108 4250 3285 4291 suam
3313 4224 3476 4291 Hebr.
3495 4220 3537 4279 6.
3645 4256 3648 4301 2

647 4312 758 4375 ubi
804 4311 1254 4396 distinguimus
1307 4315 1521 4397 aliquo
1559 4314 1744 4378 modo
1779 4316 2066 4399 (minime
2098 4320 2311 4380 tamen
2338 4316 2619 4399 realiter)
2644 4318 2989 4400 jurantem,
3016 4318 3063 4381 &
3094 4338 3239 4379 eum
3261 4335 3371 4398 per
3390 4326 3539 4394 quem
3646 4302 3648 4335 ¹

3403 4397 3543 4483 jurat
3646 4408 3648 4417 ²

3645 4542 3648 4577 Ι
