3694 4871
669 320 792 386 108
1107 320 1532 385 Drsr.IV.
1605 318 2539 387 DstcsssrrArsn‘r
2598 318 3153 387 Urinirnrh*

663 511 978 572 sectarum
1011 506 1156 571 ibid.
1187 529 1253 592 p.
1285 506 1432 570 178.
1458 506 1773 589 inserunt)
1807 530 1881 571 ac
1907 530 2021 591 pro
2045 506 2177 571 illis
2199 505 2565 571 libertatem
2600 506 2831 591 agendi
2862 529 3010 571 suos
3034 511 3375 572 conventus
3396 512 3560 591 augus

665 595 819 660 adeo
847 595 1140 660 haereses
1173 618 1246 660 ac
1273 594 1704 679 blasphemias
1736 618 1883 661 suas
1912 596 2163 679 publice
2189 595 2531 679 spargendi
2556 596 2856 659 conclude
2880 595 2947 659 in
2974 596 3182 680 figura
3208 598 3253 661 ἃ
3274 597 3465 660 modo.

1306 726 2989 859 Consectarium.

759 952 936 1017 Haec
981 973 1122 1016 cum
1175 974 1290 1035 pro
1337 954 1628 1031 veritate,
1662 953 2060 1030 necessitate,
2112 952 2393 1016 utilitate
2441 952 2632 1037 hujus
2664 952 2966 1015 adorandi
2992 953 3285 1036 mysterii
3308 953 3559 1029 dicimus,

668 1040 1024 1120 scribimus,
1050 1042 1442 1124 profitemur,
1462 1041 1720 1125 insuper
1732 1042 2127 1106 adversarios
2148 1064 2366 1105 omnes
2391 1044 2665 1124 apertos,
2684 1040 3102 1105 clancularios
3126 1062 3559 1125 oppugnamus

671 1151 1012 1212 eorumque
1043 1128 1342 1213 profanos
1367 1152 1686 1195 sermones
1711 1131 1930 1214 procul
1960 1131 2271 1195 habemus
2295 1131 2341 1194 a
2372 1151 2611 1206 omneS‚
2638 1129 2969 1193 reformati
2992 1129 3351 1203 nobiscum;
3378 1129 3561 1213 utique

669 1238 917 1283 cessare
949 1218 1252 1282 deberent
1275 1218 1626 1283 horrendae
1658 1218 1810 1283 illae
1835 1219 2212 1289 calumniae.
2238 1218 2469 1301 quibus
2494 1218 2712 1281 eodem
2736 1240 2928 1281 censu
2958 1218 3188 1301 religio
3212 1224 3425 1282 nostra
3446 1240 3559 1282 cum

669 1306 1041 1371 haeresibus
1075 1304 1614 1371 anti-Trinitariis
1654 1308 1931 1371 habetur
1958 1320 2095 1372 tum
2122 1311 2159 1370 a
2181 1306 2549 1389 Theologis,
2585 1318 2721 1371 lum
2749 1310 2787 1369 Ξι
2808 1305 2850 1371 J
2856 1306 3297 1370 urisconsultis
3330 1306 3559 1390 Papali-

667 1395 808 1459 bus.
852 1393 1028 1459 Inter
1064 1393 1425 1476 Theologos
1448 1396 1823 1479 praeluxere
1850 1399 2143 1480 apostata
2180 1396 2549 1480 Staphylus,
2584 1396 2937 1473 Lindanus‘,
2976 1397 3325 1470 Ρναιεοιιιε,
3353 1396 3561 1461 Bellor-

668 1485 888 1549 minus
917 1484 1162 1549 Coccius
1185 1484 1256 1548 in
1293 1484 1608 1549 Thesauro
1633 1485 1731 1549 lib.
1766 1486 1819 1548 1.
1845 1497 1965 1549 art.
1994 1485 2053 1547 4.
2081 1506 2159 1548 ex
2183 1484 2415 1568 quibus
2448 1483 2679 1567 reliqui
2700 1483 2932 1547 fratres
2962 1484 3337 1569 ignorantes
3358 1484 3561 1567 absque

671 1572 961 1637 examine
1007 1572 1463 1636 transcribunt.
1513 1572 1638 1637 Sed
1685 1573 1815 1637 illis
1850 1576 1888 1637 a
1918 1572 2139 1636 multis
2184 1594 2579 1656 responsum,
2628 1572 3005 1655 praesertim
3036 1572 3117 1635 ab
3151 1571 3562 1657 Antagonistis

671 1659 1071 1738 Bellarmini‚
1101 1661 1290 1726 lunio
1317 1662 1642 1727 Chamiero
1674 1660 1787 1726 ἂι).
1813 1660 2058 1736 Quibus
2083 1660 2350 1725 addendi
2370 1660 2618 1726 Pare-us
2637 1661 2706 1724 in
2735 1660 2992 1725 Calvino
3013 1660 3377 1726 orthodoxo.
3396 1662 3561 1725 Accu-

669 1752 807 1812 rate
832 1749 1024 1812 etiam
1059 1751 1104 1814 a
1136 1770 1214 1812 ex
1243 1749 1529 1832 professo
1551 1750 1672 1814 hoc
1694 1750 2075 1833 praestitum
2109 1752 2147 1812 a
2177 1749 2410 1813 nostris
2432 1749 2500 1812 in
2523 1749 2860 1813 collatione
2884 1748 3262 1832 Tyranensi,
3294 1750 3357 1814 in
3382 1747 3563 1813 Rhae-

669 1835 764 1901 tia
788 1858 954 1901 anno
982 1837 1171 1900 1595.
1205 1838 1394 1902 1596.
1429 1837 1756 1913 Quaerant
1779 1838 1967 1903 modo
1992 1838 2072 1902 ab
2099 1836 2670 1902 Anti-Trinitariis
2695 1840 2872 1901 utros
2904 1835 3212 1902 Doctores
3234 1837 3510 1902 fortiores
3526 1838 3563 1902 ἃ

673 1924 935 1989 factioni
959 1948 1111 1990 suae
1129 1926 1522 1991 nocentiores
1539 1927 1933 1992 adversarios
1953 1926 2383 2010 experiantur.
2397 1924 2575 1990 Inter
2589 1924 2631 1990 J
2636 1926 2883 1989 uriscon
2891 1927 3091 1991 sultos
3108 1948 3339 2011 agmen
3364 1926 3567 1990 ducunt

672 2013 1000 2079 ‹lor-danus
1049 2015 1319 2080 Brunus
1368 2014 1476 2098 qui
1525 2018 1694 2080 recte
1729 2016 1904 2081 libris
1954 2017 2013 2077 6.
2049 2016 2124 2080 de
2168 2015 2485 2080 haereticis
2508 2017 2553 2081 δι
2577 2014 2891 2080 Antonius
2915 2014 3132 2092 Faber,
3158 2015 3359 2097 quiin
3386 2014 3567 2081 Codice

671 2101 989 2167 Fabriano
1016 2106 1232 2186 aperte
1264 2104 1478 2167 omnia
1503 2126 1665 2187 quae
1691 2104 1734 2169 J
1738 2126 1849 2168 ure
1878 2103 2051 2168 civili
2076 2107 2295 2167 contra
2327 2103 2679 2167 haereticos
2704 2106 2948 2167 statuta
2978 2106 3148 2180 sunt,
3174 2101 3565 2169 Protestanti·

671 2191 792 2255 bus
831 2190 1150 2275 applicata
1197 2191 1414 2255 velint.
1453 2192 1774 2257 Posterior
1804 2192 2005 2256 nimia
2028 2192 2403 2257 credulitate
2436 2214 2512 2256 ex
2544 2191 2997 2255 irreformabili
3046 2192 3324 2275 quodam
3354 2190 3563 2257 Clerico

672 2281 967 2344 mutuata
1011 2280 1079 2343 in
1123 2278 1412 2344 chartam
1457 2281 1744 2366 conjecit,
1770 2281 2141 2365 impellente
2164 2280 2371 2359 illum,
2397 2285 2470 2344 ut
2492 2280 2735 2363 opinor,
2763 2280 2907 2344 odio
2932 2278 3288 2345 Sabaudico
3314 2280 3377 2344 in
3404 2278 3565 2343 Rem·

672 2368 849 2452 publ.
893 2366 1343 2432 Genevensem.
1395 2368 1520 2432 Sed
1541 2368 1859 2444 παρέργοις
1888 2370 1935 2434 &
1960 2368 2445 2455 evagationibus
2476 2369 2680 2454 ipsius
2706 2369 3033 2453 respondit
3056 2369 3317 2454 egregie
3340 2366 3567 2433 ,lacobus

673 2457 913 2522 Lectius
957 2455 1058 2521 Ic.
1104 2459 1446 2541 professor,
1495 2460 1541 2524 ἃ
1571 2461 1795 2543 postea
1826 2458 2135 2544 Syndicus
2188 2456 2574 2523 Genevensis
2619 2462 2803 2522 tract.
2852 2459 2952 2522 cui
2991 2458 3255 2523 titulus:
3288 2459 3567 2524 Adam-m

679 2546 916 2611 Codicis
931 2546 1264 2610 Fabrianis
1287 2543 1366 2604 τὰ
1392 2553 1600 2620 πρῶτα
1619 2545 1921 2623 κακὸδοξα
1939 2547 2040 2611 &c.
2068 2545 2203 2611 Nos
2230 2547 2623 2611 solummodo
2648 2546 2729 2610 ad
2746 2547 2988 2624 titulos,
3008 2548 3082 2612 de
3096 2567 3353 2612 summo
3376 2545 3564 2612 'll-init.

676 2635 722 2699 ἃ
753 2635 828 2698 de
853 2634 1151 2698 Haeretic.
1178 2633 1240 2699 ἃ·
1273 2633 1540 2698 Manich.
1577 2635 1761 2699 nobis
1787 2635 2065 2719 objectos
2086 2635 2559 2719 respondenmS,
2585 2657 2700 2699 nec
2725 2635 2959 2700 directe
2984 2657 3099 2699 nec
3122 2635 3425 2700 indirecte
3444 2633 3566 2698 ullis

675 2721 1045 2786 haeresibus
1079 2722 1259 2808 [pag.
1311 2722 1475 2808 511]
1525 2723 2104 2802 Anti-Trinitariis,
2153 2727 2265 2789 aut
2312 2723 2507 2788 etiam
2542 2724 2813 2788 aliorum
2859 2723 3349 2800 haereticorum,
3374 2722 3475 2806 qui
3496 2721 3565 2785 ibi
3637 2717 3640 2756 ³

675 2810 1105 2885 nominantur,
1156 2832 1271 2894 per
1317 2810 1598 2876 Consilia
1640 2816 1753 2876 aut
1783 2835 2181 2877 communem
2206 2817 2459 2896 patrum
2486 2833 2861 2877 consensum
2884 2811 3199 2876 damnatis
3223 2812 3565 2897 religionem
3633 2791 3638 2856 Ῑ

677 2901 958 2962 nostram
985 2899 1246 2964 affinem
1271 2921 1405 2963 esse
1431 2921 1446 2962 τ
1497 2901 1662 2984 quod
1687 2905 1904 2965 tamen
1928 2901 1995 2964 in
2020 2901 2238 2966 multis
2264 2901 2338 2964 de
2375 2901 2673 2985 Papismo
2695 2901 2955 2985 probari
2978 2904 3211 2985 posset.
3236 2901 3329 2965 Et
3357 2901 3469 2964 hoc
3490 2897 3565 2961 vel
3634 2897 3636 2908 ²

676 2987 800 3070 ipsi
831 2985 1273 3070 Imperatores,
1307 2985 1539 3073 Reges,
1587 2989 1903 3073 principes
1952 2990 2239 3074 quemvis
2272 2988 2571 3072 Papismo
2616 2990 2849 3053 addicti
2898 2989 3057 3053 haut
3102 2989 3366 3054 obscure
3400 3007 3565 3072 agno·

678 3080 882 3152 scunt,
916 3077 1067 3140 dum
1091 3077 1157 3142 in
1181 3074 1479 3160 Imperio,
1505 3099 1703 3161 regno
1729 3077 1998 3152 Galliae,
2019 3078 2174 3161 quin
2198 3078 2266 3142 in
2288 3077 2445 3162 ipsis
2469 3077 2880 3143 Convallibus
2905 3077 3049 3141 duci
3066 3075 3364 3142 Sabaudo
3388 3076 3567 3160 subje-

678 3163 798 3228 ctis
822 3163 1086 3229 libertas
1113 3165 1409 3249 religioni
1430 3169 1686 3230 nostrae
1710 3167 2074 3231 conceditur
2099 3189 2113 3230 :
2140 3166 2309 3249 quod
2330 3166 2503 3250 ipsos
2528 3165 2808 3230 facturos
2832 3165 3028 3230 fuisse
3054 3165 3321 3230 minime
3344 3165 3565 3237 creden·

679 3251 830 3317 dum
871 3255 988 3332 est,
1027 3253 1340 3337 siquidem
1380 3253 1423 3319 J
1425 3277 1538 3318 ure
1563 3254 1736 3319 civili
1761 3255 2024 3320 libertas
2048 3254 2378 3340 religionis
2400 3259 2655 3320 nostrae
2681 3255 3113 3339 praejudicata
3136 3259 3323 3318 esset.
3372 3251 3568 3318 Confer

677 3363 840 3425 quac
886 3362 1080 3425 supra
1127 3345 1206 3408 ad
1251 3362 1431 3408 num.
1457 3341 1604 3408 VII.
1636 3347 1953 3408 notamus,
2002 3341 2183 3418 Quod
2220 3343 2275 3407 si
2298 3343 2625 3422 Fabriani,
2652 3343 2803 3427 quid
2828 3365 2942 3426 pro
2968 3364 3095 3426 quo
3123 3343 3233 3406 hic
3254 3345 3514 3416 sumant,
3533 3339 3567 3404 ἃ

679 3430 1009 3514 analogice
1045 3432 1204 3496 alias
1234 3430 1529 3496 haereses
1555 3435 1594 3496 a
1617 3453 1684 3495 se
1710 3432 1889 3496 fictas
1914 3432 1997 3495 ad
2018 3432 2134 3496 hos
2158 3433 2382 3496 titulos
2407 3433 2713 3496 reducant
2735 3433 2903 3516 quod
2926 3436 3185 3496 strenue
3210 3430 3369 3496 facit
3406 3428 3569 3496 Faber

679 3541 822 3583 cum
868 3519 1225 3586 calumniae
1265 3519 1340 3583 de
1364 3518 1784 3594 ArrianismO,
1809 3519 2273 3584 Manichaismo
2306 3523 2405 3586 ἀοι
2432 3521 2605 3604 ipsos
2630 3521 2845 3604 pudet,
2872 3519 3094 3603 utique
3118 3524 3373 3584 tantum
3396 3515 3565 3601 magi·

679 3607 862 3670 sterii
906 3606 1252 3692 theologici
1297 3607 1427 3672 illis
1477 3630 1603 3672 non
1637 3610 1734 3673 est
1756 3608 2241 3684 concedendum,
2268 3609 2377 3692 qui
2403 3609 2525 3674 fide
2550 3608 2863 3692 implicita
2888 3610 2933 3674 δι
2964 3608 3342 3673 carbonaria
3366 3602 3565 3672 afflasti

679 3698 829 3759 sunt
853 3701 1104 3760 credere
1129 3695 1586 3762 irreformabili
1609 3696 1793 3762 Clero
1819 3719 1967 3774 suo;
1995 3697 2227 3779 quibus
2251 3696 2673 3782 Theologiam
2698 3701 2994 3772 tractare,
3018 3696 3370 3780 scripturas
3394 3713 3567 3760 sacras

680 3785 728 3848 δι
757 3786 1118 3849 nostrorum
1167 3786 1364 3850 libros
1403 3785 1618 3870 legere
1639 3784 1871 3869 religio
1902 3788 2020 3862 est,
2054 3807 2291 3869 eosque
2313 3806 2456 3850 cum
2482 3785 2813 3869 scripturis
2835 3785 3143 3863 conferre,
3168 3805 3249 3849 ne
3272 3785 3407 3850 scil.
3434 3782 3570 3849 vide-

679 3883 879 3938 antur
907 3894 1053 3940 cum
1091 3873 1412 3940 sutoribus
1435 3874 1812 3941 Lwheranis
1841 3871 1906 3940 ἃ·
1942 3875 2331 3940 Οαὶυίηἰαηίε
2361 3877 2461 3959 (nt
2489 3873 2699 3939 Faber
2730 3873 3043 3959 loquitur)
3068 3874 3377 3961 theoloqos
3404 3888 3570 3958 aqere·

681 3961 925 4026 Deinde
969 3962 1230 4027 videant
1273 3985 1356 4026 an
1405 3963 1581 4048 leges
1613 3985 1759 4027 suas
1796 3961 1987 4027 factis
2008 3963 2244 4027 nostris
2262 3962 2535 4046 juridica
2558 3966 2605 4028 a
2626 3963 2795 4027 bona
2816 3963 3273 4047 consequentia
3294 3963 3453 4028 bene
3475 3979 3561 4040 ap-

679 4048 939 4132 plicent.
965 4049 1328 4116 Excurrunt
1353 4050 1608 4133 quidem
1635 4051 1714 4115 ad
1735 4051 2075 4116 hodiernas
2098 4051 2579 4126 controversias,
2598 4052 2709 4115 sed
2730 4050 2878 4116 illas
2904 4073 3217 4136 negamus
3238 4051 3445 4115 titulis
3464 4044 3561 4112 iuis

681 4135 917 4203 directe
965 4142 1077 4202 aut
1107 4140 1414 4204 indirecte
1462 4139 1804 4225 designari.
1839 4137 1909 4203 Si
1939 4139 2257 4223 triplicem
2304 4159 2602 4204 coronam
2634 4139 2846 4222 Papae
2876 4161 3210 4225 negamuS,
3234 4162 3365 4204 non
3388 4143 3559 4202 tamen

683 4222 1097 4303 Trinitatem3
1141 4228 1196 4292 si
1239 4231 1584 4312 utrumque
1608 4229 1744 4311 ejus
1791 4227 2098 4312 gladium,
2124 4250 2249 4293 non
2289 4233 2505 4293 tamen
2528 4231 2867 4313 utramque
2890 4233 3207 4300 naturam,
3234 4233 3349 4292 aut
3370 4223 3561 4320 triplex

681 4311 964 4379 officium
988 4314 1261 4393 Christi3
1295 4315 1352 4382 si
1383 4317 1519 4400 ejus
1543 4315 1977 4401 indulgentias
2007 4320 2335 4400 totamque
2361 4315 2721 4381 animarum
2744 4317 3271 4381 nundinationem
3298 4317 3364 4381 in
3386 4330 3557 4400 poem·

681 4401 986 4468 tentiaria
1006 4404 1054 4470 St
1084 4404 1466 4470 cancellaria
1487 4403 1797 4484 Romana,
1819 4425 1950 4469 non
1972 4408 2190 4470 tamen
2211 4404 2591 4490 mysterium
2612 4405 3093 4489 redemptionis,
3114 4426 3234 4470 nec
3254 4405 3457 4476 fidem.
3476 4399 3556 4462 1⁸1¹t

3427 4487 3555 4557 salu·
