3694 4871
662 295 749 360 96
1136 289 2414 360 D1sp.IV.Danc2ss1m1·n
2461 317 2556 358 ετ
2603 289 3122 358 Uriam-Ars

658 484 707 549 ἃ
750 481 1031 548 sexcenti
1078 482 1285 546 libelli
1332 483 1432 568 (ut
1476 483 1809 565 vocantur)
1858 481 2108 564 pacifici
2146 485 2444 566 (quorum
2466 480 2744 565 catalogi
2775 480 2932 544 editi
2963 502 3106 544 cum
3131 481 3574 546 consultatione

666 571 1027 648 Cassandri,
1083 571 1129 636 δι
1176 593 1379 655 nuper
1423 593 1567 635 cum
1606 570 1827 635 libello
1853 569 1989 635 Joh.
2015 570 2258 636 Duraei
2279 571 2356 634 de
2373 591 2525 654 pace
2547 569 2967 636 Ecclesiastico
2995 570 3159 635 inter
3181 570 3574 654 Euanqelicos

658 661 1099 746 procuranda)
1138 681 1265 723 non
1297 659 1579 723 invenies
1604 659 1926 724 communi
1951 681 2126 742 pace,
2152 681 2316 741 quae
2346 659 2588 743 petitur
2611 663 2724 722 aut
2747 658 3208 741 praetenditur,
3243 657 3572 722 Anti-Tri-

660 750 927 814 nitarios
952 748 1419 831 comprehendi.
1470 747 1693 812 Fidem
1719 749 1914 811 etiam
1947 747 2194 811 faciunt
2217 748 2330 812 illa
2355 770 2516 831 quae
2550 770 2716 812 anno
2748 747 2936 808 1635.
2987 744 3346 811 Sociniauis
3371 748 3438 810 in
3463 745 3572 810 Po-

660 839 834 902 lonia
880 837 960 901 ad
990 836 1395 900 collationem
1422 837 1499 900 de
1522 837 1831 921 religione
1859 836 2042 922 [pag.
2071 836 2233 921 495]
2257 839 2303 902 δι
2327 837 2545 900 oblata
2568 834 2830 900 consilia
2854 835 3028 917 pacis
3054 858 3124 898 se
3153 835 3568 899 offerentibus.

668 925 846 992 Unus
900 926 947 990 δε
994 925 1166 989 solus
1220 929 1319 989 est
1366 923 1689 990 Tractatus
1718 925 1966 990 Aconlc'i
1994 925 2602 1008 imprudentioribus
2629 923 2951 988 nonnullis
2973 924 3320 1006 imposuit;
3353 947 3462 988 nee
3489 927 3571 986 est

664 1015 831 1098 quod
856 1037 1001 1078 eum
1030 1013 1334 1096 objiciant
1365 1012 1892 1078 Remonstrantes
1914 1013 1982 1076 in
2014 1015 2190 1098 Apol.
2213 1035 2276 1096 p.
2317 1015 2416 1076 11.
2443 1017 2490 1079 δι
2517 1014 2697 1097 Resp.
2722 1013 2809 1076 ad
2844 1014 3117 1097 Proles-3.
3137 1014 3381 1077 Leidet.
3397 1035 3458 1096 ρ.
3479 1013 3570 1072 65.

666 1103 993 1186 Siquidem
1041 1102 1425 1166 innotuisset
1478 1101 1773 1166 Ecclesiis
1822 1101 2231 1177 ReformatiS,
2288 1103 2455 1185 quod
2499 1107 2667 1165 recte
2695 1101 2906 1164 innuit
2928 1103 2974 1166 l.
3000 1103 3062 1169 3.
3083 1123 3151 1184 p.
3185 1103 3330 1164 114.
3369 1103 3503 1165 1⁶33.
3531 1101 3566 1164 8:

664 1192 769 1257 lib.
814 1191 874 1256 7.
920 1212 987 1276 p.
1016 1191 1166 1254 341.
1200 1191 1348 1254 edit.
1382 1189 1755 1255 Basiliensis
1778 1191 1846 1254 in
1873 1192 1934 1255 8.
1961 1193 2128 1274 apud
2157 1190 2670 1254 Waldkirchium
2703 1190 2892 1253 1616.
2921 1191 3148 1254 edente
3172 1189 3320 1255 Joh.
3349 1189 3568 1253 Jacobo

666 1279 1011 1357 Grassero;
1058 1277 1299 1362 Utique
1348 1279 1414 1342 in
1462 1280 1905 1344 communione
1959 1301 2075 1342 sua
2099 1279 2281 1344 illum
2307 1303 2434 1343 non
2465 1279 2896 1353 retinuissent,
2925 1278 3050 1342 nisi
3076 1279 3357 1362 apertius
3379 1278 3565 1341 deela-

669 1373 893 1446 rasset,
941 1391 1007 1434 se
1040 1391 1117 1432 ex
1141 1366 1333 1432 Italia
1357 1372 1693 1452 praetextu
1716 1368 2210 1446 reformationiS,
2245 1391 2366 1432 non
2403 1368 2695 1432 attulisse
2743 1368 2910 1449 quod
2949 1367 3292 1450 populares
3315 1369 3442 1450 ejus
3467 1365 3566 1428 Al-

668 1458 893 1536 ciatuS,
942 1456 1315 1535 Blandrata‚
1362 1456 1727 1534 Gribaldus,
1770 1456 2036 1521 Socinus
2070 1462 2334 1540 uterque
2366 1459 2466 1522 Sic.
2516 1456 2694 1520 Adde
2719 1477 3098 1519 consensum
3123 1455 3485 1519 Politiarum
3509 1454 3564 1517 in

670 1545 1195 1611 christianismo:
1248 1545 1402 1630 quin
1448 1549 1491 1612 8:
1540 1545 1821 1629 ipsorum
1871 1543 2462 1610 Remonstrantium
2507 1547 2606 1629 (ut
2652 1544 2924 1608 antehac
2968 1566 3123 1626 prae
3178 1567 3247 1608 se
3278 1543 3562 1620 ferebant)

670 1657 859 1720 quem
908 1639 1245 1716 utrumque
1298 1635 1685 1699 commodius
1734 1635 1815 1698 ad
1861 1635 2204 1698 secundum
2249 1633 2440 1718 hujus
2490 1633 2878 1716 quaestionis
2927 1633 3288 1698 membrum
3327 1637 3561 1696 annota-
3656 1627 3659 1676 i

669 1725 1093 1896 bugilsiltque
1118 1811 1277 1876 haec
1300 1811 1551 1894 quidem
1577 1811 1930 1876 orthodoxa
1955 1813 2001 1877 ἃ
2027 1811 2340 1876 catholica
2363 1809 2834 1875 Christianismi
2867 1810 3216 1887 sententia;
3257 1832 3436 1894 quam
3457 1831 3562 1891 op-

670 1905 961 1986 pugnant
1008 1905 1258 1984 praeter
1306 1899 1674 1965 Socinianos
1720 1901 1841 1965 viri
1889 1901 2133 1983 aliquot
2179 1901 2502 1984 paradoxi,
2545 1921 2702 1982 quos
2726 1899 2792 1961 in
2819 1897 3048 1982 Belgio
3073 1897 3562 1963 Remonstrantes

670 1990 1016 2075 appellant.
1066 1988 1458 2074 Oppugnant
1512 1993 1727 2053 autem
1774 2011 1949 2054 more
1997 2013 2130 2066 suo,
2183 1990 2364 2054 modo
2418 1988 2842 2059 afferentium,
2884 1988 3072 2051 modo
3097 1987 3562 2051 dubitantium&

670 2079 1181 2163 disquirentium,
1236 2079 1420 2142 modo
1474 2079 1955 2162 opponentiuru,
2008 2078 2194 2141 modo
2241 2078 2424 2162 quasi
2474 2077 2552 2140 ad
2599 2075 2934 2155 ἑχεμώὲὶκν
2963 2077 3378 2155 redactorum,
3407 2075 3564 2139 modo

670 2168 1103 2253 ignorantium
1152 2167 1197 2232 ἃ
1252 2171 1607 2246 φιλομκθὼν
1645 2169 1986 2251 'personam
2035 2167 2421 2231 sustinendo,
2471 2165 2922 2240 Quaestionem
2950 2170 3166 2229 autem
3191 2166 3364 2228 illam
3389 2169 3562 2227 status
3657 2171 3659 2178 '

668 2257 965 2322 inficialis
994 2261 1131 2320 tam
1178 2255 1375 2320 solide
1406 2256 1706 2319 tractavit
1753 2255 1849 2320 Cl.
1913 2255 2186 2320 Vcdelius
2217 2255 2286 2319 in
2317 2255 2580 2319 Arcam's
2627 2254 3142 2328 Arminianismi,
3191 2257 3264 2317 ut
3285 2253 3402 2337 ipsi
3423 2273 3562 2316 nunc

672 2345 1007 2410 videantur
1060 2345 1477 2428 acquiescere,
1524 2345 1569 2410 81
1617 2344 1835 2408 libello
1891 2344 2228 2408 vernacula
2267 2344 2489 2428 lingua
2535 2365 2737 2426 nuper
2764 2343 2934 2407 edito
2959 2343 3174 2420 titulo,
3209 2343 3324 2420 ,Bru
3349 2341 3564 2422 „Babba

670 2435 1255 2519 Remunsltnnlstljtn
1283 2432 1667 2519 fflljtnlugnnls
1686 2456 1752 2517 p.
1779 2433 1886 2497 69.
1923 2433 2026 2497 70.
2057 2433 2158 2497 71.
2189 2434 2292 2498 72.
2323 2433 2424 2496 73.
2451 2440 2546 2497 Suc.
2577 2431 2961 2497 sententiam
2987 2431 3168 2496 illam
3193 2454 3368 2495 suam
3397 2429 3562 2494 ratio-

670 2523 859 2588 nibus
908 2525 953 2589 &
999 2523 1381 2588 testimoniis
1436 2522 1715 2607 undique
1761 2522 2133 2605 conquisitis
2164 2523 2439 2586 firmare.
2489 2521 2912 2605 Argumenta,
2939 2544 3104 2605 quae
3130 2544 3208 2585 ex
3231 2522 3378 2585 dicto
3397 2519 3564 2584 libello

640 2614 718 2691 ,δι
742 2612 1043 2697 Apoloyia
1067 2610 1129 2676 a·
1174 2612 1405 2677 vedetio
1433 2611 1788 2696 RhapsodO,
1814 2610 2130 2694 imprimis
2179 2633 2254 2675 ex
2291 2610 2610 2695 Responso
2633 2610 2720 2674 ad
2741 2622 3028 2695 excerpta
3063 2610 3406 2694 Professor.
3451 2608 3562 2672 Lei·
3657 2660 3659 2665 .

674 2701 965 2766 densium
990 2700 1153 2778 (vide
1178 2720 1241 2785 p.
1268 2702 1373 2765 31.
1398 2702 1503 2765 42.
1533 2701 1636 2765 57.
1666 2702 1766 2764 58.
1798 2700 1904 2763 82.
1939 2700 2072 2781 83.)
2106 2700 2407 2784 colligere
2433 2700 2754 2783 potuimus
2781 2705 2931 2763 sunt
2955 2702 3090 2762 tere
3117 2699 3260 2762 ista.
3285 2698 3335 2762 I.
3375 2697 3561 2780 objeci.
3657 2706 3659 2743 ὲ

674 2788 841 2865 Quia
886 2793 1135 2871 patrem
1174 2790 1241 2851 in
1268 2788 1522 2855 Christo
1548 2789 1881 2868 honorant,
1906 2787 1952 2851 δι
1978 2789 2058 2851 ab
2085 2794 2353 2872 utroque
2379 2787 2687 2872 Spiritum
2713 2793 3006 2852 sanctum
3021 2788 3314 2871 precibus
3336 2788 3454 2851 suis
3467 2784 3562 2847 ob·
3657 2788 3659 2839 ἒ

674 2879 877 2942 tinere
926 2881 1270 2961 quaerunt:
1320 2879 1429 2942 sed
1474 2881 1726 2942 tantum
1760 2881 1975 2941 errant
2011 2878 2079 2940 in
2110 2878 2232 2941 fide
2259 2878 2333 2942 de
2359 2900 2630 2959 persona
2657 2882 2700 2939 &-
2724 2876 2935 2940 officio
2961 2876 3224 2941 Christi.
3271 2873 3562 2953 Remunslt.
3657 2906 3659 2919 =

677 2967 922 3052 290109.
948 2987 1010 3050 p.
1039 2966 1144 3032 85.
1174 2966 1277 3030 86.
1302 2966 1369 3029 in
1395 2967 1837 3031 controversiis
1864 2966 2028 3030 circa
2052 2988 2390 3049 personam
2415 2968 2461 3031 δι
2495 2969 2758 3029 naturas
2784 2964 3048 3042 Christi,
3075 2986 3240 3049 quae
3271 2965 3428 3029 inter
3447 2964 3563 3026 doe·
3657 2956 3659 2983 ⁹

676 3060 776 3120 tos
800 3057 1154 3135 moventur,
1181 3054 1334 3120 lbid.
1358 3076 1423 3140 p.
1456 3056 1559 3119 72.
1584 3054 1759 3120 Nota
1783 3054 2145 3119 Christiane
2169 3055 2384 3131 lector,
2412 3054 2700 3138 quisquis
2727 3076 2814 3131 eS,
2841 3054 3157 3137 quomodo
3183 3054 3288 3119 hic
3309 3052 3558 3117 excluda·
3657 3078 3659 3103 τ

675 3148 781 3209 tur
826 3165 1095 3227 persona
1126 3143 1339 3207 divina
1386 3146 1431 3210 δι
1464 3144 1747 3208 adoratio
1778 3142 2000 3227 Spirit.
2027 3166 2076 3207 S.
2099 3167 2114 3220 3
2141 3146 2186 3209 &
2211 3144 2506 3207 haereses
2531 3142 2904 3207 Socinianae
2930 3143 3223 3207 dicantur
3247 3148 3557 3207 controver-

677 3234 829 3312 siae,
856 3255 1015 3316 quae
1039 3233 1207 3296 inter
1238 3232 1403 3297 viros
1429 3233 1642 3297 doctos
1667 3232 2028 3317 agitantur:
2057 3232 2239 3316 quasi
2263 3232 2397 3296 scil.
2423 3232 2588 3296 nihil
2611 3231 2784 3295 aliud
2807 3236 3022 3295 essent
3037 3254 3231 3315 quam
3247 3230 3560 3315 problema·

677 3322 839 3387 ticae
874 3324 919 3387 δι
944 3321 1359 3386 scholasticae
1384 3322 1693 3405 quaedam
1720 3321 2228 3404 disceptationes,
2280 3322 2380 3385 Ad
2405 3321 2821 3405 objectionem
2871 3320 2961 3384 sic
2994 3322 3176 3405 Hesp.
3201 3318 3255 3384 Ι.
3301 3319 3416 3397 Qui
3437 3315 3560 3401 legi·

677 3412 907 3475 timum
955 3432 1172 3495 regem
1220 3410 1491 3475 honorat
1513 3414 1821 3493 tanquam
1855 3410 2054 3473 alium
2077 3432 2264 3494 quem
2293 3410 2498 3473 virum
2523 3408 2985 3483 honorabilem,
3019 3411 3129 3474 sed
3153 3432 3279 3473 non
3302 3413 3562 3491 tanquam

678 3522 865 3565 suum
898 3522 1137 3585 regem,
1186 3499 1422 3583 ubique
1468 3502 1715 3563 exserte
1764 3499 2166 3576 contendenS,
2217 3522 2362 3563 eum
2409 3522 2532 3563 non
2586 3520 2722 3562 esse
2753 3520 2996 3582 regem,
3037 3498 3092 3561 is
3117 3520 3268 3562 sane
3292 3498 3356 3561 in
3379 3492 3562 3581 politia
3656 3488 3659 3515 ¹

679 3594 849 3653 errat
871 3587 1472 3663 fundamentaliter3
1520 3610 1635 3653 nec
1659 3591 1871 3671 potest
1895 3588 1961 3650 in
1987 3588 2425 3651 communione
2457 3589 2502 3653 &
2527 3587 2824 3651 societate
2851 3587 3050 3651 civica
3076 3592 3380 3669 tanquam
3403 3586 3564 3648 bonus
3657 3580 3659 3617 ⁵

678 3677 832 3742 civis
878 3677 1156 3741 tolerari.
1206 3675 1358 3740 Pari
1404 3676 1649 3739 ratione
1679 3677 1747 3739 in
1773 3676 2079 3760 religione
2108 3678 2152 3742 81
2179 3676 2439 3740 ecclesia
2471 3676 3040 3741 fundamentaliter
3066 3680 3301 3755 errant,
3327 3674 3430 3759 qui
3451 3670 3563 3735 dei-

679 3770 879 3830 tatem
926 3766 1044 3829 filii
1069 3766 1114 3831 δι
1139 3765 1402 3849 spiritus
1428 3788 1476 3829 s.
1506 3764 1625 3828 hoc
1650 3770 1766 3840 est,
1794 3788 2156 3848 supremam
2183 3788 2400 3829 eorum
2426 3766 2825 3848 majestatem
2858 3770 3271 3850 oppugnant3
3319 3759 3566 3847 quamvis

680 3858 1133 3937 protestentur,
1168 3876 1235 3917 se
1259 3853 1465 3917 filium
1490 3852 1788 3938 religiose
1812 3876 1845 3917 c
1888 3854 2016 3917 lere
2064 3855 2109 3918 ἃ
2135 3854 2416 3917 adorare.
2452 3855 2512 3917 2.
2561 3852 2905 3938 Signanter
2937 3853 3170 3918 dicitur
3195 3876 3301 3917 eos
3323 3856 3516 3937 petere
3539 3850 3566 3909 ii
3656 3902 3659 3947 2

682 3946 860 4025 patre
910 3944 957 4009 δι
1001 3943 1135 4007 filio
1190 3942 1489 4026 spiritum
1536 3946 1856 4019 sanctum;
1891 3943 1998 4006 sed
2032 3942 2151 4006 hoc
2181 3964 2302 4005 non
2334 3947 2430 4006 est
2461 3942 2684 4017 colere,
2720 3944 2765 4007 ἃ-
2791 3942 3077 4021 adorare,
3103 3941 3396 4027 spiritum
3421 3941 3566 4025 [pag-
3656 3954 3659 4017 ξ

682 4030 843 4114 496]
900 4035 1209 4095 sanctum.
1259 4030 1383 4107 Qui
1429 4031 1730 4115 spiritum
1775 4034 2066 4095 sanctum
2097 4030 2256 4094 haut
2309 4032 2497 4095 aliter
2523 4034 2561 4095 a
2592 4029 2728 4095 Deo
2753 4031 2917 4113 petit
2941 4054 3016 4095 ac
3041 4054 3269 4115 panem
3295 4026 3566 4116 quotidia·

684 4140 856 4196 num,
882 4122 994 4183 aut
1018 4142 1236 4202 pacem
1262 4118 1702 4198 conscientiae,
1730 4124 1842 4183 aut
1866 4120 2076 4197 fidem,
2111 4124 2222 4182 aut
2247 4142 2446 4203 spem,
2495 4125 2608 4184 aut
2632 4120 3083 4203 cognitionem,
3131 4124 3246 4184 aut
3290 4119 3567 4204 quodcun-
3656 4102 3659 4143 ³

682 4228 804 4287 que
830 4206 1002 4270 aliud
1026 4207 1289 4271 donum:
1316 4208 1369 4272 is
1396 4232 1519 4273 non
1552 4208 1759 4292 magis
1784 4207 2082 4292 religiose
2108 4209 2259 4273 colit
2283 4211 2328 4274 δι
2353 4209 2576 4272 adorat
2599 4208 2894 4292 spiritum
2944 4213 3236 4273 sanctum
3269 4230 3452 4293 quam
3470 4228 3566 4290 pa-

684 4315 866 4370 nem;
892 4297 1004 4358 aut
1026 4294 1216 4359 fidem
1241 4319 1441 4368 suam,
1474 4300 1587 4361 aut
1610 4296 2042 4381 cognitionem
2066 4301 2179 4360 aut
2202 4297 2619 4381 quodcunque
2645 4298 2842 4361 alium
2869 4298 3128 4362 donum.
3177 4298 3380 4381 Atqui
3428 4314 3568 4359 error

685 4381 1181 4446 fundamentalis
1234 4390 1351 4462 est,
1400 4408 1542 4449 cum
1574 4386 1880 4449 statuitur
1903 4406 2030 4448 non
2055 4386 2262 4469 magis
2289 4408 2480 4471 quam
2512 4408 2761 4470 panem,
2789 4390 2905 4449 aut
2929 4388 3347 4471 quodcunque
3371 4387 3567 4449 bonum
3657 4380 3659 4437 Ῑ

3325 4478 3569 4539 nostrum
3654 4480 3659 4531 ’ζ
