3694 4871
790 325 2396 394 D1sr.XI.DnSAnBA'rnoanns·r1s·.
2921 327 3047 388 313

144 511 327 588 ribus,
356 511 461 574 ubi
485 512 793 596 abrogata
818 513 1012 577 immo
1040 513 1376 580 maledicta
1393 515 1623 580 dieitur
1646 513 1961 580 Sabbathi
1992 513 2034 576 J
2039 513 2244 578 udaiei
2269 513 2584 577 custodia:
2617 514 3049 578 'tlaledicemus

138 601 288 664 sicul
324 600 761 666 malediximus
782 602 1267 667 custodientibus
1290 603 1695 670 Sabbathum.
1747 601 1864 667 III.
1897 603 2142 684 Quaest.
2171 602 2512 678 Quaeritur
2544 624 2623 664 an
2650 600 3050 665 Sabbathum

140 687 329 750 fuerit
352 686 715 753 institutum
737 690 816 754 ab
850 690 1033 754 initio
1070 691 1321 768 mundi3
1348 715 1429 756 an
1462 697 1609 757 vero
1636 693 1888 756 demum
1923 713 2068 755 cum
2099 692 2248 754 data
2272 691 2414 774 lege
2441 691 2637 754 Exod.
2662 691 2766 753 20.
2795 693 2906 752 aut
2939 712 3049 772 po-

140 776 259 839 tius
310 776 882 862 Ι·,’.το(1.16.11(»3ρ.
944 781 1051 843 pr.
1112 780 1347 862 Neqmu
1397 780 1733 857 pontificii,
1784 780 2056 844 Asc-rius
2080 781 2126 843 δι
2155 781 2432 856 Ζιυανεπ,
2460 780 2569 843 loc.
2595 779 2687 842 cit.
2717 801 2792 842 ex
2819 777 3052 842 nostris

137 865 438 940 nonnulli.
465 865 511 929 &
535 888 677 929 cum
700 867 779 930 iis
812 889 1083 952 magnus
1109 867 1473 953 Theologus
1500 871 1543 935 δι
1574 893 1608 932 v
1614 869 1964 933 onerandus
1990 867 2368 950 Praeceptor
2391 871 2604 930 noster
2635 869 2710 931 Ι).
2735 868 3050 932 (ἶοιηανιικ

140 963 304 1015 eracl.
354 953 429 1017 de
476 953 801 1034 Sabbatlw,
848 958 892 1020 δι
948 958 1142 1020 altero
1188 958 1461 1039 quodam
1484 958 1807 1040 peculiari,
1832 957 1945 1020 ubi
1969 955 2350 1020 sententiam
2385 977 2566 1019 suam
2591 959 2806 1019 tuetur
2840 966 3052 1019 contra

142 1042 639 1126 impuqnationes
684 1044 767 1109 D.
820 1044 1035 1110 Rive'ci.
1071 1044 1201 1130 Aff.
1227 1051 1445 1110 contra
1498 1047 1787 1112 Walaeus
1825 1056 1996 1109 tract
2049 1046 2144 1108 cit.
2189 1044 2234 1108 81
2276 1045 2455 1108 docte
2497 1043 2573 1107 (16
2612 1067 2685 1108 eo
2727 1043 3054 1126 disputant

140 1130 421 1194 Amesius
474 1142 648 1197 tract.
698 1133 793 1198 cit.
834 1133 879 1197 ἃ
921 1133 1003 1197 D.
1045 1133 1291 1200 Rivetus
1333 1146 1598 1200 tractatu
1683 1133 1959 1211 εοαὶἰανὶ,
1999 1155 2190 1216 quem
2239 1155 2404 1196 nunc
2443 1133 2754 1196 secundte
2795 1130 3054 1195 editioni

141 1217 563 1318 expositiones
617 1219 923 1305 Decalogi
969 1221 1279 1286 insertum
1344 1223 1541 1287 video.
1650 1226 1757 1286 ota
1802 1221 2250 1306 disputationis
2293 1221 2492 1284 moles
2513 1219 2871 1283 mcumbit
2854 1243 2920 1282 111
2947 1240 3054 1304 ge·

138 1306 397 1370 nuinam
442 1308 917 1390 expositionem,
959 1311 1173 1376 Genea
1226 1313 1285 1374 2.
1329 1312 1392 1376 2.
1439 1309 1602 1386 Quia
1648 1314 1866 1374 autem
1901 1308 2360 1372 affirmantium
2401 1308 2709 1391 expositio
2749 1311 2844 1370 est
2870 1307 3060 1390 plana

138 1394 180 1458 δε
240 1395 536 1478 simplex,
594 1419 707 1460 nec·
762 1401 1079 1482 repugnat
1128 1399 1481 1484 analogiae,
1540 1404 1651 1462 aut
1704 1403 2058 1472 contextus,
2102 1412 2208 1461 aut
2268 1395 2652 1479 Scripturae‚
2703 1418 2825 1459 non
2879 1395 3059 1458 video

138 1505 245 1546 cur
283 1483 350 1546 in
401 1506 477 1548 ea
516 1506 659 1548 cum
700 1485 1019 1570 plerisque
1060 1485 1404 1572 Theologis
1446 1487 1725 1551 nostris⁸
1704 1511 1741 1550 a
1772 1486 1854 1549 D.
1877 1487 2083 1552 Riveto
2107 1488 2205 1549 eil.
2231 1507 2354 1548 non
2383 1485 2466 1548 sit
2499 1484 3056 1567 acquiescendum:

137 1572 513 1672 praesertim
552 1593 693 1636 cum
735 1574 1044 1656 expositio
1084 1574 1285 1639 altera
1324 1576 1460 1640 sine
1508 1575 1884 1639 necessitate
1923 1573 2176 1637 subtilis
2199 1573 2468 1636 nimium
2495 1575 2540 1638 ἃ
2566 1573 2752 1656 longe
2772 1571 3060 1654 quaesita

136 1659 237 1733 sit,
300 1659 511 1742 iisque
576 1661 1049 1745 exceptionibus
1099 1668 1421 1748 urgeatur,
1464 1687 1621 1747 quas
1668 1663 1948 1726 nondum
1989 1662 2224 1726 dilutas
2265 1661 2558 1725 arbitifflor
2623 1660 2906 1723 Eandem
2952 1682 3059 1722 ex-

136 1747 513 1898 p‹)sition1em
580 1751 625 1815 ἀ
685 1751 1065 1814 sententiam
1126 1751 1369 1816 habent
1422 1751 1465 1816 J
1472 1751 1653 1815 udael
1710 1751 1877 1835 apud
1929 1751 1998 1816 R.
2055 1751 2334 1814 Menassc
2371 1750 2446 1814 de
2488 1751 2684 1814 Creat.
2740 1746 2950 1814 Probi.
3001 1751 3059 1810 8.

136 1835 332 1899 citati.
584 1839 831 1918 Quae-33.
896 1837 1238 1946 Quaeritur
1300 1863 1377 1904 an
1442 1839 1841 1904 Sabbathum
1907 1839 2240 1922 antiquum
2305 1838 2500 1902 fuerit
2545 1837 2901 1902 ceremonia
2951 1859 3056 1899 seu

140 1929 205 2007 ty
210 1946 329 2006 pus
406 1924 757 1990 destinatus
810 1927 1063 2009 proprie
1095 1928 1321 1993 dictus.
1372 1928 1558 2012 Resp.
1603 1929 1729 2013 Aff.
1770 1927 1831 1991 id
1873 1926 2292 1990 communiter
2335 1926 2654 2013 Pontificii
2690 1925 2775 1989 ad
2809 1927 2913 1989 22.
2956 1945 3064 2009 qu.

144 2013 285 2076 122.
333 2023 457 2077 art
508 2016 569 2076 4.
603 2015 648 2078 a
684 2016 935 2079 Zmarez
980 2016 1085 2079 loe.
1134 2018 1231 2080 cit.
1281 2016 1527 2080 Volunt
1573 2022 1785 2078 autem
1826 2016 2136 2100 figurasse
2170 2015 2348 2099 [pag.
2401 2015 2600 2099 1246]
2628 2012 2862 2077 christi
2889 2013 3066 2095 quie-

142 2105 267 2162 tem
322 2101 395 2164 in
450 2102 755 2185 sepulcro
805 2102 906 2166 Ex
945 2105 1177 2168 nostris
1217 2109 1385 2182 sunt,
1426 2105 1536 2188 qui
1564 2109 1769 2168 totum
1817 2107 2039 2166 volunt
2079 2125 2215 2166 esse
2251 2106 2320 2185 ty
2327 2125 2556 2185 picum
2596 2102 2688 2164 ita
2733 2105 2802 2164 ut
2847 2101 2911 2164 in
2953 2099 3067 2163 illo

140 2187 299 2251 nihil
326 2188 417 2252 sit
448 2191 708 2266 morale,
734 2189 857 2254 nisi
891 2192 1059 2272 quod
1085 2193 1161 2256 ad
1188 2215 1410 2276 geum,
1436 2192 1558 2255 ut
1540 2215 1603 2255 ιιι
1630 2195 1767 2255 tota
1792 2190 1961 2276 Lege
1995 2190 2418 2255 ceremoniali.
2473 2189 2597 2254 Alii
2632 2189 2849 2252 dicunt
2871 2188 3068 2252 fuisse

138 2276 201 2339 in
250 2299 325 2340 eo
378 2276 619 2360 aliquid
664 2280 903 2342 morale
944 2281 989 2344 δι
1035 2280 1274 2363 aliquid
1323 2280 1739 2345 ceremoniale
1774 2302 1884 2344 seu
1907 2283 2186 2363 typicum
2217 2279 2382 2361 quod
2406 2301 2574 2341 nunc
2599 2281 2695 2341 est
2719 2277 3064 2340 abolitum:

138 2365 423 2448 quietem
450 2366 583 2430 scil.
611 2367 735 2430 diei
759 2367 1063 2451 septimi
1042 2393 1078 2431 a
1102 2369 1439 2433 creatione.
1468 2369 1554 2432 Et
1579 2368 1728 2432 hnic
1753 2367 2105 2432 sententiae
2139 2389 2324 2430 nemo
2364 2366 2487 2430 nisi
2512 2365 2854 2430 Judaizans
2888 2364 3066 2428 oblo-

138 2454 243 2536 qui
292 2458 542 2537 potest;
589 2456 900 2539 siquidem
926 2478 995 2513 r:
1039 2460 1439 2523 ceremoniale
1482 2481 1593 2522 seu
1620 2460 1896 2543 typicum
1932 2458 2073 2521 laxe
2108 2462 2414 2533 sumatur,
2443 2478 2555 2539 pro
2589 2454 2885 2519 mutabili
2910 2453 3066 2531 scil„

137 2542 586 2619 ambulatorim
613 2545 658 2609 a
684 2544 941 2627 speciali
973 2546 1447 2611 circumstantia
1470 2546 1826 2629 pertinente
1875 2546 1953 2609 ad
1978 2544 2362 2627 peculiarem
2394 2548 2633 2608 statum
2658 2544 2844 2607 istius
2868 2564 3062 2625 popu-

138 2630 181 2692 li
228 2635 510 2695 tantum.
560 2632 645 2695 Et
668 2633 757 2696 sic
788 2632 854 2695 in
880 2656 1129 2697 summa
1151 2634 1243 2699 rei
1268 2635 1371 2699 hic
1396 2634 1651 2718 quidem
1676 2634 1986 2697 convenit.
2039 2632 2258 2696 Manet
2293 2636 2506 2695 tamen
2531 2632 2812 2703 dubium
2843 2654 2924 2694 an
2956 2652 3065 2713 pe.-

138 2718 403 2783 euliaris
451 2719 497 2783 δι
535 2719 885 2785 destinatus
910 2726 981 2805 t)
982 2745 1100 2805 pus
1125 2726 1377 2823 praeter
1398 2726 1601 2786 totam
1630 2722 1835 2799 legem
1862 2720 2368 2797 ceremonialem‚
2393 2720 2636 2783 fuerit⁸
2615 2744 2652 2784 a
2673 2718 2809 2783 Deo
2834 2718 3066 2782 consti-

138 2811 317 2870 tutus
372 2806 439 2869 in
488 2808 699 2891 quiete
750 2812 785 2872 ῐι
832 2810 1067 2889 labore,
1124 2833 1202 2874 an
1252 2811 1315 2873 in
1364 2811 1575 2895 rigore
1614 2810 1798 2874 istius
1846 2810 2102 2893 quietis,
2135 2832 2214 2873 an
2241 2809 2303 2871 in
2333 2808 2650 2873 exercitiis
2677 2808 2919 2874 &cultu
2945 2828 3068 2889 quo

136 2895 399 2978 proprie
446 2896 959 2961 sanctificabatur
1008 2861 1427 2964 Sabbathum.
1483 2898 1627 2984 Vey.
1663 2900 1948 2963 {me-sius
1979 2920 2054 2963 ex
2083 2898 2444 2961 definitione
2471 2897 2608 2981 typi
2635 2901 2747 2961 aut
2771 2918 2846 2960 ex
2875 2894 3068 2959 testi-

136 2983 377 3047 moniis
404 2982 765 3066 Scripturae
790 2985 909 3049 boc
935 2985 1211 3069 probari.
1259 2989 1306 3051 A
1312 2993 1381 3074 ff
1414 2987 1699 3053 Ritetus:
1746 3010 1873 3050 non
1898 2987 2150 3069 quidem
2177 2985 2542 3049 indistincte
2567 3007 2712 3050 cum
2730 2984 3072 3050 Scholasti-

134 3071 217 3135 cIs
276 3074 461 3155 (nam
508 3073 735 3136 saltem
788 3078 937 3137 ante
992 3076 1240 3157 lapsum
1288 3098 1411 3139 nor.
1460 3075 1668 3159 potuit
1692 3098 1827 3139 esse
1862 3076 2078 3157 typus)
2103 3074 2209 3137 sed
2237 3095 2376 3137 cum
2403 3074 2523 3137 hac
2549 3073 2972 3148 distinctione,
3000 3075 3075 3135 ut

136 3164 367 3244 postea
422 3159 507 3222 sit
554 3182 743 3243 super
774 3162 1043 3225 additus.
1094 3162 1259 3227 Sunt
1304 3164 1413 3246 qui
1452 3164 1673 3227 volunt
1697 3168 1906 3227 totum
1929 3162 2084 3227 illud
2108 3162 2182 3225 de
2208 3183 2334 3225 uno
2358 3162 2457 3226 die
2484 3184 2559 3227 ex
2586 3166 2829 3245 septem
2854 3161 3070 3224 obser-

138 3248 347 3311 vando
400 3270 535 3311 esse.
580 3249 865 3333 typicum
912 3254 1024 3314 aut
1048 3253 1481 3316 ceremoniale.
1538 3250 1666 3315 Alii
1694 3252 1986 3321 videntur
2011 3250 2214 3314 solum
2249 3250 2616 3333 adjunctum
2641 3250 2824 3313 istius
2850 3250 3066 3312 obser-

136 3334 419 3400 vationis
460 3335 667 3401 facere
714 3339 1015 3422 typicum,
1049 3340 1325 3422 quietem
1354 3340 1487 3404 scil.
1514 3342 1561 3405 ἃ
1591 3340 1973 3404 cessationes
2007 3342 2044 3403 a
2069 3338 2304 3413 labore,
2332 3342 2443 3402 aut
2475 3340 2816 3421 septimum
2842 3337 3006 3400 diem
3035 3338 3071 3398 Ξι

135 3424 486 3488 creatione.
542 3424 854 3490 Posterior
892 3427 1106 3509 opinio
1138 3428 1298 3492 nihil
1332 3428 1397 3491 in
1438 3451 1504 3492 se
1530 3428 1789 3491 absurdi
1821 3428 2104 3499 haberet,
2134 3426 2448 3508 siquidem
2478 3425 2832 3510 typificatio
2856 3424 2970 3487 illa
2995 3446 3070 3487 ex

136 3511 495 3596 Scripturis
540 3513 738 3578 solide
786 3515 1205 3579 demonstrari
1252 3521 1485 3599 posset.
1533 3514 1761 3598 Neque
1810 3517 1980 3579 enim
2027 3514 2354 3579 sufficiunt
2401 3514 2798 3598 Argumenta
2829 3534 3069 3585 eorum,

135 3622 305 3683 quae
348 3600 613 3665 maximi
667 3604 973 3667 momenti
1005 3625 1141 3667 esse
1167 3604 1459 3669 videntur
1484 3628 1557 3668 ex
1584 3606 1781 3670 Exod.
1818 3606 1923 3667 31.
1958 3602 2069 3668 ubi
2094 3601 2496 3666 Sabbathum
2521 3602 2751 3665 dicitur
2775 3600 3068 3685 signum:

135 3688 183 3753 δι
235 3690 369 3754 Col.
422 3690 483 3752 2.
526 3692 621 3753 16.
654 3690 753 3753 17.
783 3692 893 3755 ubi
919 3691 1148 3755 dicitur
1171 3693 1397 3756 umbra
1422 3694 1803 3757 futurorum.
1853 3692 1952 3755 Ad
1985 3691 2160 3775 prius
2203 3690 2410 3754 facilis
2435 3692 2480 3756 δι
2505 3689 2826 3753 sufficiens
2851 3693 2946 3753 est
2971 3710 3070 3751 re·

135 3776 422 3860 sponsi0‚
476 3800 599 3841 non
639 3801 823 3842 omne
856 3779 1109 3863 signum
1142 3778 1567 3853 &caynam-miv
1591 3802 1726 3844 esse
1750 3781 2054 3864 typicum,
2089 3783 2201 3842 aut
2227 3777 2701 3862 obsignativum
2726 3800 2837 3841 seu
2861 3799 3072 3841 sacra-

136 3870 459 3929 mentum.
508 3866 593 3929 Et
647 3868 793 3931 dato
820 3890 955 3931 esse
987 3868 1241 3952 signum
1266 3868 1519 3952 proprie
1544 3868 1845 3952 typicum,
1889 3890 2012 3931 non
2039 3878 2253 3931 tamen
2277 3866 2421 3930 inde
2455 3874 2696 3929 certum
2721 3864 2887 3929 foret
2914 3865 3072 3928 illud

138 3954 215 4017 de
242 3952 695 4019 hebdomadali
720 3954 1049 4019 Sabbatho
1073 3977 1199 4039 qua
1222 3956 1359 4033 tali,
1387 3956 1873 4039 intelligendum
1898 3960 2081 4019 esse‘.
2107 3976 2218 4018 cur
2241 3976 2360 4017 non
2397 3955 2472 4018 (16
2496 3952 2826 4019 Sabbatho
2862 3954 3070 4018 ‹leter-

139 4042 395 4104 minato
426 4044 575 4106 tunc
600 4044 679 4107 ad
696 4045 1038 4126 septimum
1063 4044 1275 4107 diem⁸
1257 4068 1293 4107 a
1325 4044 1659 4107 creatione.
1711 4044 1809 4108 Ad
1832 4043 2148 4127 posterius
2181 4064 2306 4105 ιιοιι
2331 4065 2458 4105 una
2483 4042 2806 4124 responsio
2835 4041 3072 4106 adferri

138 4133 381 4213 posset.
432 4129 555 4193 Sed
602 4132 972 4214 planissima
1007 4134 1053 4197 &
1100 4132 1569 4215 simplicissima
1594 4132 1845 4195 videtur
1877 4133 1989 4195 illa
2015 4130 2266 4209 Amas-ii,
2292 4152 2408 4214 per
2432 4129 2763 4194 Sabbatha
2786 4130 3067 4213 intelligi

140 4239 269 4281 non
298 4217 805 4297 hebdomadalia,
840 4222 945 4283 sed
972 4242 1350 4304 magnorum
1374 4220 1681 4283 festorum
1708 4220 1870 4283 diem
1899 4221 2174 4302 primurn
2200 4217 2247 4282 a
2269 4218 2589 4295 ultimum,
2618 4220 2804 4285 Levil.
2832 4221 2936 4282 23.
2967 4220 3072 4282 ⁴30.

144 4304 193 4368 F
197 4308 345 4369 orte
380 4306 523 4389 quis
560 4308 641 4371 ad
665 4307 972 4373 Graecam
995 4330 1211 4373 vocem
1234 4304 1599 4383 σκββὰτων,
1638 4308 1820 4391 quasi
1852 4330 1929 4371 ex
1955 4306 2250 4372 Hebraea
2273 4306 2628 4373 Sabbathon
2661 4314 2850 4394 (quae
2881 4308 3067 4373 Levis.

142 4394 250 4458 23.
286 4394 368 4458 de
393 4397 729 4478 postremis
752 4396 1059 4461 festorum
1091 4396 1312 4461 diebus
1337 4398 1705 4482 usurpatur)
1732 4396 2048 4461 deflexum
2078 4396 2453 4460 attenderet.
2486 4394 2630 4461 Scio
2657 4396 2863 4482 excipi
2871 4416 3068 4546 gozso

2822 4542 2859 4572 ι
2938 4504 2972 4547 6
3019 4503 3071 4546 ι·.
