<?xml version="1.0" encoding="UTF-8"?>
<!DOCTYPE html PUBLIC "-//W3C//DTD XHTML 1.0 Transitional//EN"
    "http://www.w3.org/TR/xhtml1/DTD/xhtml1-transitional.dtd">
<html xmlns="http://www.w3.org/1999/xhtml" xml:lang="en" lang="en">
 <head>
  <title>
</title>
<meta http-equiv="Content-Type" content="text/html;charset=utf-8" />
  <meta name='ocr-system' content='tesseract 3.04.00' />
  <meta name='ocr-capabilities' content='ocr_page ocr_carea ocr_par ocr_line ocrx_word'/>
</head>
<body>
  <div class='ocr_page' id='page_1' title='image "./selectarumdispu00kuypgoog_0153.png"; bbox 0 0 3694 4871; ppageno 0'>
   <div class='ocr_carea' id='block_1_1' title="bbox 669 301 3309 375">
    <p class='ocr_par' dir='ltr' id='par_1_1' title="bbox 669 301 3309 375">
     <span class='ocr_line' id='line_1_1' title="bbox 669 301 3309 375; baseline -0.002 0"><span class='ocrx_word' id='word_1_1' title='bbox 669 312 793 375; x_wconf 84' lang='lat'>122</span> <span class='ocrx_word' id='word_1_2' title='bbox 956 306 1179 371; x_wconf 70' lang='lat' dir='ltr'>Dnsr.</span> <span class='ocrx_word' id='word_1_3' title='bbox 1227 301 1309 367; x_wconf 91' lang='lat' dir='ltr'>V.</span> <span class='ocrx_word' id='word_1_4' title='bbox 1359 303 1475 370; x_wconf 74' lang='lat' dir='ltr'>An</span> <span class='ocrx_word' id='word_1_5' title='bbox 1521 306 1926 372; x_wconf 77' lang='lat' dir='ltr'>Cnnlsrus</span> <span class='ocrx_word' id='word_1_6' title='bbox 1973 324 2109 374; x_wconf 66' lang='lat' dir='ltr'>otu</span> <span class='ocrx_word' id='word_1_7' title='bbox 2155 302 2577 372; x_wconf 66' lang='lat' dir='ltr'>Memnon</span> <span class='ocrx_word' id='word_1_8' title='bbox 2624 331 2749 372; x_wconf 69' lang='grc' dir='ltr'>ενι·</span> <span class='ocrx_word' id='word_1_9' title='bbox 2795 310 3309 373; x_wconf 64' lang='grc' dir='ltr'>ΑυοιῑΑισυσεῖ</span> 
     </span>
    </p>
   </div>
   <div class='ocr_carea' id='block_1_2' title="bbox 665 490 3672 580">
    <p class='ocr_par' dir='ltr' id='par_1_2' title="bbox 665 490 3672 580">
     <span class='ocr_line' id='line_1_2' title="bbox 665 490 3672 580; baseline -0.001 -17"><span class='ocrx_word' id='word_1_10' title='bbox 665 509 849 563; x_wconf 79' lang='lat' dir='ltr'>tatem</span> <span class='ocrx_word' id='word_1_11' title='bbox 888 514 1024 558; x_wconf 86' lang='lat' dir='ltr'>esse</span> <span class='ocrx_word' id='word_1_12' title='bbox 1061 490 1519 575; x_wconf 75' lang='lat' dir='ltr'>proprietatem</span> <span class='ocrx_word' id='word_1_13' title='bbox 1559 492 1865 570; x_wconf 85' lang='lat' dir='ltr'>divinam,</span> <span class='ocrx_word' id='word_1_14' title='bbox 1895 494 2083 574; x_wconf 88' lang='lat' dir='ltr'>prout</span> <span class='ocrx_word' id='word_1_15' title='bbox 2105 494 2405 577; x_wconf 87' lang='lat' dir='ltr'>majestas</span> <span class='ocrx_word' id='word_1_16' title='bbox 2430 517 2539 559; x_wconf 90' lang='lat' dir='ltr'>seu</span> <span class='ocrx_word' id='word_1_17' title='bbox 2568 494 2945 560; x_wconf 86' lang='lat' dir='ltr'>excellentia</span> <span class='ocrx_word' id='word_1_18' title='bbox 2968 496 3105 579; x_wconf 90' lang='lat' dir='ltr'>ejus</span> <span class='ocrx_word' id='word_1_19' title='bbox 3128 496 3469 580; x_wconf 87' lang='lat' dir='ltr'>singularis</span> <span class='ocrx_word' id='word_1_20' title='bbox 3492 500 3577 561; x_wconf 86' lang='lat' dir='ltr'>est</span> <span class='ocrx_word' id='word_1_21' title='bbox 3670 520 3672 579; x_wconf 84' lang='lat'>;</span> 
     </span>
    </p>
   </div>
   <div class='ocr_carea' id='block_1_3' title="bbox 662 580 3672 1023">
    <p class='ocr_par' dir='ltr' id='par_1_3' title="bbox 662 580 3672 1023">
     <span class='ocr_line' id='line_1_3' title="bbox 663 580 3672 669; baseline 0.001 -20"><span class='ocrx_word' id='word_1_22' title='bbox 663 585 825 649; x_wconf 90' lang='lat' dir='ltr'>nulli</span> <span class='ocrx_word' id='word_1_23' title='bbox 847 584 1177 649; x_wconf 74' lang='lat' dir='ltr'>creaturae</span> <span class='ocrx_word' id='word_1_24' title='bbox 1203 582 1767 651; x_wconf 79' lang='lat' dir='ltr'>communicabilis,</span> <span class='ocrx_word' id='word_1_25' title='bbox 1793 583 1854 645; x_wconf 87' lang='grc'>6.</span> <span class='ocrx_word' id='word_1_26' title='bbox 1886 580 2147 667; x_wconf 83' lang='lat' dir='ltr'>Ideoque</span> <span class='ocrx_word' id='word_1_27' title='bbox 2170 604 2389 647; x_wconf 86' lang='lat' dir='ltr'>verum</span> <span class='ocrx_word' id='word_1_28' title='bbox 2409 583 2484 648; x_wconf 90' lang='lat' dir='ltr'>de</span> <span class='ocrx_word' id='word_1_29' title='bbox 2502 582 2639 647; x_wconf 91' lang='lat' dir='ltr'>Deo</span> <span class='ocrx_word' id='word_1_30' title='bbox 2656 583 3215 663; x_wconf 75' lang='lat' dir='ltr'>existimationem,</span> <span class='ocrx_word' id='word_1_31' title='bbox 3234 588 3423 669; x_wconf 86' lang='lat' dir='ltr'>atque</span> <span class='ocrx_word' id='word_1_32' title='bbox 3438 585 3575 649; x_wconf 83' lang='lat' dir='ltr'>adeo</span> <span class='ocrx_word' id='word_1_33' title='bbox 3669 596 3672 651; x_wconf 71' lang='lat' dir='ltr'>i</span> 
     </span>
     <span class='ocr_line' id='line_1_4' title="bbox 663 669 3571 754; baseline -0 -16"><span class='ocrx_word' id='word_1_34' title='bbox 663 671 1158 745; x_wconf 82' lang='lat' dir='ltr'>venerationem,</span> <span class='ocrx_word' id='word_1_35' title='bbox 1204 669 1468 751; x_wconf 88' lang='lat' dir='ltr'>cultum,</span> <span class='ocrx_word' id='word_1_36' title='bbox 1517 671 1973 746; x_wconf 88' lang='lat' dir='ltr'>adorationem,</span> <span class='ocrx_word' id='word_1_37' title='bbox 2022 670 2167 735; x_wconf 88' lang='lat' dir='ltr'>inde</span> <span class='ocrx_word' id='word_1_38' title='bbox 2194 672 2637 754; x_wconf 78' lang='lat' dir='ltr'>procedentem</span> <span class='ocrx_word' id='word_1_39' title='bbox 2664 694 2790 737; x_wconf 89' lang='lat' dir='ltr'>non</span> <span class='ocrx_word' id='word_1_40' title='bbox 2814 696 2951 737; x_wconf 88' lang='lat' dir='ltr'>esse</span> <span class='ocrx_word' id='word_1_41' title='bbox 2974 673 3571 737; x_wconf 79' lang='lat' dir='ltr'>communicabilem.</span> 
     </span>
     <span class='ocr_line' id='line_1_5' title="bbox 665 756 3672 845; baseline -0.001 -20"><span class='ocrx_word' id='word_1_42' title='bbox 665 763 726 827; x_wconf 88' lang='lat'>7.</span> <span class='ocrx_word' id='word_1_43' title='bbox 771 762 938 827; x_wconf 79' lang='lat' dir='ltr'>Hinc</span> <span class='ocrx_word' id='word_1_44' title='bbox 975 757 1171 822; x_wconf 88' lang='lat' dir='ltr'>etiam</span> <span class='ocrx_word' id='word_1_45' title='bbox 1211 756 1349 822; x_wconf 93' lang='lat' dir='ltr'>Deo</span> <span class='ocrx_word' id='word_1_46' title='bbox 1386 759 1778 845; x_wconf 81' lang='lat' dir='ltr'>singularem</span> <span class='ocrx_word' id='word_1_47' title='bbox 1818 760 2007 822; x_wconf 89' lang='lat' dir='ltr'>fidem</span> <span class='ocrx_word' id='word_1_48' title='bbox 2048 761 2095 825; x_wconf 69' lang='grc' dir='ltr'>δι</span> <span class='ocrx_word' id='word_1_49' title='bbox 2135 782 2417 825; x_wconf 86' lang='lat' dir='ltr'>amorem</span> <span class='ocrx_word' id='word_1_50' title='bbox 2458 761 2707 841; x_wconf 85' lang='lat' dir='ltr'>debere,</span> <span class='ocrx_word' id='word_1_51' title='bbox 2734 762 2886 845; x_wconf 90' lang='lat' dir='ltr'>quia</span> <span class='ocrx_word' id='word_1_52' title='bbox 2909 762 3166 845; x_wconf 89' lang='lat' dir='ltr'>proprie</span> <span class='ocrx_word' id='word_1_53' title='bbox 3192 764 3239 827; x_wconf 72' lang='grc' dir='ltr'>δι</span> <span class='ocrx_word' id='word_1_54' title='bbox 3262 762 3572 826; x_wconf 83' lang='lat' dir='ltr'>excellenti</span> <span class='ocrx_word' id='word_1_55' title='bbox 3669 772 3672 821; x_wconf 76' lang='grc' dir='ltr'>ἕ</span> 
     </span>
     <span class='ocr_line' id='line_1_6' title="bbox 663 846 3672 934; baseline -0.001 -19"><span class='ocrx_word' id='word_1_56' title='bbox 663 851 939 934; x_wconf 89' lang='lat' dir='ltr'>quodam</span> <span class='ocrx_word' id='word_1_57' title='bbox 979 846 1162 911; x_wconf 89' lang='lat' dir='ltr'>modo</span> <span class='ocrx_word' id='word_1_58' title='bbox 1202 869 1393 912; x_wconf 81' lang='lat' dir='ltr'>verax</span> <span class='ocrx_word' id='word_1_59' title='bbox 1427 850 1531 913; x_wconf 89' lang='lat' dir='ltr'>sit.</span> <span class='ocrx_word' id='word_1_60' title='bbox 1581 848 1753 925; x_wconf 84' lang='lat' dir='ltr'>Quas</span> <span class='ocrx_word' id='word_1_61' title='bbox 1787 852 1917 912; x_wconf 84' lang='lat' dir='ltr'>tres</span> <span class='ocrx_word' id='word_1_62' title='bbox 1960 852 2314 929; x_wconf 86' lang='lat' dir='ltr'>postremas</span> <span class='ocrx_word' id='word_1_63' title='bbox 2354 848 2742 933; x_wconf 83' lang='lat' dir='ltr'>hypotheses</span> <span class='ocrx_word' id='word_1_64' title='bbox 2776 850 2839 914; x_wconf 90' lang='lat' dir='ltr'>in</span> <span class='ocrx_word' id='word_1_65' title='bbox 2884 850 3112 914; x_wconf 89' lang='lat' dir='ltr'>mediis</span> <span class='ocrx_word' id='word_1_66' title='bbox 3154 849 3431 915; x_wconf 87' lang='lat' dir='ltr'>tenebris</span> <span class='ocrx_word' id='word_1_67' title='bbox 3457 850 3575 915; x_wconf 85' lang='lat' dir='ltr'>suis</span> <span class='ocrx_word' id='word_1_68' title='bbox 3670 856 3672 913; x_wconf 79' lang='grc' dir='ltr'>ζ</span> 
     </span>
     <span class='ocr_line' id='line_1_7' title="bbox 662 934 3672 1023; baseline -0.002 -20"><span class='ocrx_word' id='word_1_69' title='bbox 662 938 992 1003; x_wconf 89' lang='lat' dir='ltr'>nobiscum</span> <span class='ocrx_word' id='word_1_70' title='bbox 1017 936 1064 999; x_wconf 64' lang='lat' dir='ltr'>a</span> <span class='ocrx_word' id='word_1_71' title='bbox 1087 939 1255 1001; x_wconf 88' lang='lat' dir='ltr'>recte</span> <span class='ocrx_word' id='word_1_72' title='bbox 1280 936 1602 1002; x_wconf 90' lang='lat' dir='ltr'>inculcant</span> <span class='ocrx_word' id='word_1_73' title='bbox 1624 936 1933 1002; x_wconf 86' lang='lat' dir='ltr'>Doctores</span> <span class='ocrx_word' id='word_1_74' title='bbox 1958 934 2301 1015; x_wconf 89' lang='lat' dir='ltr'>Pontificii,</span> <span class='ocrx_word' id='word_1_75' title='bbox 2321 938 2489 1002; x_wconf 89' lang='lat' dir='ltr'>inter</span> <span class='ocrx_word' id='word_1_76' title='bbox 2505 960 2611 1002; x_wconf 92' lang='lat' dir='ltr'>eos</span> <span class='ocrx_word' id='word_1_77' title='bbox 2630 939 2991 1023; x_wconf 72' lang='lat' dir='ltr'>Smiqleeius</span> <span class='ocrx_word' id='word_1_78' title='bbox 3008 943 3081 1004; x_wconf 71' lang='lat' dir='ltr'>in</span> <span class='ocrx_word' id='word_1_79' title='bbox 3094 939 3279 1005; x_wconf 75' lang='lat' dir='ltr'>novis</span> <span class='ocrx_word' id='word_1_80' title='bbox 3294 940 3571 1005; x_wconf 70' lang='lat' dir='ltr'>monstris</span> <span class='ocrx_word' id='word_1_81' title='bbox 3670 990 3672 997; x_wconf 92' lang='lat'>.</span> 
     </span>
    </p>
   </div>
   <div class='ocr_carea' id='block_1_4' title="bbox 663 1024 3672 1289">
    <p class='ocr_par' dir='ltr' id='par_1_4' title="bbox 663 1024 3672 1289">
     <span class='ocr_line' id='line_1_8' title="bbox 663 1024 3672 1113; baseline -0.001 -22"><span class='ocrx_word' id='word_1_82' title='bbox 663 1047 976 1092; x_wconf 78' lang='lat' dir='ltr'>novorum</span> <span class='ocrx_word' id='word_1_83' title='bbox 1001 1024 1336 1089; x_wconf 71' lang='lat' dir='ltr'>Arn‘anor.</span> <span class='ocrx_word' id='word_1_84' title='bbox 1361 1024 1423 1091; x_wconf 77' lang='grc' dir='ltr'>ἃ·</span> <span class='ocrx_word' id='word_1_85' title='bbox 1448 1028 1706 1092; x_wconf 79' lang='lat' dir='ltr'>Zmarez</span> <span class='ocrx_word' id='word_1_86' title='bbox 1729 1026 1961 1110; x_wconf 76' lang='lat' dir='ltr'>disput.</span> <span class='ocrx_word' id='word_1_87' title='bbox 1991 1026 2097 1089; x_wconf 87' lang='lat'>51.</span> <span class='ocrx_word' id='word_1_88' title='bbox 2120 1037 2253 1091; x_wconf 78' lang='lat' dir='ltr'>sect.</span> <span class='ocrx_word' id='word_1_89' title='bbox 2281 1026 2343 1089; x_wconf 88' lang='grc'>4.</span> <span class='ocrx_word' id='word_1_90' title='bbox 2366 1028 2454 1092; x_wconf 80' lang='lat' dir='ltr'>ad</span> <span class='ocrx_word' id='word_1_91' title='bbox 2486 1027 2912 1112; x_wconf 71' lang='lat' dir='ltr'>Thomaepay.</span> <span class='ocrx_word' id='word_1_92' title='bbox 2932 1030 2993 1091; x_wconf 86' lang='lat'>3.</span> <span class='ocrx_word' id='word_1_93' title='bbox 3010 1040 3249 1113; x_wconf 73' lang='lat' dir='ltr'>quaest.</span> <span class='ocrx_word' id='word_1_94' title='bbox 3268 1027 3371 1091; x_wconf 83' lang='lat'>25.</span> <span class='ocrx_word' id='word_1_95' title='bbox 3386 1040 3498 1093; x_wconf 75' lang='lat' dir='ltr'>art.</span> <span class='ocrx_word' id='word_1_96' title='bbox 3520 1029 3565 1091; x_wconf 90' lang='grc'>1.</span> <span class='ocrx_word' id='word_1_97' title='bbox 3669 1058 3672 1089; x_wconf 91' lang='grc'>;</span> 
     </span>
     <span class='ocr_line' id='line_1_9' title="bbox 664 1113 3565 1201; baseline -0.001 -20"><span class='ocrx_word' id='word_1_98' title='bbox 664 1116 726 1181; x_wconf 72' lang='grc' dir='ltr'>ἃ·</span> <span class='ocrx_word' id='word_1_99' title='bbox 771 1116 876 1178; x_wconf 93' lang='grc'>20.</span> <span class='ocrx_word' id='word_1_100' title='bbox 921 1114 981 1178; x_wconf 88' lang='grc'>8.</span> <span class='ocrx_word' id='word_1_101' title='bbox 1033 1113 1296 1179; x_wconf 77' lang='lat' dir='ltr'>Unicum</span> <span class='ocrx_word' id='word_1_102' title='bbox 1343 1116 1593 1179; x_wconf 89' lang='lat' dir='ltr'>tantum</span> <span class='ocrx_word' id='word_1_103' title='bbox 1638 1138 1774 1180; x_wconf 89' lang='lat' dir='ltr'>esse</span> <span class='ocrx_word' id='word_1_104' title='bbox 1813 1114 2131 1198; x_wconf 90' lang='lat' dir='ltr'>objectum</span> <span class='ocrx_word' id='word_1_105' title='bbox 2158 1115 2504 1199; x_wconf 77' lang='lat' dir='ltr'>religioniS,</span> <span class='ocrx_word' id='word_1_106' title='bbox 2530 1118 2577 1183; x_wconf 67' lang='lat' dir='ltr'>St</span> <span class='ocrx_word' id='word_1_107' title='bbox 2600 1116 2987 1181; x_wconf 88' lang='lat' dir='ltr'>adorationis</span> <span class='ocrx_word' id='word_1_108' title='bbox 3010 1116 3369 1201; x_wconf 82' lang='lat' dir='ltr'>religiosae,</span> <span class='ocrx_word' id='word_1_109' title='bbox 3392 1138 3565 1180; x_wconf 88' lang='lat' dir='ltr'>unum</span> 
     </span>
     <span class='ocr_line' id='line_1_10' title="bbox 665 1199 3566 1289; baseline -0 -20"><span class='ocrx_word' id='word_1_110' title='bbox 665 1204 906 1269; x_wconf 89' lang='lat' dir='ltr'>scilicet</span> <span class='ocrx_word' id='word_1_111' title='bbox 953 1223 1171 1266; x_wconf 87' lang='lat' dir='ltr'>verum</span> <span class='ocrx_word' id='word_1_112' title='bbox 1197 1199 1406 1265; x_wconf 93' lang='lat' dir='ltr'>Deum</span> <span class='ocrx_word' id='word_1_113' title='bbox 1431 1208 1701 1286; x_wconf 88' lang='lat' dir='ltr'>patrem,</span> <span class='ocrx_word' id='word_1_114' title='bbox 1727 1204 1932 1268; x_wconf 90' lang='lat' dir='ltr'>filium</span> <span class='ocrx_word' id='word_1_115' title='bbox 1957 1204 2003 1267; x_wconf 61' lang='grc' dir='ltr'>ἃ</span> <span class='ocrx_word' id='word_1_116' title='bbox 2028 1200 2137 1286; x_wconf 86' lang='lat' dir='ltr'>Sp.</span> <span class='ocrx_word' id='word_1_117' title='bbox 2164 1226 2215 1267; x_wconf 77' lang='grc' dir='ltr'>ε.</span> <span class='ocrx_word' id='word_1_118' title='bbox 2242 1208 2463 1268; x_wconf 89' lang='lat' dir='ltr'>contra</span> <span class='ocrx_word' id='word_1_119' title='bbox 2486 1202 2885 1269; x_wconf 87' lang='lat' dir='ltr'>Pontificios:</span> <span class='ocrx_word' id='word_1_120' title='bbox 2922 1228 3081 1289; x_wconf 88' lang='lat' dir='ltr'>quos</span> <span class='ocrx_word' id='word_1_121' title='bbox 3111 1204 3423 1269; x_wconf 85' lang='lat' dir='ltr'>refutatos</span> <span class='ocrx_word' id='word_1_122' title='bbox 3444 1204 3566 1269; x_wconf 81' lang='lat' dir='ltr'>vide</span> 
     </span>
    </p>
   </div>
   <div class='ocr_carea' id='block_1_5' title="bbox 664 1290 3672 1378">
    <p class='ocr_par' dir='ltr' id='par_1_5' title="bbox 664 1290 3672 1378">
     <span class='ocr_line' id='line_1_11' title="bbox 664 1290 3672 1378; baseline -0 -20"><span class='ocrx_word' id='word_1_123' title='bbox 664 1296 703 1358; x_wconf 74' lang='lat' dir='ltr'>a</span> <span class='ocrx_word' id='word_1_124' title='bbox 734 1294 944 1360; x_wconf 78' lang='lat' dir='ltr'>Rivelo</span> <span class='ocrx_word' id='word_1_125' title='bbox 977 1293 1046 1356; x_wconf 85' lang='lat' dir='ltr'>in</span> <span class='ocrx_word' id='word_1_126' title='bbox 1077 1292 1460 1373; x_wconf 73' lang='lat' dir='ltr'>Decaloyum</span> <span class='ocrx_word' id='word_1_127' title='bbox 1483 1293 1569 1357; x_wconf 87' lang='lat' dir='ltr'>ad</span> <span class='ocrx_word' id='word_1_128' title='bbox 1596 1293 1625 1355; x_wconf 93' lang='lat'>1</span> <span class='ocrx_word' id='word_1_129' title='bbox 1657 1314 1861 1375; x_wconf 81' lang='lat' dir='ltr'>praec.</span> <span class='ocrx_word' id='word_1_130' title='bbox 1894 1290 1957 1357; x_wconf 76' lang='grc' dir='ltr'>ἃ·</span> <span class='ocrx_word' id='word_1_131' title='bbox 1988 1292 2253 1358; x_wconf 82' lang='lat' dir='ltr'>Molineo</span> <span class='ocrx_word' id='word_1_132' title='bbox 2277 1293 2348 1357; x_wconf 85' lang='lat' dir='ltr'>in</span> <span class='ocrx_word' id='word_1_133' title='bbox 2374 1293 2651 1359; x_wconf 77' lang='lat' dir='ltr'>Novitate</span> <span class='ocrx_word' id='word_1_134' title='bbox 2680 1294 2987 1377; x_wconf 75' lang='lat' dir='ltr'>Papiemi‚</span> <span class='ocrx_word' id='word_1_135' title='bbox 3012 1292 3284 1378; x_wconf 85' lang='lat' dir='ltr'>aliisque</span> <span class='ocrx_word' id='word_1_136' title='bbox 3308 1292 3567 1377; x_wconf 85' lang='lat' dir='ltr'>Papatus</span> <span class='ocrx_word' id='word_1_137' title='bbox 3670 1310 3672 1313; x_wconf 53' lang='lat'><em>⁴</em></span> 
     </span>
    </p>
   </div>
   <div class='ocr_carea' id='block_1_6' title="bbox 661 1378 3672 1554">
    <p class='ocr_par' dir='ltr' id='par_1_6' title="bbox 661 1378 3672 1554">
     <span class='ocr_line' id='line_1_12' title="bbox 663 1378 3672 1467; baseline -0 -22"><span class='ocrx_word' id='word_1_138' title='bbox 663 1378 1128 1467; x_wconf 77' lang='lat' dir='ltr'>AntagonistiS.</span> <span class='ocrx_word' id='word_1_139' title='bbox 1157 1379 1217 1441; x_wconf 86' lang='lat'>9.</span> <span class='ocrx_word' id='word_1_140' title='bbox 1256 1382 1460 1446; x_wconf 85' lang='lat' dir='ltr'>Unam</span> <span class='ocrx_word' id='word_1_141' title='bbox 1485 1382 1693 1465; x_wconf 87' lang='lat' dir='ltr'>specie</span> <span class='ocrx_word' id='word_1_142' title='bbox 1718 1384 1971 1446; x_wconf 82' lang='lat' dir='ltr'>tantum</span> <span class='ocrx_word' id='word_1_143' title='bbox 1996 1401 2133 1445; x_wconf 89' lang='lat' dir='ltr'>esse</span> <span class='ocrx_word' id='word_1_144' title='bbox 2158 1381 2591 1446; x_wconf 89' lang='lat' dir='ltr'>adorationem</span> <span class='ocrx_word' id='word_1_145' title='bbox 2616 1382 3008 1467; x_wconf 85' lang='lat' dir='ltr'>religiosam,</span> <span class='ocrx_word' id='word_1_146' title='bbox 3026 1404 3142 1446; x_wconf 89' lang='lat' dir='ltr'>nec</span> <span class='ocrx_word' id='word_1_147' title='bbox 3156 1381 3459 1467; x_wconf 88' lang='lat' dir='ltr'>gradibus</span> <span class='ocrx_word' id='word_1_148' title='bbox 3472 1385 3569 1445; x_wconf 87' lang='lat' dir='ltr'>aut</span> <span class='ocrx_word' id='word_1_149' title='bbox 3670 1448 3672 1451; x_wconf 11' lang='grc' dir='ltr'><em>Α</em></span> 
     </span>
     <span class='ocr_line' id='line_1_13' title="bbox 661 1467 3567 1554; baseline 0 -19"><span class='ocrx_word' id='word_1_150' title='bbox 661 1470 992 1554; x_wconf 86' lang='lat' dir='ltr'>speciebus</span> <span class='ocrx_word' id='word_1_151' title='bbox 1015 1467 1460 1533; x_wconf 86' lang='lat' dir='ltr'>inferioritatis</span> <span class='ocrx_word' id='word_1_152' title='bbox 1492 1470 1592 1534; x_wconf 86' lang='lat' dir='ltr'>vel</span> <span class='ocrx_word' id='word_1_153' title='bbox 1618 1469 2087 1554; x_wconf 88' lang='lat' dir='ltr'>superioritatis</span> <span class='ocrx_word' id='word_1_154' title='bbox 2114 1492 2255 1534; x_wconf 89' lang='lat' dir='ltr'>eam</span> <span class='ocrx_word' id='word_1_155' title='bbox 2280 1469 2590 1554; x_wconf 84' lang='lat' dir='ltr'>distingui</span> <span class='ocrx_word' id='word_1_156' title='bbox 2606 1475 2825 1535; x_wconf 86' lang='lat' dir='ltr'>contra</span> <span class='ocrx_word' id='word_1_157' title='bbox 2840 1471 3103 1554; x_wconf 90' lang='lat' dir='ltr'>papales</span> <span class='ocrx_word' id='word_1_158' title='bbox 3116 1471 3327 1535; x_wconf 88' lang='lat' dir='ltr'>cultus</span> <span class='ocrx_word' id='word_1_159' title='bbox 3344 1470 3567 1545; x_wconf 83' lang='lat' dir='ltr'>latriae,</span> 
     </span>
    </p>
   </div>
   <div class='ocr_carea' id='block_1_7' title="bbox 664 1556 3672 1643">
    <p class='ocr_par' dir='ltr' id='par_1_7' title="bbox 664 1556 3672 1643">
     <span class='ocr_line' id='line_1_14' title="bbox 664 1556 3672 1643; baseline -0.001 -21"><span class='ocrx_word' id='word_1_160' title='bbox 664 1558 896 1635; x_wconf 90' lang='lat' dir='ltr'>duliae,</span> <span class='ocrx_word' id='word_1_161' title='bbox 942 1556 1380 1641; x_wconf 72' lang='lat' dir='ltr'>hyper-duliae,</span> <span class='ocrx_word' id='word_1_162' title='bbox 1427 1581 1586 1641; x_wconf 88' lang='lat' dir='ltr'>quos</span> <span class='ocrx_word' id='word_1_163' title='bbox 1634 1580 1869 1643; x_wconf 88' lang='lat' dir='ltr'>genere</span> <span class='ocrx_word' id='word_1_164' title='bbox 1915 1557 2049 1622; x_wconf 83' lang='lat' dir='ltr'>sive</span> <span class='ocrx_word' id='word_1_165' title='bbox 2086 1558 2438 1643; x_wconf 82' lang='lat' dir='ltr'>analogicO,</span> <span class='ocrx_word' id='word_1_166' title='bbox 2464 1558 2599 1622; x_wconf 82' lang='lat' dir='ltr'>sive</span> <span class='ocrx_word' id='word_1_167' title='bbox 2623 1559 2891 1623; x_wconf 84' lang='lat' dir='ltr'>univoco</span> <span class='ocrx_word' id='word_1_168' title='bbox 2914 1558 3249 1623; x_wconf 82' lang='lat' dir='ltr'>convenire</span> <span class='ocrx_word' id='word_1_169' title='bbox 3274 1562 3566 1623; x_wconf 82' lang='lat' dir='ltr'>statuunt.</span> <span class='ocrx_word' id='word_1_170' title='bbox 3670 1614 3672 1619; x_wconf 87' lang='lat'>.</span> 
     </span>
    </p>
   </div>
   <div class='ocr_carea' id='block_1_8' title="bbox 663 1644 3672 1821">
    <p class='ocr_par' dir='ltr' id='par_1_8' title="bbox 663 1644 3672 1821">
     <span class='ocr_line' id='line_1_15' title="bbox 663 1644 3672 1733; baseline -0.001 -20"><span class='ocrx_word' id='word_1_171' title='bbox 663 1646 1030 1713; x_wconf 73' lang='lat' dir='ltr'>Bellarmin.</span> <span class='ocrx_word' id='word_1_172' title='bbox 1079 1644 1182 1711; x_wconf 81' lang='lat' dir='ltr'>lib.</span> <span class='ocrx_word' id='word_1_173' title='bbox 1236 1645 1293 1709; x_wconf 95' lang='grc'>1.</span> <span class='ocrx_word' id='word_1_174' title='bbox 1320 1646 1395 1711; x_wconf 83' lang='lat' dir='ltr'>de</span> <span class='ocrx_word' id='word_1_175' title='bbox 1417 1648 1591 1713; x_wconf 64' lang='lat' dir='ltr'>cultu</span> <span class='ocrx_word' id='word_1_176' title='bbox 1615 1659 1979 1713; x_wconf 74' lang='lat' dir='ltr'>sanctorum</span> <span class='ocrx_word' id='word_1_177' title='bbox 2004 1667 2142 1731; x_wconf 80' lang='lat' dir='ltr'>cap.</span> <span class='ocrx_word' id='word_1_178' title='bbox 2194 1647 2295 1711; x_wconf 86' lang='lat'>12.</span> <span class='ocrx_word' id='word_1_179' title='bbox 2327 1648 2585 1712; x_wconf 83' lang='lat' dir='ltr'>Zwarez</span> <span class='ocrx_word' id='word_1_180' title='bbox 2608 1648 2771 1733; x_wconf 74' lang='lat' dir='ltr'>disp.</span> <span class='ocrx_word' id='word_1_181' title='bbox 2796 1648 2893 1713; x_wconf 76' lang='lat' dir='ltr'>cit.</span> <span class='ocrx_word' id='word_1_182' title='bbox 2918 1660 3054 1713; x_wconf 78' lang='lat' dir='ltr'>secl.</span> <span class='ocrx_word' id='word_1_183' title='bbox 3082 1650 3143 1712; x_wconf 88' lang='lat'>3.</span> <span class='ocrx_word' id='word_1_184' title='bbox 3176 1648 3277 1710; x_wconf 92' lang='grc'>10.</span> <span class='ocrx_word' id='word_1_185' title='bbox 3308 1648 3571 1732; x_wconf 75' lang='lat' dir='ltr'>Proprie·</span> <span class='ocrx_word' id='word_1_186' title='bbox 3670 1646 3672 1719; x_wconf 77' lang='lat' dir='ltr'>s</span> 
     </span>
     <span class='ocr_line' id='line_1_16' title="bbox 665 1733 3672 1821; baseline 0.001 -21"><span class='ocrx_word' id='word_1_187' title='bbox 665 1748 816 1801; x_wconf 77' lang='lat' dir='ltr'>lates</span> <span class='ocrx_word' id='word_1_188' title='bbox 862 1733 1138 1799; x_wconf 86' lang='lat' dir='ltr'>Deitatis</span> <span class='ocrx_word' id='word_1_189' title='bbox 1182 1755 1310 1799; x_wconf 91' lang='lat' dir='ltr'>non</span> <span class='ocrx_word' id='word_1_190' title='bbox 1357 1736 1808 1800; x_wconf 86' lang='lat' dir='ltr'>communicari</span> <span class='ocrx_word' id='word_1_191' title='bbox 1860 1736 2041 1820; x_wconf 86' lang='lat' dir='ltr'>[pag.</span> <span class='ocrx_word' id='word_1_192' title='bbox 2073 1734 2235 1821; x_wconf 87' lang='grc'><strong>528]</strong></span> <span class='ocrx_word' id='word_1_193' title='bbox 2260 1735 2577 1800; x_wconf 88' lang='lat' dir='ltr'>humanae</span> <span class='ocrx_word' id='word_1_194' title='bbox 2603 1740 2870 1800; x_wconf 87' lang='lat' dir='ltr'>naturae</span> <span class='ocrx_word' id='word_1_195' title='bbox 2894 1735 3133 1801; x_wconf 83' lang='lat' dir='ltr'>Christi</span> <span class='ocrx_word' id='word_1_196' title='bbox 3159 1758 3271 1821; x_wconf 90' lang='lat' dir='ltr'>per</span> <span class='ocrx_word' id='word_1_197' title='bbox 3294 1735 3568 1801; x_wconf 85' lang='lat' dir='ltr'>unionem</span> <span class='ocrx_word' id='word_1_198' title='bbox 3670 1800 3672 1803; x_wconf 19' lang='lat'><em>⁴</em></span> 
     </span>
    </p>
   </div>
   <div class='ocr_carea' id='block_1_9' title="bbox 661 1822 3672 2175">
    <p class='ocr_par' dir='ltr' id='par_1_9' title="bbox 661 1822 3672 2175">
     <span class='ocr_line' id='line_1_17' title="bbox 661 1822 3672 1909; baseline -0 -21"><span class='ocrx_word' id='word_1_199' title='bbox 661 1823 1164 1909; x_wconf 82' lang='lat' dir='ltr'>hypostaticam:</span> <span class='ocrx_word' id='word_1_200' title='bbox 1191 1823 1238 1887; x_wconf 65' lang='grc' dir='ltr'><strong><em>ἃ</em></strong></span> <span class='ocrx_word' id='word_1_201' title='bbox 1262 1829 1718 1908; x_wconf 88' lang='lat' dir='ltr'>consequenter</span> <span class='ocrx_word' id='word_1_202' title='bbox 1741 1824 1981 1889; x_wconf 83' lang='lat' dir='ltr'>Christi</span> <span class='ocrx_word' id='word_1_203' title='bbox 2008 1825 2182 1887; x_wconf 88' lang='lat' dir='ltr'>carni</span> <span class='ocrx_word' id='word_1_204' title='bbox 2208 1827 2469 1908; x_wconf 90' lang='lat' dir='ltr'>propter</span> <span class='ocrx_word' id='word_1_205' title='bbox 2490 1824 3022 1889; x_wconf 86' lang='lat' dir='ltr'>communicatam</span> <span class='ocrx_word' id='word_1_206' title='bbox 3045 1848 3297 1889; x_wconf 89' lang='lat' dir='ltr'>omnem</span> <span class='ocrx_word' id='word_1_207' title='bbox 3314 1824 3565 1888; x_wconf 84' lang='lat' dir='ltr'>divinam</span> <span class='ocrx_word' id='word_1_208' title='bbox 3669 1822 3672 1873; x_wconf 80' lang='grc' dir='ltr'>ἶ</span> 
     </span>
     <span class='ocr_line' id='line_1_18' title="bbox 661 1912 3672 1997; baseline -0 -20"><span class='ocrx_word' id='word_1_209' title='bbox 661 1916 1067 1997; x_wconf 87' lang='lat' dir='ltr'>potestatem,</span> <span class='ocrx_word' id='word_1_210' title='bbox 1114 1912 1538 1992; x_wconf 87' lang='lat' dir='ltr'>majestatem,</span> <span class='ocrx_word' id='word_1_211' title='bbox 1586 1916 1632 1979; x_wconf 66' lang='grc' dir='ltr'>ἃ</span> <span class='ocrx_word' id='word_1_212' title='bbox 1680 1914 1954 1997; x_wconf 82' lang='lat' dir='ltr'>gloriam</span> <span class='ocrx_word' id='word_1_213' title='bbox 1999 1935 2125 1976; x_wconf 90' lang='lat' dir='ltr'>non</span> <span class='ocrx_word' id='word_1_214' title='bbox 2152 1912 2367 1977; x_wconf 89' lang='lat' dir='ltr'>deberi</span> <span class='ocrx_word' id='word_1_215' title='bbox 2398 1914 2641 1977; x_wconf 88' lang='lat' dir='ltr'>cultum</span> <span class='ocrx_word' id='word_1_216' title='bbox 2666 1914 3053 1978; x_wconf 90' lang='lat' dir='ltr'>adorationis</span> <span class='ocrx_word' id='word_1_217' title='bbox 3076 1914 3349 1990; x_wconf 83' lang='lat' dir='ltr'>divinae,</span> <span class='ocrx_word' id='word_1_218' title='bbox 3372 1916 3569 1977; x_wconf 85' lang='lat' dir='ltr'>contra</span> <span class='ocrx_word' id='word_1_219' title='bbox 3670 1934 3672 1937; x_wconf 53' lang='lat'><em>⁴</em></span> 
     </span>
     <span class='ocr_line' id='line_1_19' title="bbox 661 2001 3672 2086; baseline -0.001 -18"><span class='ocrx_word' id='word_1_220' title='bbox 661 2001 924 2068; x_wconf 80' lang='lat' dir='ltr'>Librum</span> <span class='ocrx_word' id='word_1_221' title='bbox 952 2001 1328 2067; x_wconf 82' lang='lat' dir='ltr'>Concordiae</span> <span class='ocrx_word' id='word_1_222' title='bbox 1351 2002 1440 2067; x_wconf 67' lang='lat' dir='ltr'>zie.</span> <span class='ocrx_word' id='word_1_223' title='bbox 1467 2002 1542 2067; x_wconf 83' lang='lat' dir='ltr'>de</span> <span class='ocrx_word' id='word_1_224' title='bbox 1567 2004 1846 2067; x_wconf 82' lang='lat' dir='ltr'>Persona</span> <span class='ocrx_word' id='word_1_225' title='bbox 1874 2002 2120 2075; x_wconf 72' lang='lat' dir='ltr'>Christi,</span> <span class='ocrx_word' id='word_1_226' title='bbox 2147 2004 2193 2067; x_wconf 68' lang='grc' dir='ltr'>ἃ</span> <span class='ocrx_word' id='word_1_227' title='bbox 2217 2002 2282 2065; x_wconf 88' lang='lat' dir='ltr'>in</span> <span class='ocrx_word' id='word_1_228' title='bbox 2308 2003 2583 2086; x_wconf 72' lang='lat' dir='ltr'>cataloyo</span> <span class='ocrx_word' id='word_1_229' title='bbox 2618 2002 3046 2067; x_wconf 73' lang='lat' dir='ltr'>Testimonior.</span> <span class='ocrx_word' id='word_1_230' title='bbox 3080 2002 3289 2067; x_wconf 73' lang='lat' dir='ltr'>lambi</span> <span class='ocrx_word' id='word_1_231' title='bbox 3310 2002 3572 2067; x_wconf 71' lang='lat' dir='ltr'>Andreae</span> <span class='ocrx_word' id='word_1_232' title='bbox 3670 2036 3672 2041; x_wconf 88' lang='lat'>.</span> 
     </span>
     <span class='ocr_line' id='line_1_20' title="bbox 665 2088 3672 2175; baseline 0 -19"><span class='ocrx_word' id='word_1_233' title='bbox 665 2093 730 2157; x_wconf 81' lang='lat' dir='ltr'>in</span> <span class='ocrx_word' id='word_1_234' title='bbox 754 2092 991 2175; x_wconf 77' lang='lat' dir='ltr'>disput.</span> <span class='ocrx_word' id='word_1_235' title='bbox 1018 2088 1354 2174; x_wconf 84' lang='lat' dir='ltr'>Tubingae</span> <span class='ocrx_word' id='word_1_236' title='bbox 1379 2112 1545 2155; x_wconf 90' lang='lat' dir='ltr'>anno</span> <span class='ocrx_word' id='word_1_237' title='bbox 1573 2091 1763 2154; x_wconf 85' lang='lat'>1582.</span> <span class='ocrx_word' id='word_1_238' title='bbox 1791 2091 1946 2156; x_wconf 73' lang='lat' dir='ltr'>thesi</span> <span class='ocrx_word' id='word_1_239' title='bbox 1973 2090 2117 2152; x_wconf 89' lang='grc'><strong>144.</strong></span> <span class='ocrx_word' id='word_1_240' title='bbox 2152 2090 2297 2153; x_wconf 89' lang='grc'><strong>145.</strong></span> <span class='ocrx_word' id='word_1_241' title='bbox 2325 2090 2371 2154; x_wconf 69' lang='grc' dir='ltr'>ἃ</span> <span class='ocrx_word' id='word_1_242' title='bbox 2406 2091 2803 2156; x_wconf 77' lang='lat' dir='ltr'>Osiandrum</span> <span class='ocrx_word' id='word_1_243' title='bbox 2825 2092 3151 2157; x_wconf 75' lang='lat' dir='ltr'>Iuniorem</span> <span class='ocrx_word' id='word_1_244' title='bbox 3174 2092 3246 2155; x_wconf 77' lang='lat' dir='ltr'>in</span> <span class='ocrx_word' id='word_1_245' title='bbox 3268 2090 3570 2156; x_wconf 73' lang='lat' dir='ltr'>Enckirid.</span> <span class='ocrx_word' id='word_1_246' title='bbox 3670 2154 3672 2157; x_wconf 19' lang='lat'><em>⁴</em></span> 
     </span>
    </p>
   </div>
   <div class='ocr_carea' id='block_1_10' title="bbox 663 2178 3670 2532">
    <p class='ocr_par' dir='ltr' id='par_1_10' title="bbox 663 2178 3670 2532">
     <span class='ocr_line' id='line_1_21' title="bbox 671 2178 3569 2265; baseline -0.002 -18"><span class='ocrx_word' id='word_1_247' title='bbox 671 2179 954 2247; x_wconf 80' lang='lat' dir='ltr'>Controv.</span> <span class='ocrx_word' id='word_1_248' title='bbox 989 2178 1236 2245; x_wconf 73' lang='lat' dir='ltr'>Calvist.</span> <span class='ocrx_word' id='word_1_249' title='bbox 1261 2200 1309 2243; x_wconf 87' lang='lat' dir='ltr'>c.</span> <span class='ocrx_word' id='word_1_250' title='bbox 1338 2178 1397 2244; x_wconf 88' lang='lat'>6.</span> <span class='ocrx_word' id='word_1_251' title='bbox 1425 2200 1532 2265; x_wconf 72' lang='lat' dir='ltr'>qn.</span> <span class='ocrx_word' id='word_1_252' title='bbox 1563 2181 1623 2242; x_wconf 85' lang='lat'>5.</span> <span class='ocrx_word' id='word_1_253' title='bbox 1649 2180 2014 2246; x_wconf 77' lang='lat' dir='ltr'>Echardum</span> <span class='ocrx_word' id='word_1_254' title='bbox 2040 2179 2109 2244; x_wconf 80' lang='lat' dir='ltr'>in</span> <span class='ocrx_word' id='word_1_255' title='bbox 2132 2180 2427 2264; x_wconf 76' lang='lat' dir='ltr'>fasciculo</span> <span class='ocrx_word' id='word_1_256' title='bbox 2449 2200 2581 2263; x_wconf 81' lang='lat' dir='ltr'>cap.</span> <span class='ocrx_word' id='word_1_257' title='bbox 2610 2180 2671 2242; x_wconf 84' lang='lat'>6.</span> <span class='ocrx_word' id='word_1_258' title='bbox 2698 2200 2804 2265; x_wconf 86' lang='lat' dir='ltr'>qu.</span> <span class='ocrx_word' id='word_1_259' title='bbox 2834 2180 2939 2243; x_wconf 90' lang='grc'>12.</span> <span class='ocrx_word' id='word_1_260' title='bbox 2962 2178 3131 2255; x_wconf 88' lang='lat' dir='ltr'>Quid</span> <span class='ocrx_word' id='word_1_261' title='bbox 3160 2184 3375 2243; x_wconf 88' lang='lat' dir='ltr'>autem</span> <span class='ocrx_word' id='word_1_262' title='bbox 3405 2178 3497 2241; x_wconf 91' lang='lat' dir='ltr'>illi</span> <span class='ocrx_word' id='word_1_263' title='bbox 3514 2178 3569 2241; x_wconf 89' lang='lat' dir='ltr'>in</span> 
     </span>
     <span class='ocr_line' id='line_1_22' title="bbox 663 2266 3571 2353; baseline -0.002 -20"><span class='ocrx_word' id='word_1_264' title='bbox 663 2268 896 2333; x_wconf 88' lang='lat' dir='ltr'>nostris</span> <span class='ocrx_word' id='word_1_265' title='bbox 943 2270 1335 2353; x_wconf 86' lang='lat' dir='ltr'>oppugnent,</span> <span class='ocrx_word' id='word_1_266' title='bbox 1383 2270 1429 2333; x_wconf 66' lang='grc' dir='ltr'>ἃ</span> <span class='ocrx_word' id='word_1_267' title='bbox 1469 2268 1622 2351; x_wconf 87' lang='lat' dir='ltr'>quid</span> <span class='ocrx_word' id='word_1_268' title='bbox 1645 2268 1849 2337; x_wconf 78' lang='lat' dir='ltr'>nostri</span> <span class='ocrx_word' id='word_1_269' title='bbox 1882 2289 1958 2331; x_wconf 92' lang='lat' dir='ltr'>ex</span> <span class='ocrx_word' id='word_1_270' title='bbox 1984 2267 2317 2352; x_wconf 88' lang='lat' dir='ltr'>scripturis</span> <span class='ocrx_word' id='word_1_271' title='bbox 2340 2270 2387 2334; x_wconf 73' lang='grc' dir='ltr'>δι</span> <span class='ocrx_word' id='word_1_272' title='bbox 2410 2268 2762 2333; x_wconf 85' lang='lat' dir='ltr'>orthodoxa</span> <span class='ocrx_word' id='word_1_273' title='bbox 2788 2267 3174 2351; x_wconf 88' lang='lat' dir='ltr'>antiquitate</span> <span class='ocrx_word' id='word_1_274' title='bbox 3196 2266 3571 2331; x_wconf 82' lang='lat' dir='ltr'>defenderint</span> 
     </span>
     <span class='ocr_line' id='line_1_23' title="bbox 664 2355 3569 2442; baseline -0.002 -20"><span class='ocrx_word' id='word_1_275' title='bbox 664 2358 805 2422; x_wconf 85' lang='lat' dir='ltr'>vide</span> <span class='ocrx_word' id='word_1_276' title='bbox 845 2357 1012 2442; x_wconf 87' lang='lat' dir='ltr'>apud</span> <span class='ocrx_word' id='word_1_277' title='bbox 1039 2358 1395 2429; x_wconf 70' lang='lat' dir='ltr'>Damam,</span> <span class='ocrx_word' id='word_1_278' title='bbox 1426 2357 1680 2422; x_wconf 78' lang='lat' dir='ltr'>Bezam.</span> <span class='ocrx_word' id='word_1_279' title='bbox 1719 2356 2077 2423; x_wconf 75' lang='lat' dir='ltr'>Zanchium</span> <span class='ocrx_word' id='word_1_280' title='bbox 2109 2356 2430 2422; x_wconf 80' lang='lat' dir='ltr'>Zadeelem</span> <span class='ocrx_word' id='word_1_281' title='bbox 2453 2358 2534 2421; x_wconf 92' lang='lat' dir='ltr'>ab</span> <span class='ocrx_word' id='word_1_282' title='bbox 2560 2355 2937 2421; x_wconf 87' lang='lat' dir='ltr'>adversariis</span> <span class='ocrx_word' id='word_1_283' title='bbox 2962 2357 3199 2421; x_wconf 88' lang='lat' dir='ltr'>ibidem</span> <span class='ocrx_word' id='word_1_284' title='bbox 3222 2356 3453 2421; x_wconf 73' lang='lat' dir='ltr'>citatos.</span> <span class='ocrx_word' id='word_1_285' title='bbox 3482 2356 3569 2417; x_wconf 93' lang='grc'>11.</span> 
     </span>
     <span class='ocr_line' id='line_1_24' title="bbox 668 2443 3670 2532; baseline -0.002 -18"><span class='ocrx_word' id='word_1_286' title='bbox 668 2447 886 2514; x_wconf 76' lang='lat' dir='ltr'>Gloria</span> <span class='ocrx_word' id='word_1_287' title='bbox 928 2446 1050 2510; x_wconf 91' lang='lat' dir='ltr'>Dei</span> <span class='ocrx_word' id='word_1_288' title='bbox 1097 2447 1190 2532; x_wconf 92' lang='lat' dir='ltr'>(in</span> <span class='ocrx_word' id='word_1_289' title='bbox 1236 2447 1414 2530; x_wconf 89' lang='lat' dir='ltr'>cujus</span> <span class='ocrx_word' id='word_1_290' title='bbox 1453 2446 1812 2526; x_wconf 81' lang='lat' dir='ltr'>cognitione</span> <span class='ocrx_word' id='word_1_291' title='bbox 1836 2446 2143 2510; x_wconf 88' lang='lat' dir='ltr'>fundatur</span> <span class='ocrx_word' id='word_1_292' title='bbox 2172 2445 2378 2511; x_wconf 91' lang='lat' dir='ltr'>omnis</span> <span class='ocrx_word' id='word_1_293' title='bbox 2403 2445 2783 2530; x_wconf 87' lang='lat' dir='ltr'>glorificatio</span> <span class='ocrx_word' id='word_1_294' title='bbox 2807 2445 3268 2529; x_wconf 90' lang='lat' dir='ltr'>creaturarum)</span> <span class='ocrx_word' id='word_1_295' title='bbox 3292 2467 3431 2510; x_wconf 86' lang='lat' dir='ltr'>esse</span> <span class='ocrx_word' id='word_1_296' title='bbox 3453 2443 3572 2508; x_wconf 88' lang='lat' dir='ltr'>Deo</span> <span class='ocrx_word' id='word_1_297' title='bbox 3668 2493 3670 2498; x_wconf 85' lang='lat'>.</span> 
     </span>
    </p>
   </div>
   <div class='ocr_carea' id='block_1_11' title="bbox 665 2533 3670 2618">
    <p class='ocr_par' dir='ltr' id='par_1_11' title="bbox 665 2533 3670 2618">
     <span class='ocr_line' id='line_1_25' title="bbox 665 2533 3670 2618; baseline -0.002 -18"><span class='ocrx_word' id='word_1_298' title='bbox 665 2535 1089 2612; x_wconf 87' lang='lat' dir='ltr'>essentialem,</span> <span class='ocrx_word' id='word_1_299' title='bbox 1135 2535 1327 2598; x_wconf 88' lang='lat' dir='ltr'>unius</span> <span class='ocrx_word' id='word_1_300' title='bbox 1373 2536 1568 2599; x_wconf 88' lang='lat' dir='ltr'>solius</span> <span class='ocrx_word' id='word_1_301' title='bbox 1615 2536 1662 2600; x_wconf 69' lang='grc' dir='ltr'>δι</span> <span class='ocrx_word' id='word_1_302' title='bbox 1685 2557 1937 2618; x_wconf 87' lang='lat' dir='ltr'>semper</span> <span class='ocrx_word' id='word_1_303' title='bbox 1966 2534 2311 2618; x_wconf 88' lang='lat' dir='ltr'>propriam,</span> <span class='ocrx_word' id='word_1_304' title='bbox 2335 2557 2451 2600; x_wconf 91' lang='lat' dir='ltr'>nec</span> <span class='ocrx_word' id='word_1_305' title='bbox 2475 2535 2593 2599; x_wconf 93' lang='lat' dir='ltr'>ulli</span> <span class='ocrx_word' id='word_1_306' title='bbox 2624 2538 2953 2600; x_wconf 90' lang='lat' dir='ltr'>creaturae</span> <span class='ocrx_word' id='word_1_307' title='bbox 2976 2533 3569 2598; x_wconf 89' lang='lat' dir='ltr'>communicabilem.</span> <span class='ocrx_word' id='word_1_308' title='bbox 3667 2561 3670 2602; x_wconf 31' lang='grc' dir='ltr'><em>ξ</em></span> 
     </span>
    </p>
   </div>
   <div class='ocr_carea' id='block_1_12' title="bbox 663 2617 3670 4545">
    <p class='ocr_par' dir='ltr' id='par_1_12' title="bbox 663 2617 3670 4542">
     <span class='ocr_line' id='line_1_26' title="bbox 670 2617 3670 2708; baseline -0.001 -21"><span class='ocrx_word' id='word_1_309' title='bbox 670 2625 770 2687; x_wconf 88' lang='grc'>12.</span> <span class='ocrx_word' id='word_1_310' title='bbox 798 2625 958 2690; x_wconf 83' lang='lat' dir='ltr'>Eam</span> <span class='ocrx_word' id='word_1_311' title='bbox 981 2622 1234 2687; x_wconf 87' lang='lat' dir='ltr'>differre</span> <span class='ocrx_word' id='word_1_312' title='bbox 1261 2627 1300 2686; x_wconf 75' lang='lat' dir='ltr'>a</span> <span class='ocrx_word' id='word_1_313' title='bbox 1322 2624 1528 2708; x_wconf 89' lang='lat' dir='ltr'>gloria</span> <span class='ocrx_word' id='word_1_314' title='bbox 1551 2623 1790 2689; x_wconf 85' lang='lat' dir='ltr'>Christi</span> <span class='ocrx_word' id='word_1_315' title='bbox 1823 2624 2108 2688; x_wconf 89' lang='lat' dir='ltr'>humana</span> <span class='ocrx_word' id='word_1_316' title='bbox 2131 2625 2177 2689; x_wconf 66' lang='grc' dir='ltr'>ἃ</span> <span class='ocrx_word' id='word_1_317' title='bbox 2200 2623 2594 2700; x_wconf 86' lang='lat' dir='ltr'>mediatoria,</span> <span class='ocrx_word' id='word_1_318' title='bbox 2620 2623 2857 2708; x_wconf 88' lang='lat' dir='ltr'>quippe</span> <span class='ocrx_word' id='word_1_319' title='bbox 2882 2645 3047 2707; x_wconf 87' lang='lat' dir='ltr'>quae</span> <span class='ocrx_word' id='word_1_320' title='bbox 3072 2621 3158 2686; x_wconf 89' lang='lat' dir='ltr'>sit</span> <span class='ocrx_word' id='word_1_321' title='bbox 3178 2621 3443 2686; x_wconf 89' lang='lat' dir='ltr'>inferior</span> <span class='ocrx_word' id='word_1_322' title='bbox 3463 2643 3569 2684; x_wconf 88' lang='lat' dir='ltr'>non</span> <span class='ocrx_word' id='word_1_323' title='bbox 3668 2617 3670 2676; x_wconf 80' lang='grc' dir='ltr'>ἶ</span> 
     </span>
     <span class='ocr_line' id='line_1_27' title="bbox 666 2710 3572 2796; baseline -0.002 -19"><span class='ocrx_word' id='word_1_324' title='bbox 666 2712 916 2777; x_wconf 81' lang='lat' dir='ltr'>divinae</span> <span class='ocrx_word' id='word_1_325' title='bbox 963 2711 1268 2794; x_wconf 77' lang='lat' dir='ltr'>aequaliS,</span> <span class='ocrx_word' id='word_1_326' title='bbox 1317 2713 1427 2776; x_wconf 91' lang='lat' dir='ltr'>sed</span> <span class='ocrx_word' id='word_1_327' title='bbox 1449 2713 1758 2796; x_wconf 85' lang='lat' dir='ltr'>proxima.</span> <span class='ocrx_word' id='word_1_328' title='bbox 1793 2713 1937 2790; x_wconf 85' lang='lat' dir='ltr'>(Est</span> <span class='ocrx_word' id='word_1_329' title='bbox 1968 2712 2136 2776; x_wconf 90' lang='lat' dir='ltr'>enim</span> <span class='ocrx_word' id='word_1_330' title='bbox 2161 2711 2276 2776; x_wconf 91' lang='lat' dir='ltr'>illa</span> <span class='ocrx_word' id='word_1_331' title='bbox 2300 2712 2678 2790; x_wconf 88' lang='lat' dir='ltr'>essentialis,</span> <span class='ocrx_word' id='word_1_332' title='bbox 2704 2735 2783 2776; x_wconf 81' lang='lat' dir='ltr'>ex</span> <span class='ocrx_word' id='word_1_333' title='bbox 2814 2710 3095 2776; x_wconf 89' lang='lat' dir='ltr'>naturali</span> <span class='ocrx_word' id='word_1_334' title='bbox 3120 2710 3493 2776; x_wconf 84' lang='lat' dir='ltr'>necessitate</span> <span class='ocrx_word' id='word_1_335' title='bbox 3512 2731 3572 2772; x_wconf 84' lang='lat' dir='ltr'>ac</span> 
     </span>
     <span class='ocr_line' id='line_1_28' title="bbox 665 2797 3573 2886; baseline -0.001 -23"><span class='ocrx_word' id='word_1_336' title='bbox 665 2799 1054 2884; x_wconf 86' lang='lat' dir='ltr'>proprietate</span> <span class='ocrx_word' id='word_1_337' title='bbox 1079 2800 1212 2864; x_wconf 88' lang='lat' dir='ltr'>filio</span> <span class='ocrx_word' id='word_1_338' title='bbox 1236 2803 1274 2862; x_wconf 76' lang='grc' dir='ltr'>ὲ.</span> <span class='ocrx_word' id='word_1_339' title='bbox 1297 2805 1479 2883; x_wconf 88' lang='lat' dir='ltr'>patre</span> <span class='ocrx_word' id='word_1_340' title='bbox 1504 2805 1851 2886; x_wconf 87' lang='lat' dir='ltr'>generante</span> <span class='ocrx_word' id='word_1_341' title='bbox 1876 2800 2357 2864; x_wconf 87' lang='lat' dir='ltr'>communicata.</span> <span class='ocrx_word' id='word_1_342' title='bbox 2384 2799 2518 2864; x_wconf 90' lang='lat' dir='ltr'>Ista</span> <span class='ocrx_word' id='word_1_343' title='bbox 2541 2823 2689 2865; x_wconf 86' lang='lat' dir='ltr'>vero</span> <span class='ocrx_word' id='word_1_344' title='bbox 2707 2804 2803 2864; x_wconf 88' lang='lat' dir='ltr'>est</span> <span class='ocrx_word' id='word_1_345' title='bbox 2819 2799 3077 2864; x_wconf 88' lang='lat' dir='ltr'>Christo</span> <span class='ocrx_word' id='word_1_346' title='bbox 3090 2803 3221 2883; x_wconf 75' lang='lat' dir='ltr'>qua</span> <span class='ocrx_word' id='word_1_347' title='bbox 3240 2797 3573 2874; x_wconf 88' lang='lat' dir='ltr'>mediatori,</span> 
     </span>
     <span class='ocr_line' id='line_1_29' title="bbox 666 2885 3670 2972; baseline -0.002 -18"><span class='ocrx_word' id='word_1_348' title='bbox 666 2891 712 2954; x_wconf 67' lang='grc' dir='ltr'>ἃ</span> <span class='ocrx_word' id='word_1_349' title='bbox 759 2891 887 2972; x_wconf 76' lang='lat' dir='ltr'>qua</span> <span class='ocrx_word' id='word_1_350' title='bbox 931 2887 1175 2952; x_wconf 91' lang='lat' dir='ltr'>homini</span> <span class='ocrx_word' id='word_1_351' title='bbox 1225 2889 1457 2953; x_wconf 89' lang='lat' dir='ltr'>collata</span> <span class='ocrx_word' id='word_1_352' title='bbox 1500 2912 1578 2954; x_wconf 85' lang='lat' dir='ltr'>ex</span> <span class='ocrx_word' id='word_1_353' title='bbox 1624 2890 1828 2955; x_wconf 88' lang='lat' dir='ltr'>libera</span> <span class='ocrx_word' id='word_1_354' title='bbox 1873 2888 1992 2952; x_wconf 90' lang='lat' dir='ltr'>Dei</span> <span class='ocrx_word' id='word_1_355' title='bbox 2041 2888 2388 2965; x_wconf 85' lang='lat' dir='ltr'>voluntate,</span> <span class='ocrx_word' id='word_1_356' title='bbox 2436 2891 2482 2955; x_wconf 67' lang='grc' dir='ltr'>ἃ</span> <span class='ocrx_word' id='word_1_357' title='bbox 2528 2889 2731 2953; x_wconf 89' lang='lat' dir='ltr'>libera</span> <span class='ocrx_word' id='word_1_358' title='bbox 2776 2888 3023 2972; x_wconf 87' lang='lat' dir='ltr'>gratiae</span> <span class='ocrx_word' id='word_1_359' title='bbox 3072 2885 3571 2972; x_wconf 85' lang='lat' dir='ltr'>dispensatione.)</span> <span class='ocrx_word' id='word_1_360' title='bbox 3667 2889 3670 2896; x_wconf 83' lang='grc'><em>“</em></span> 
     </span>
     <span class='ocr_line' id='line_1_30' title="bbox 667 2974 3670 3062; baseline -0.001 -22"><span class='ocrx_word' id='word_1_361' title='bbox 667 2976 951 3041; x_wconf 83' lang='lat' dir='ltr'>Gloriam</span> <span class='ocrx_word' id='word_1_362' title='bbox 1000 2981 1213 3041; x_wconf 91' lang='lat' dir='ltr'>autem</span> <span class='ocrx_word' id='word_1_363' title='bbox 1261 2980 1417 3062; x_wconf 74' lang='lat' dir='ltr'>pure</span> <span class='ocrx_word' id='word_1_364' title='bbox 1460 2978 1740 3042; x_wconf 81' lang='lat' dir='ltr'>divinam</span> <span class='ocrx_word' id='word_1_365' title='bbox 1789 2977 2044 3043; x_wconf 87' lang='lat' dir='ltr'>Christo</span> <span class='ocrx_word' id='word_1_366' title='bbox 2092 2977 2402 3042; x_wconf 84' lang='lat' dir='ltr'>duntaxat</span> <span class='ocrx_word' id='word_1_367' title='bbox 2445 2977 2666 3056; x_wconf 89' lang='lat' dir='ltr'>tribui,</span> <span class='ocrx_word' id='word_1_368' title='bbox 2724 3000 2852 3061; x_wconf 91' lang='lat' dir='ltr'>qua</span> <span class='ocrx_word' id='word_1_369' title='bbox 2906 2975 3082 3040; x_wconf 88' lang='lat' dir='ltr'>Deus</span> <span class='ocrx_word' id='word_1_370' title='bbox 3138 2980 3253 3040; x_wconf 91' lang='lat' dir='ltr'>est.</span> <span class='ocrx_word' id='word_1_371' title='bbox 3304 2974 3571 3059; x_wconf 83' lang='lat' dir='ltr'>Utraque</span> <span class='ocrx_word' id='word_1_372' title='bbox 3668 2979 3670 2982; x_wconf 49' lang='lat'><em>⁴</em></span> 
     </span>
     <span class='ocr_line' id='line_1_31' title="bbox 667 3063 3573 3151; baseline -0 -22"><span class='ocrx_word' id='word_1_373' title='bbox 667 3065 826 3132; x_wconf 88' lang='lat' dir='ltr'>haec</span> <span class='ocrx_word' id='word_1_374' title='bbox 886 3065 1262 3149; x_wconf 84' lang='lat' dir='ltr'>hypothesis</span> <span class='ocrx_word' id='word_1_375' title='bbox 1324 3065 1656 3131; x_wconf 83' lang='lat' dir='ltr'>deducitur</span> <span class='ocrx_word' id='word_1_376' title='bbox 1721 3070 1760 3130; x_wconf 72' lang='lat' dir='ltr'>a</span> <span class='ocrx_word' id='word_1_377' title='bbox 1809 3067 2054 3133; x_wconf 70' lang='lat' dir='ltr'>Polemo</span> <span class='ocrx_word' id='word_1_378' title='bbox 2092 3077 2405 3151; x_wconf 72' lang='lat' dir='ltr'>synlaqm.</span> <span class='ocrx_word' id='word_1_379' title='bbox 2452 3065 2556 3130; x_wconf 79' lang='lat' dir='ltr'>cib.</span> <span class='ocrx_word' id='word_1_380' title='bbox 2600 3068 2659 3130; x_wconf 88' lang='grc'><strong>2.</strong></span> <span class='ocrx_word' id='word_1_381' title='bbox 2700 3089 2750 3131; x_wconf 86' lang='lat' dir='ltr'>c.</span> <span class='ocrx_word' id='word_1_382' title='bbox 2794 3066 2897 3129; x_wconf 87' lang='grc'><strong>31.</strong></span> <span class='ocrx_word' id='word_1_383' title='bbox 2938 3086 3083 3150; x_wconf 71' lang='lat' dir='ltr'>paq.</span> <span class='ocrx_word' id='word_1_384' title='bbox 3132 3065 3278 3128; x_wconf 85' lang='lat'>190.</span> <span class='ocrx_word' id='word_1_385' title='bbox 3337 3063 3493 3128; x_wconf 84' lang='lat' dir='ltr'>Vide</span> <span class='ocrx_word' id='word_1_386' title='bbox 3534 3065 3573 3127; x_wconf 66' lang='lat' dir='ltr'>s</span> 
     </span>
     <span class='ocr_line' id='line_1_32' title="bbox 663 3151 3571 3239; baseline -0.002 -19"><span class='ocrx_word' id='word_1_387' title='bbox 663 3153 882 3220; x_wconf 88' lang='lat' dir='ltr'>confer</span> <span class='ocrx_word' id='word_1_388' title='bbox 913 3153 1053 3218; x_wconf 88' lang='lat' dir='ltr'>fuse</span> <span class='ocrx_word' id='word_1_389' title='bbox 1078 3153 1125 3218; x_wconf 75' lang='grc' dir='ltr'>δι</span> <span class='ocrx_word' id='word_1_390' title='bbox 1149 3177 1226 3218; x_wconf 85' lang='lat' dir='ltr'>ex</span> <span class='ocrx_word' id='word_1_391' title='bbox 1251 3154 1533 3238; x_wconf 88' lang='lat' dir='ltr'>professo</span> <span class='ocrx_word' id='word_1_392' title='bbox 1565 3156 1728 3220; x_wconf 88' lang='lat' dir='ltr'>hanc</span> <span class='ocrx_word' id='word_1_393' title='bbox 1757 3155 2207 3232; x_wconf 87' lang='lat' dir='ltr'>distictionem‚</span> <span class='ocrx_word' id='word_1_394' title='bbox 2233 3154 2493 3239; x_wconf 90' lang='lat' dir='ltr'>ejusque</span> <span class='ocrx_word' id='word_1_395' title='bbox 2514 3154 2957 3220; x_wconf 88' lang='lat' dir='ltr'>necessitatem</span> <span class='ocrx_word' id='word_1_396' title='bbox 2982 3157 3201 3218; x_wconf 87' lang='lat' dir='ltr'>contra</span> <span class='ocrx_word' id='word_1_397' title='bbox 3226 3151 3571 3218; x_wconf 84' lang='lat' dir='ltr'>Socinianos</span> 
     </span>
     <span class='ocr_line' id='line_1_33' title="bbox 666 3241 3571 3330; baseline -0.002 -23"><span class='ocrx_word' id='word_1_398' title='bbox 666 3242 1048 3327; x_wconf 84' lang='lat' dir='ltr'>explicatam</span> <span class='ocrx_word' id='word_1_399' title='bbox 1083 3246 1122 3306; x_wconf 75' lang='lat' dir='ltr'>a</span> <span class='ocrx_word' id='word_1_400' title='bbox 1150 3243 1518 3330; x_wconf 83' lang='lat' dir='ltr'>Polyandro</span> <span class='ocrx_word' id='word_1_401' title='bbox 1543 3245 1612 3310; x_wconf 81' lang='lat' dir='ltr'>in</span> <span class='ocrx_word' id='word_1_402' title='bbox 1635 3244 1844 3329; x_wconf 82' lang='lat' dir='ltr'>primo</span> <span class='ocrx_word' id='word_1_403' title='bbox 1868 3244 2312 3309; x_wconf 75' lang='lat' dir='ltr'>concertatione</span> <span class='ocrx_word' id='word_1_404' title='bbox 2332 3265 2381 3307; x_wconf 90' lang='lat' dir='ltr'>c.</span> <span class='ocrx_word' id='word_1_405' title='bbox 2409 3244 2777 3310; x_wconf 72' lang='lat' dir='ltr'>Socinianos</span> <span class='ocrx_word' id='word_1_406' title='bbox 2800 3265 2914 3327; x_wconf 81' lang='lat' dir='ltr'>cap</span> <span class='ocrx_word' id='word_1_407' title='bbox 2964 3245 3069 3307; x_wconf 88' lang='lat'>31.</span> <span class='ocrx_word' id='word_1_408' title='bbox 3096 3265 3211 3326; x_wconf 87' lang='lat' dir='ltr'>per</span> <span class='ocrx_word' id='word_1_409' title='bbox 3232 3245 3456 3306; x_wconf 90' lang='lat' dir='ltr'>totum.</span> <span class='ocrx_word' id='word_1_410' title='bbox 3485 3241 3571 3303; x_wconf 88' lang='lat'>13.</span> 
     </span>
     <span class='ocr_line' id='line_1_34' title="bbox 666 3329 3573 3417; baseline -0.002 -20"><span class='ocrx_word' id='word_1_411' title='bbox 666 3331 995 3397; x_wconf 86' lang='lat' dir='ltr'>Christum</span> <span class='ocrx_word' id='word_1_412' title='bbox 1025 3335 1340 3415; x_wconf 89' lang='lat' dir='ltr'>quatenus</span> <span class='ocrx_word' id='word_1_413' title='bbox 1364 3333 1675 3398; x_wconf 87' lang='lat' dir='ltr'>mediator</span> <span class='ocrx_word' id='word_1_414' title='bbox 1697 3336 1816 3411; x_wconf 90' lang='lat' dir='ltr'>est,</span> <span class='ocrx_word' id='word_1_415' title='bbox 1839 3337 2025 3417; x_wconf 83' lang='lat' dir='ltr'>patre</span> <span class='ocrx_word' id='word_1_416' title='bbox 2050 3332 2379 3409; x_wconf 88' lang='lat' dir='ltr'>minorem,</span> <span class='ocrx_word' id='word_1_417' title='bbox 2408 3332 2591 3417; x_wconf 89' lang='lat' dir='ltr'>eique</span> <span class='ocrx_word' id='word_1_418' title='bbox 2622 3331 3107 3396; x_wconf 87' lang='lat' dir='ltr'>subordinatum</span> <span class='ocrx_word' id='word_1_419' title='bbox 3130 3329 3573 3416; x_wconf 77' lang='lat' dir='ltr'>&amp;inaequalem</span> 
     </span>
     <span class='ocr_line' id='line_1_35' title="bbox 665 3417 3573 3506; baseline -0.002 -21"><span class='ocrx_word' id='word_1_420' title='bbox 665 3442 830 3485; x_wconf 88' lang='lat' dir='ltr'>esse:</span> <span class='ocrx_word' id='word_1_421' title='bbox 857 3424 1238 3506; x_wconf 83' lang='lat' dir='ltr'>quaetamen</span> <span class='ocrx_word' id='word_1_422' title='bbox 1253 3420 1678 3505; x_wconf 86' lang='lat' dir='ltr'>inaequalitas</span> <span class='ocrx_word' id='word_1_423' title='bbox 1694 3444 1818 3485; x_wconf 90' lang='lat' dir='ltr'>non</span> <span class='ocrx_word' id='word_1_424' title='bbox 1837 3422 2151 3486; x_wconf 86' lang='lat' dir='ltr'>naturalis</span> <span class='ocrx_word' id='word_1_425' title='bbox 2169 3422 2213 3485; x_wconf 65' lang='grc' dir='ltr'>ἃ</span> <span class='ocrx_word' id='word_1_426' title='bbox 2231 3421 2671 3486; x_wconf 88' lang='lat' dir='ltr'>substantialis</span> <span class='ocrx_word' id='word_1_427' title='bbox 2684 3421 2795 3485; x_wconf 89' lang='lat' dir='ltr'>sed</span> <span class='ocrx_word' id='word_1_428' title='bbox 2812 3419 3231 3484; x_wconf 88' lang='lat' dir='ltr'>Oeconomica</span> <span class='ocrx_word' id='word_1_429' title='bbox 3246 3419 3293 3482; x_wconf 64' lang='grc' dir='ltr'>ἃ</span> <span class='ocrx_word' id='word_1_430' title='bbox 3308 3417 3573 3490; x_wconf 51' lang='lat' dir='ltr'>relativa</span> 
     </span>
     <span class='ocr_line' id='line_1_36' title="bbox 667 3506 3575 3593; baseline -0.002 -20"><span class='ocrx_word' id='word_1_431' title='bbox 667 3510 836 3593; x_wconf 88' lang='lat' dir='ltr'>quod</span> <span class='ocrx_word' id='word_1_432' title='bbox 857 3533 936 3574; x_wconf 88' lang='lat' dir='ltr'>ex</span> <span class='ocrx_word' id='word_1_433' title='bbox 965 3517 1020 3572; x_wconf 88' lang='lat'>1.</span> <span class='ocrx_word' id='word_1_434' title='bbox 1052 3511 1189 3576; x_wconf 88' lang='lat' dir='ltr'>Cor.</span> <span class='ocrx_word' id='word_1_435' title='bbox 1222 3510 1322 3573; x_wconf 92' lang='lat'>11.</span> <span class='ocrx_word' id='word_1_436' title='bbox 1351 3511 1409 3572; x_wconf 88' lang='grc'><strong>3.</strong></span> <span class='ocrx_word' id='word_1_437' title='bbox 1435 3511 1552 3576; x_wconf 76' lang='lat' dir='ltr'>les.</span> <span class='ocrx_word' id='word_1_438' title='bbox 1582 3513 1642 3575; x_wconf 89' lang='grc'>2.</span> <span class='ocrx_word' id='word_1_439' title='bbox 1674 3510 1732 3575; x_wconf 91' lang='lat' dir='ltr'>l.</span> <span class='ocrx_word' id='word_1_440' title='bbox 1756 3509 1893 3575; x_wconf 75' lang='lat' dir='ltr'>Jok.</span> <span class='ocrx_word' id='word_1_441' title='bbox 1926 3511 2022 3573; x_wconf 88' lang='lat'>14.</span> <span class='ocrx_word' id='word_1_442' title='bbox 2054 3511 2158 3574; x_wconf 83' lang='lat'>28.</span> <span class='ocrx_word' id='word_1_443' title='bbox 2183 3509 2381 3573; x_wconf 85' lang='lat' dir='ltr'>nostri</span> <span class='ocrx_word' id='word_1_444' title='bbox 2406 3509 2473 3572; x_wconf 92' lang='lat' dir='ltr'>in</span> <span class='ocrx_word' id='word_1_445' title='bbox 2496 3508 3034 3591; x_wconf 85' lang='lat' dir='ltr'>disputationibus</span> <span class='ocrx_word' id='word_1_446' title='bbox 3050 3513 3273 3573; x_wconf 89' lang='lat' dir='ltr'>contra</span> <span class='ocrx_word' id='word_1_447' title='bbox 3296 3506 3575 3572; x_wconf 74' lang='lat' dir='ltr'>Arrianus</span> 
     </span>
     <span class='ocr_line' id='line_1_37' title="bbox 667 3595 3577 3683; baseline -0.002 -21"><span class='ocrx_word' id='word_1_448' title='bbox 667 3599 1032 3663; x_wconf 88' lang='lat' dir='ltr'>concedunt.</span> <span class='ocrx_word' id='word_1_449' title='bbox 1081 3597 1247 3663; x_wconf 86' lang='lat' dir='ltr'>Vide</span> <span class='ocrx_word' id='word_1_450' title='bbox 1293 3600 1397 3663; x_wconf 83' lang='lat' dir='ltr'>Fr.</span> <span class='ocrx_word' id='word_1_451' title='bbox 1446 3600 1716 3665; x_wconf 76' lang='lat' dir='ltr'>lunium</span> <span class='ocrx_word' id='word_1_452' title='bbox 1762 3600 2019 3683; x_wconf 74' lang='lat' dir='ltr'>Defene.</span> <span class='ocrx_word' id='word_1_453' title='bbox 2066 3599 2128 3662; x_wconf 87' lang='lat'>2.</span> <span class='ocrx_word' id='word_1_454' title='bbox 2174 3598 2250 3662; x_wconf 80' lang='lat' dir='ltr'>de</span> <span class='ocrx_word' id='word_1_455' title='bbox 2306 3598 2479 3662; x_wconf 79' lang='lat' dir='ltr'>Trin.</span> <span class='ocrx_word' id='word_1_456' title='bbox 2506 3619 2555 3662; x_wconf 87' lang='lat' dir='ltr'>c.</span> <span class='ocrx_word' id='word_1_457' title='bbox 2586 3599 2642 3661; x_wconf 86' lang='lat'>7.</span> <span class='ocrx_word' id='word_1_458' title='bbox 2676 3599 2775 3660; x_wconf 86' lang='grc'>11.</span> <span class='ocrx_word' id='word_1_459' title='bbox 2808 3599 2911 3661; x_wconf 92' lang='grc'>12.</span> <span class='ocrx_word' id='word_1_460' title='bbox 2937 3598 3046 3662; x_wconf 90' lang='grc'>20.</span> <span class='ocrx_word' id='word_1_461' title='bbox 3072 3598 3119 3662; x_wconf 66' lang='grc' dir='ltr'>ἃ</span> <span class='ocrx_word' id='word_1_462' title='bbox 3146 3597 3493 3663; x_wconf 78' lang='lat' dir='ltr'>Zanchiam</span> <span class='ocrx_word' id='word_1_463' title='bbox 3512 3595 3577 3658; x_wconf 81' lang='lat' dir='ltr'>de</span> 
     </span>
     <span class='ocr_line' id='line_1_38' title="bbox 677 3683 3573 3772; baseline -0.002 -22"><span class='ocrx_word' id='word_1_464' title='bbox 677 3686 905 3752; x_wconf 63' lang='lat' dir='ltr'>Tribus</span> <span class='ocrx_word' id='word_1_465' title='bbox 931 3687 1177 3753; x_wconf 74' lang='lat' dir='ltr'>Elokim</span> <span class='ocrx_word' id='word_1_466' title='bbox 1199 3699 1366 3772; x_wconf 82' lang='lat' dir='ltr'>part.</span> <span class='ocrx_word' id='word_1_467' title='bbox 1395 3689 1455 3750; x_wconf 89' lang='grc'>2.</span> <span class='ocrx_word' id='word_1_468' title='bbox 1489 3690 1530 3754; x_wconf 86' lang='lat' dir='ltr'>l.</span> <span class='ocrx_word' id='word_1_469' title='bbox 1559 3691 1619 3753; x_wconf 87' lang='lat'>3.</span> <span class='ocrx_word' id='word_1_470' title='bbox 1644 3710 1692 3753; x_wconf 87' lang='lat' dir='ltr'>c.</span> <span class='ocrx_word' id='word_1_471' title='bbox 1726 3689 1826 3751; x_wconf 90' lang='lat'>10.</span> <span class='ocrx_word' id='word_1_472' title='bbox 1856 3689 1902 3753; x_wconf 68' lang='grc' dir='ltr'>δι</span> <span class='ocrx_word' id='word_1_473' title='bbox 1932 3689 2118 3752; x_wconf 92' lang='grc'><strong>11.-</strong></span> <span class='ocrx_word' id='word_1_474' title='bbox 2148 3684 2269 3751; x_wconf 93' lang='grc' dir='ltr'><strong>ΙΙΙ.</strong></span> <span class='ocrx_word' id='word_1_475' title='bbox 2298 3686 2625 3752; x_wconf 77' lang='lat' dir='ltr'>Postulala</span> <span class='ocrx_word' id='word_1_476' title='bbox 2647 3687 2807 3751; x_wconf 89' lang='lat' dir='ltr'>haec</span> <span class='ocrx_word' id='word_1_477' title='bbox 2836 3689 3047 3763; x_wconf 88' lang='lat' dir='ltr'>sunto,</span> <span class='ocrx_word' id='word_1_478' title='bbox 3072 3708 3150 3750; x_wconf 90' lang='lat' dir='ltr'>ex</span> <span class='ocrx_word' id='word_1_479' title='bbox 3168 3683 3573 3770; x_wconf 70' lang='lat' dir='ltr'>philosophia.</span> 
     </span>
     <span class='ocr_line' id='line_1_39' title="bbox 673 3771 3573 3858; baseline -0.002 -19"><span class='ocrx_word' id='word_1_480' title='bbox 673 3776 731 3839; x_wconf 95' lang='grc'>1.</span> <span class='ocrx_word' id='word_1_481' title='bbox 779 3774 1014 3839; x_wconf 88' lang='lat' dir='ltr'>Forma</span> <span class='ocrx_word' id='word_1_482' title='bbox 1058 3775 1151 3840; x_wconf 88' lang='lat' dir='ltr'>rei</span> <span class='ocrx_word' id='word_1_483' title='bbox 1175 3776 1363 3840; x_wconf 87' lang='lat' dir='ltr'>unica</span> <span class='ocrx_word' id='word_1_484' title='bbox 1389 3779 1504 3854; x_wconf 89' lang='lat' dir='ltr'>est,</span> <span class='ocrx_word' id='word_1_485' title='bbox 1531 3778 1577 3843; x_wconf 67' lang='grc' dir='ltr'>ἃ</span> <span class='ocrx_word' id='word_1_486' title='bbox 1601 3799 1792 3841; x_wconf 88' lang='lat' dir='ltr'>causa</span> <span class='ocrx_word' id='word_1_487' title='bbox 1817 3775 2098 3840; x_wconf 88' lang='lat' dir='ltr'>efficiens</span> <span class='ocrx_word' id='word_1_488' title='bbox 2122 3774 2411 3858; x_wconf 83' lang='lat' dir='ltr'>proxima</span> <span class='ocrx_word' id='word_1_489' title='bbox 2436 3775 2623 3839; x_wconf 83' lang='lat' dir='ltr'>unica</span> <span class='ocrx_word' id='word_1_490' title='bbox 2649 3779 2767 3852; x_wconf 91' lang='lat' dir='ltr'>est,</span> <span class='ocrx_word' id='word_1_491' title='bbox 2794 3797 2921 3858; x_wconf 88' lang='lat' dir='ltr'>qua</span> <span class='ocrx_word' id='word_1_492' title='bbox 2952 3774 3163 3858; x_wconf 88' lang='lat' dir='ltr'>posita</span> <span class='ocrx_word' id='word_1_493' title='bbox 3192 3795 3295 3838; x_wconf 87' lang='lat' dir='ltr'>res</span> <span class='ocrx_word' id='word_1_494' title='bbox 3317 3771 3573 3858; x_wconf 85' lang='lat' dir='ltr'>ponitur,</span> 
     </span>
     <span class='ocr_line' id='line_1_40' title="bbox 667 3862 3573 3947; baseline -0.002 -18"><span class='ocrx_word' id='word_1_495' title='bbox 667 3864 715 3930; x_wconf 69' lang='grc' dir='ltr'>ἃ</span> <span class='ocrx_word' id='word_1_496' title='bbox 761 3864 979 3928; x_wconf 89' lang='lat' dir='ltr'>ablata</span> <span class='ocrx_word' id='word_1_497' title='bbox 1024 3863 1332 3928; x_wconf 85' lang='lat' dir='ltr'>aufertur.</span> <span class='ocrx_word' id='word_1_498' title='bbox 1382 3866 1442 3926; x_wconf 87' lang='grc'>2.</span> <span class='ocrx_word' id='word_1_499' title='bbox 1489 3865 1566 3928; x_wconf 90' lang='lat' dir='ltr'>In</span> <span class='ocrx_word' id='word_1_500' title='bbox 1611 3865 1830 3930; x_wconf 90' lang='lat' dir='ltr'>ordine</span> <span class='ocrx_word' id='word_1_501' title='bbox 1877 3865 1955 3928; x_wconf 92' lang='lat' dir='ltr'>ad</span> <span class='ocrx_word' id='word_1_502' title='bbox 1987 3864 2361 3929; x_wconf 84' lang='lat' dir='ltr'>facultatem</span> <span class='ocrx_word' id='word_1_503' title='bbox 2391 3886 2504 3928; x_wconf 91' lang='lat' dir='ltr'>seu</span> <span class='ocrx_word' id='word_1_504' title='bbox 2534 3862 2867 3938; x_wconf 88' lang='lat' dir='ltr'>actionem,</span> <span class='ocrx_word' id='word_1_505' title='bbox 2894 3885 3057 3947; x_wconf 89' lang='lat' dir='ltr'>quae</span> <span class='ocrx_word' id='word_1_506' title='bbox 3082 3862 3252 3926; x_wconf 86' lang='lat' dir='ltr'>circa</span> <span class='ocrx_word' id='word_1_507' title='bbox 3280 3862 3573 3946; x_wconf 76' lang='lat' dir='ltr'>objectum</span> 
     </span>
     <span class='ocr_line' id='line_1_41' title="bbox 666 3951 3575 4037; baseline -0.002 -19"><span class='ocrx_word' id='word_1_508' title='bbox 666 3957 976 4028; x_wconf 82' lang='lat' dir='ltr'>versatur,</span> <span class='ocrx_word' id='word_1_509' title='bbox 1029 3974 1154 4016; x_wconf 87' lang='lat' dir='ltr'>nna</span> <span class='ocrx_word' id='word_1_510' title='bbox 1201 3955 1454 4016; x_wconf 88' lang='lat' dir='ltr'>tantum</span> <span class='ocrx_word' id='word_1_511' title='bbox 1501 3957 1598 4018; x_wconf 87' lang='lat' dir='ltr'>est</span> <span class='ocrx_word' id='word_1_512' title='bbox 1643 3954 1807 4018; x_wconf 86' lang='lat' dir='ltr'>ratio</span> <span class='ocrx_word' id='word_1_513' title='bbox 1854 3953 2143 4018; x_wconf 90' lang='lat' dir='ltr'>formalis</span> <span class='ocrx_word' id='word_1_514' title='bbox 2175 3952 2241 4016; x_wconf 89' lang='lat' dir='ltr'>in</span> <span class='ocrx_word' id='word_1_515' title='bbox 2272 3953 2540 4036; x_wconf 90' lang='lat' dir='ltr'>objecto,</span> <span class='ocrx_word' id='word_1_516' title='bbox 2565 3951 2717 4037; x_wconf 91' lang='lat' dir='ltr'>quia</span> <span class='ocrx_word' id='word_1_517' title='bbox 2740 3951 2855 4015; x_wconf 91' lang='lat' dir='ltr'>illa</span> <span class='ocrx_word' id='word_1_518' title='bbox 2878 3951 3043 4015; x_wconf 91' lang='lat' dir='ltr'>nihil</span> <span class='ocrx_word' id='word_1_519' title='bbox 3070 3951 3247 4015; x_wconf 83' lang='lat' dir='ltr'>aliud</span> <span class='ocrx_word' id='word_1_520' title='bbox 3278 3953 3377 4016; x_wconf 88' lang='lat' dir='ltr'>est</span> <span class='ocrx_word' id='word_1_521' title='bbox 3402 3967 3575 4036; x_wconf 78' lang='lat' dir='ltr'>quam</span> 
     </span>
     <span class='ocr_line' id='line_1_42' title="bbox 667 4037 3572 4128; baseline -0.001 -22"><span class='ocrx_word' id='word_1_522' title='bbox 667 4043 880 4126; x_wconf 79' lang='lat' dir='ltr'>forma</span> <span class='ocrx_word' id='word_1_523' title='bbox 903 4041 1250 4108; x_wconf 77' lang='lat' dir='ltr'>secundum</span> <span class='ocrx_word' id='word_1_524' title='bbox 1273 4062 1468 4128; x_wconf 80' lang='lat' dir='ltr'>quam</span> <span class='ocrx_word' id='word_1_525' title='bbox 1489 4041 1792 4126; x_wconf 74' lang='lat' dir='ltr'>objectum</span> <span class='ocrx_word' id='word_1_526' title='bbox 1813 4053 1901 4107; x_wconf 79' lang='lat' dir='ltr'>est</span> <span class='ocrx_word' id='word_1_527' title='bbox 1924 4043 2229 4107; x_wconf 76' lang='lat' dir='ltr'>motivum</span> <span class='ocrx_word' id='word_1_528' title='bbox 2252 4041 2425 4106; x_wconf 72' lang='lat' dir='ltr'>illius</span> <span class='ocrx_word' id='word_1_529' title='bbox 2446 4041 2774 4126; x_wconf 75' lang='lat' dir='ltr'>polentiae,</span> <span class='ocrx_word' id='word_1_530' title='bbox 2806 4041 3153 4104; x_wconf 89' lang='lat' dir='ltr'>secundum</span> <span class='ocrx_word' id='word_1_531' title='bbox 3177 4039 3427 4105; x_wconf 76' lang='lat' dir='ltr'>Scotum</span> <span class='ocrx_word' id='word_1_532' title='bbox 3444 4038 3509 4102; x_wconf 80' lang='lat' dir='ltr'>in</span> <span class='ocrx_word' id='word_1_533' title='bbox 3526 4037 3572 4096; x_wconf 87' lang='lat' dir='ltr'>l.</span> 
     </span>
     <span class='ocr_line' id='line_1_43' title="bbox 665 4127 3573 4216; baseline -0.003 -21"><span class='ocrx_word' id='word_1_534' title='bbox 665 4131 808 4195; x_wconf 71' lang='lat' dir='ltr'>dist.</span> <span class='ocrx_word' id='word_1_535' title='bbox 838 4132 901 4194; x_wconf 88' lang='lat'>3.</span> <span class='ocrx_word' id='word_1_536' title='bbox 925 4151 1032 4216; x_wconf 80' lang='lat' dir='ltr'>qu.</span> <span class='ocrx_word' id='word_1_537' title='bbox 1061 4131 1117 4193; x_wconf 94' lang='lat'>1.</span> <span class='ocrx_word' id='word_1_538' title='bbox 1143 4130 1370 4214; x_wconf 91' lang='lat' dir='ltr'>Itaque</span> <span class='ocrx_word' id='word_1_539' title='bbox 1395 4131 1608 4214; x_wconf 89' lang='lat' dir='ltr'>plures</span> <span class='ocrx_word' id='word_1_540' title='bbox 1633 4129 1698 4195; x_wconf 90' lang='lat' dir='ltr'>in</span> <span class='ocrx_word' id='word_1_541' title='bbox 1721 4131 1943 4196; x_wconf 90' lang='lat' dir='ltr'>eodem</span> <span class='ocrx_word' id='word_1_542' title='bbox 1965 4131 2212 4214; x_wconf 85' lang='lat' dir='ltr'>objecto</span> <span class='ocrx_word' id='word_1_543' title='bbox 2236 4129 2571 4194; x_wconf 86' lang='lat' dir='ltr'>admittere</span> <span class='ocrx_word' id='word_1_544' title='bbox 2594 4128 2872 4193; x_wconf 87' lang='lat' dir='ltr'>rationes</span> <span class='ocrx_word' id='word_1_545' title='bbox 2896 4127 3199 4193; x_wconf 87' lang='lat' dir='ltr'>formales</span> <span class='ocrx_word' id='word_1_546' title='bbox 3222 4131 3357 4192; x_wconf 87' lang='lat' dir='ltr'>tam</span> <span class='ocrx_word' id='word_1_547' title='bbox 3372 4127 3573 4192; x_wconf 83' lang='lat' dir='ltr'>absur-</span> 
     </span>
     <span class='ocr_line' id='line_1_44' title="bbox 671 4215 3576 4303; baseline -0.003 -21"><span class='ocrx_word' id='word_1_548' title='bbox 671 4219 821 4283; x_wconf 91' lang='lat' dir='ltr'>dum</span> <span class='ocrx_word' id='word_1_549' title='bbox 863 4222 961 4283; x_wconf 90' lang='lat' dir='ltr'>est</span> <span class='ocrx_word' id='word_1_550' title='bbox 991 4241 1184 4302; x_wconf 90' lang='lat' dir='ltr'>quam</span> <span class='ocrx_word' id='word_1_551' title='bbox 1209 4219 1424 4302; x_wconf 90' lang='lat' dir='ltr'>plures</span> <span class='ocrx_word' id='word_1_552' title='bbox 1449 4220 1728 4303; x_wconf 89' lang='lat' dir='ltr'>ejusdem</span> <span class='ocrx_word' id='word_1_553' title='bbox 1755 4219 1847 4284; x_wconf 91' lang='lat' dir='ltr'>rei</span> <span class='ocrx_word' id='word_1_554' title='bbox 1872 4223 2153 4284; x_wconf 86' lang='lat' dir='ltr'>statuere</span> <span class='ocrx_word' id='word_1_555' title='bbox 2176 4219 2416 4282; x_wconf 88' lang='lat' dir='ltr'>formas</span> <span class='ocrx_word' id='word_1_556' title='bbox 2442 4217 2785 4302; x_wconf 84' lang='lat' dir='ltr'>specificas.</span> <span class='ocrx_word' id='word_1_557' title='bbox 2822 4219 2881 4279; x_wconf 88' lang='lat'>3.</span> <span class='ocrx_word' id='word_1_558' title='bbox 2914 4215 3101 4280; x_wconf 84' lang='lat' dir='ltr'>Ratio</span> <span class='ocrx_word' id='word_1_559' title='bbox 3124 4216 3381 4282; x_wconf 91' lang='lat' dir='ltr'>formali</span> <span class='ocrx_word' id='word_1_560' title='bbox 3403 4219 3471 4279; x_wconf 88' lang='lat' dir='ltr'>ut</span> <span class='ocrx_word' id='word_1_561' title='bbox 3490 4216 3576 4276; x_wconf 89' lang='lat' dir='ltr'>est</span> 
     </span>
     <span class='ocr_line' id='line_1_45' title="bbox 669 4299 3577 4393; baseline -0.002 -21"><span class='ocrx_word' id='word_1_562' title='bbox 669 4307 1074 4393; x_wconf 87' lang='lat' dir='ltr'>principium,</span> <span class='ocrx_word' id='word_1_563' title='bbox 1101 4307 1264 4372; x_wconf 89' lang='lat' dir='ltr'>unde</span> <span class='ocrx_word' id='word_1_564' title='bbox 1287 4306 1494 4391; x_wconf 89' lang='lat' dir='ltr'>primo</span> <span class='ocrx_word' id='word_1_565' title='bbox 1517 4308 1565 4372; x_wconf 66' lang='grc' dir='ltr'><strong>ἃ</strong></span> <span class='ocrx_word' id='word_1_566' title='bbox 1587 4307 1953 4372; x_wconf 73' lang='lat' dir='ltr'>immediate</span> <span class='ocrx_word' id='word_1_567' title='bbox 1975 4330 2077 4372; x_wconf 91' lang='lat' dir='ltr'>res</span> <span class='ocrx_word' id='word_1_568' title='bbox 2100 4307 2431 4391; x_wconf 88' lang='lat' dir='ltr'>dependet,</span> <span class='ocrx_word' id='word_1_569' title='bbox 2458 4306 2549 4372; x_wconf 91' lang='lat' dir='ltr'>sic</span> <span class='ocrx_word' id='word_1_570' title='bbox 2568 4309 2667 4371; x_wconf 90' lang='lat' dir='ltr'>est</span> <span class='ocrx_word' id='word_1_571' title='bbox 2689 4305 2989 4370; x_wconf 88' lang='lat' dir='ltr'>ultimum</span> <span class='ocrx_word' id='word_1_572' title='bbox 3014 4305 3331 4390; x_wconf 86' lang='lat' dir='ltr'>objectum</span> <span class='ocrx_word' id='word_1_573' title='bbox 3350 4305 3411 4368; x_wconf 89' lang='lat' dir='ltr'>in</span> <span class='ocrx_word' id='word_1_574' title='bbox 3428 4299 3577 4388; x_wconf 86' lang='lat' dir='ltr'>quod</span> 
     </span>
     <span class='ocr_line' id='line_1_46' title="bbox 665 4391 3575 4542; baseline -0.004 -73"><span class='ocrx_word' id='word_1_575' title='bbox 665 4396 763 4469; x_wconf 82' lang='lat' dir='ltr'>rei</span> <span class='ocrx_word' id='word_1_576' title='bbox 809 4395 998 4464; x_wconf 86' lang='lat' dir='ltr'>istius</span> <span class='ocrx_word' id='word_1_577' title='bbox 1046 4395 1273 4460; x_wconf 86' lang='lat' dir='ltr'>ultima</span> <span class='ocrx_word' id='word_1_578' title='bbox 1321 4395 1408 4460; x_wconf 89' lang='lat' dir='ltr'>sit</span> <span class='ocrx_word' id='word_1_579' title='bbox 1451 4395 1750 4480; x_wconf 82' lang='lat' dir='ltr'>analysis.</span> <span class='ocrx_word' id='word_1_580' title='bbox 1801 4397 1861 4462; x_wconf 89' lang='grc'>4.</span> <span class='ocrx_word' id='word_1_581' title='bbox 1912 4394 2103 4460; x_wconf 82' lang='lat' dir='ltr'>Ratio</span> <span class='ocrx_word' id='word_1_582' title='bbox 2128 4395 2417 4460; x_wconf 89' lang='lat' dir='ltr'>formalis</span> <span class='ocrx_word' id='word_1_583' title='bbox 2438 4418 2584 4461; x_wconf 90' lang='lat' dir='ltr'>cum</span> <span class='ocrx_word' id='word_1_584' title='bbox 2607 4417 2677 4460; x_wconf 87' lang='lat' dir='ltr'>re</span> <span class='ocrx_word' id='word_1_585' title='bbox 2699 4395 2815 4458; x_wconf 90' lang='lat' dir='ltr'>illa</span> <span class='ocrx_word' id='word_1_586' title='bbox 2844 4393 3279 4480; x_wconf 87' lang='lat' dir='ltr'>reciprocatur</span> <span class='ocrx_word' id='word_1_587' title='bbox 3302 4393 3470 4478; x_wconf 87' lang='lat' dir='ltr'>cujus</span> <span class='ocrx_word' id='word_1_588' title='bbox 3490 4391 3575 4542; x_wconf 63' lang='grc' dir='ltr'>(ἰοὺ</span> 
     </span>
    </p>

    <p class='ocr_par' dir='ltr' id='par_1_13' title="bbox 3432 4499 3577 4545">
     <span class='ocr_line' id='line_1_47' title="bbox 3432 4499 3577 4545; baseline -0.034 0"><span class='ocrx_word' id='word_1_589' title='bbox 3432 4501 3499 4545; x_wconf 82' lang='lat' dir='ltr'>ra</span> <span class='ocrx_word' id='word_1_590' title='bbox 3524 4499 3577 4542; x_wconf 83' lang='grc' dir='ltr'>ιο</span> 
     </span>
    </p>
   </div>
  </div>
 </body>
</html>
