3694 4871
724 326 1610 398 D1sr.111.D2Junn
1657 353 1754 396 111·
1801 327 2234 397 ,1113111111
2281 326 2475 396 Dar.
2995 331 3073 394 61

129 519 406 604 proprie
453 519 679 598 dictuS,
725 541 922 602 equus
946 523 1045 584 est
1068 518 1419 596 rationaliS,
1445 517 1740 582 voluntas
1766 517 2153 583 violentatur
2176 521 2289 582 aut
2312 521 2521 601 potest
2544 517 2901 596 violentari,
2927 520 2974 583 &
2998 519 3086 583 si-

133 609 333 672 milia
383 608 655 671 infinita.
703 607 790 671 Et
837 608 1054 673 omnia
1093 608 1252 672 haec
1299 611 1436 671 tum
1481 629 1608 671 non
1641 611 1825 671 erunt
1877 607 2061 685 falsa,
2118 607 2227 670 sed
2250 629 2433 670 vera:
2462 605 2743 688 alioquin
2776 606 2913 672 scil.
2961 607 3085 671 Dei

129 698 444 761 voluntas
492 699 538 762 &
576 696 936 762 intellectus
961 701 1172 761 essent
1195 700 1651 768 mensuratum,
1679 696 1724 760 a
1749 695 1985 760 veritas
2010 697 2075 758 in
2100 695 2289 760 rebus
2314 697 2481 759 esset
2504 717 2799 759 mensura
2828 717 3083 760 mensu-

133 808 322 850 rans.
373 785 513 849 Hoc
559 807 772 868 syrma
807 785 1223 849 absurdorum
1250 785 1771 868 consequentium
1795 783 1851 848 si
1875 784 2310 867 praescindere
2336 783 2477 866 quis
2501 783 2676 858 velit,
2710 805 2962 848 necesse
2988 789 3086 848 est

139 875 444 938 dimittat
492 873 836 938 absurdum
867 875 1024 938 illud
1059 875 1104 939 81
1127 880 1360 948 πρῶτον
1407 872 1622 952 ψεῦδος,
1652 873 1816 936 unde
1841 873 1955 936 illa
1978 873 2331 937 necessario
2356 876 2726 955 sequuntur.
2752 871 2834 936 Il.
2864 871 3085 936 Omnis

135 963 442 1026 veritatis
488 963 534 1026 a
579 977 877 1040 γνωστοῦ,
907 962 1042 1026 sive
1064 961 1397 1026 theoretici
1431 962 1476 1026 &
1500 983 1560 1044 p.
1578 961 1764 1026 actici
1789 961 1957 1044 quod
1982 962 2063 1025 ad
2086 983 2221 1039 1103,
2246 984 2361 1025 3611
2384 964 2673 1044 respectu
2704 961 3086 1046 cognitionis

131 1055 406 1115 nostrae
452 1073 642 1114 causa
689 1055 736 1118 81
769 1072 1063 1115 mensura
1089 1055 1186 1114 est
1214 1051 1519 1114 revelatio
1544 1049 1664 1113 Dei
1689 1051 2001 1114 naturalis
2026 1055 2142 1113 aut
2164 1049 2686 1133 supernaturalis,
2712 1050 2807 1113 ita
2831 1055 2903 1114 ut
2927 1049 3085 1113 mihi

134 1140 268 1204 hoc
313 1162 528 1204 verum
553 1140 658 1218 sit,
692 1141 844 1223 quia
868 1138 1041 1204 Deus
1066 1140 1158 1202 ita
1190 1139 1516 1216 revelavit,
1553 1160 1676 1201 non
1703 1161 1851 1202 vero
1878 1139 2028 1221 quia
2052 1138 2215 1202 mihi
2238 1160 2459 1202 verum
2484 1139 2570 1202 sit
2591 1142 2703 1202 aut
2725 1137 2922 1203 fuerit
2945 1139 3088 1202 ideo

133 1229 238 1293 ita
291 1231 338 1294 81
383 1251 508 1292 11011
555 1229 746 1293 aliter
796 1227 1207 1293 revelaverit:
1250 1231 1348 1291 est
1371 1226 1540 1291 enim
1574 1228 1782 1310 prima
1813 1228 2047 1292 veritas
2072 1227 2363 1292 revelans
2386 1249 2596 1305 causa,
2622 1227 3007 1311 principium
3040 1229 3086 1292 81

133 1339 450 1380 mensura
493 1318 699 1382 omnis
750 1317 1034 1381 veritatis
1060 1318 1106 1382 81
1129 1315 1509 1400 cognitionis
1543 1316 1610 1379 in
1642 1316 1920 1391 homine,
1954 1339 2081 1381 non
2106 1320 2347 1380 contra.
2396 1314 2533 1379 Nec
2558 1319 2775 1380 tamen
2798 1317 3087 1400 sequitur

135 1405 440 1469 veritatis
472 1405 760 1470 absolute
785 1409 832 1472 a
853 1406 922 1469 in
953 1427 1020 1468 se
1045 1405 1475 1469 consideratae
1497 1404 1771 1488 primam
1802 1405 2079 1469 radicem
2104 1426 2177 1468 ac
2200 1405 2581 1488 principium
2614 1427 2752 1468 6336
2776 1427 3087 1488 quaeren-

137 1495 302 1558 dum
343 1494 408 1557 in
439 1494 824 1559 revelatione
855 1493 1104 1570 divina;
1155 1493 1274 1557 hoc
1304 1497 1402 1556 est
1427 1493 1494 1555 in
1518 1494 1760 1557 lumine
1785 1494 2084 1572 naturali,
2114 1492 2313 1557 autin
2340 1515 2519 1556 sacra
2542 1493 2889 1576 scriptura:
2937 1517 3088 1558 nam

136 1583 292 1646 hinc
339 1588 708 1665 sequeretur
750 1584 960 1648 Deum
1001 1604 1316 1646 summam
1365 1603 1438 1645 ac
1489 1583 1762 1665 primam
1795 1582 2150 1659 veritatem,
2176 1581 2605 1646 mensurari&
2627 1581 2977 1664 dependere
3004 1582 3083 1646 ab

138 1671 380 1735 effectu
427 1673 474 1736 &
519 1693 707 1754 opere
747 1671 962 1754 aliquo
994 1693 1108 1735 suo
1133 1674 1416 1734 externo„
1441 1669 1782 1755 Distingue
1807 1693 1961 1755 ergo
1987 1672 2053 1734 in
2087 1671 2205 1734 Dei
2237 1671 2620 1735 revelatione
2656 1670 3080 1754 independen-

133 1760 308 1823 tiam
353 1763 400 1826 81
445 1759 862 1842 prioritatem,
913 1761 1079 1842 quod
1119 1760 1198 1822 ad
1244 1781 1378 1837 1103,
1418 1781 1530 1823 3611
1555 1783 1654 1824 163
1677 1760 1925 1842 aliquas
1952 1764 2133 1823 extra
2157 1759 2395 1823 Deum:
2429 1761 2475 1825 &
2500 1758 2986 1842 dependentiam
3012 1783 3086 1824 ac

135 1848 682 1932 posterioritatem
752 1850 819 1912 in
849 1848 1034 1933 signo
1065 1849 1198 1912 scil.
1227 1848 1519 1931 rationis)
1547 1850 1710 1931 quod
1735 1849 1815 1912 ad
1837 1849 2045 1931 ipsam
2076 1848 2199 1912 Dei
2230 1853 2525 1912 naturam
2552 1848 2599 1912 81
2630 1847 3085 1930 perfectionem

137 1938 434 2002 vitalem.
480 1936 568 2001 Et
599 1939 690 2002 316
786 1960 896 2002 6113
944 1959 1072 2001 nun
1098 1941 1308 2020 potest
1339 1937 1528 2000 aliter
1551 1941 1664 2000 aut
1693 1936 1869 2000 aliud
1898 1936 2051 2020 quid
2073 1937 2373 2015 revelare,
2398 1959 2589 2020 quam
2614 1937 2949 2002 conveniat
2971 1960 3086 2001 na-

139 2031 334 2091 turae
380 2031 426 2092 a
461 2027 839 2108 perfectioni
863 2049 1034 2090 suae.
1071 2025 1220 2089 Pari
1251 2026 1436 2089 modo
1460 2025 1525 2089 in
1552 2027 1798 2090 ratione
1820 2026 1991 2104 boni,
2018 2025 2193 2090 Deus
2218 2027 2359 2110 lege
2384 2048 2499 2088 sua
2522 2024 2901 2108 praescribit
2922 2026 3087 2090 nihil

145 2117 336 2201 [pag.
387 2115 540 2198 387]
580 2115 704 2179 nisi
729 2116 998 2179 bonum:
1033 2135 1237 2196 neque
1269 2115 1440 2178 enim
1465 2119 1676 2198 potest
1700 2137 1836 2179 esse
1872 2115 2049 2173 αἴτιον
2074 2111 2581 2190 συμβουλευτικὸν
2604 2136 2715 2178 3611
2740 2135 2929 2177 causa
2952 2137 3087 2178 mo-

141 2203 306 2267 ralis
352 2203 508 2267 mali
551 2205 782 2287 tui-pisi,
837 2227 962 2267 non
996 2203 1206 2287 magis
1231 2224 1422 2284 quam
1455 2225 1644 2267 causa
1674 2204 1958 2287 physica.
2009 2203 2095 2268 Et
2118 2203 2281 2267 nihil
2304 2203 2510 2282 nobis,
2538 2203 2637 2266 vel
2662 2203 2829 2284 quod
2860 2203 2939 2266 ad
2971 2225 3085 2266 nos

143 2293 352 2356 habet
391 2292 703 2356 rationem
727 2293 1053 2371 bonitatiS,
1078 2291 1203 2355 nisi
1235 2292 1386 2374 quia
1411 2295 1456 2358 &
1481 2296 1792 2375 quatenus
1817 2292 1993 2356 Deus
2028 2292 2168 2374 lege
2194 2292 2409 2376 aliqua
2431 2314 2547 2356 sua
2570 2295 2877 2374 tanquam
2900 2293 3087 2355 unica

148 2381 418 2445 moralis
468 2380 775 2447 bonitatis
828 2386 1080 2445 nostrae
1120 2401 1234 2445 seu
1256 2380 1611 2447 honestatis
1635 2403 1931 2447 mensura
1964 2381 2123 2445 illud
2146 2382 2327 2446 nobis
2351 2380 2743 2465 praescribit.
2792 2377 2919 2445 Sed
2942 2380 3087 2445 inde

145 2493 280 2535 non
311 2472 600 2554 sequitur
624 2493 876 2535 omnem
899 2470 1254 2535 bonitatem
1281 2471 1326 2535 &
1359 2471 1567 2534 ideam
1589 2470 1918 2547 bonitati8‚
1946 2493 2106 2553 quae
2132 2474 2229 2534 est
2259 2470 2325 2533 in
2349 2469 2487 2535 Deo
2512 2470 2593 2533 ab
2617 2470 2787 2533 intra
2810 2470 2919 2533 sed
2943 2492 3087 2534 cum

143 2558 464 2623 relatiane
519 2581 632 2624 seu
683 2558 1193 2624 denominatione
1246 2559 1760 2623 communicativi
1805 2563 1916 2622 aut
1957 2559 2501 2623 communicabilis
2524 2560 2591 2621 in
2615 2557 2834 2622 ordine
2866 2560 2913 2625 &
2943 2580 3087 2623 cum

143 2652 444 2731 respectu
469 2649 549 2712 ad
573 2652 948 2727 creaturam,
981 2648 1146 2731 quod
1171 2647 1249 2711 ad
1275 2647 1503 2726 Deum,
1529 2669 1642 2712 seu
1663 2651 1955 2731 respectu
1984 2647 2127 2720 Dei.
2158 2648 2268 2730 qui
2298 2651 2395 2711 est
2420 2669 2612 2731 supra
2645 2647 2855 2731 legem
2880 2668 3083 2727 suam,

145 2736 506 2819 dependere
551 2740 590 2800 a
627 2737 770 2821 lege
792 2736 1160 2801 hominibus
1182 2736 1312 2800 lata
1335 2758 1350 2799 ε
1377 2740 1568 2819 atque
1593 2736 1750 2801 adeo
1778 2736 2133 2816 dicendum,
2158 2759 2293 2802 esse
2326 2758 2465 2801 eam
2496 2735 2851 2801 bonitatem
2882 2738 2929 2801 ἃ
2951 2756 3082 2800 11011

145 2824 342 2888 aliter
396 2825 546 2907 quia
591 2825 763 2890 Deus
789 2827 930 2910 lege
961 2846 1078 2891 sua
1107 2824 1200 2888 ita
1224 2825 1514 2903 sancivit,
1548 2846 1708 2907 quae
1731 2825 1917 2889 nobis
1942 2829 2039 2889 631
2062 2826 2249 2890 unica
2272 2824 2579 2890 bonitatis
2603 2825 2651 2889 &
2669 2824 2963 2908 justitiae
2988 2847 3083 2889 re·

146 2913 327 2997 gula.
375 2912 507 2978 Lex
537 2912 660 2978 Dei
681 2918 780 2978 est
804 2914 1060 2997 quidem
1088 2914 1298 2996 prima
1321 2915 1366 2979 &
1391 2914 1618 2978 ultima
1642 2913 1822 2978 radix
1856 2917 1904 2979 81
1928 2936 2151 2977 norma
2174 2914 2504 2993 bonitatiS,
2530 2914 2697 2997 quod
2720 2913 2801 2977 ad
2826 2936 2941 2978 1103
2973 2934 3086 2977 seu

145 3004 438 3066 nostram
459 3002 915 3067 obedientiam:
941 3024 1090 3066 nam
1115 3002 1408 3067 voluntas
1431 3002 1817 3085 beneplaciti
1839 3002 2039 3067 divini
2062 3006 2189 3085 qua
2214 3003 2363 3068 talis
2379 3025 2507 3066 non
2524 3006 2624 3066 est
2637 3002 2821 3066 nobis
2836 3024 3080 3083 norma,

149 3089 280 3154 nisi
333 3092 606 3156 mediate
647 3091 694 3156 &
717 3095 1192 3175 consequenter,
1217 3094 1532 3173 quatenus
1558 3095 1596 3154 a
1627 3092 1961 3175 posteriori
1984 3097 2029 3153 81
2053 3113 2131 3155 ex
2152 3092 2336 3176 signo
2362 3090 2543 3155 nobis
2568 3090 3080 3173 deprehenditur.

150 3178 246 3243 Ut
277 3201 434 3263 ergo
456 3181 591 3265 legi
613 3180 866 3245 divinae
889 3180 1094 3263 primo
1118 3181 1317 3265 (quod
1333 3180 1412 3243 ad
1429 3187 1566 3259 nos)
1587 3180 1897 3263 principio
1916 3179 2236 3244 actionum
2250 3179 2590 3244 moralium
2604 3202 2733 3243 non
2746 3182 3081 3264 repugnat,

151 3268 208 3333 si
241 3269 488 3332 dicatur
519 3269 868 3352 dependere
894 3270 975 3333 ab
999 3268 1198 3351 ipsius
1224 3269 1473 3333 decreto
1505 3290 1616 3333 seu
1642 3270 1988 3347 voluntate,
2020 3268 2111 3333 sic
2134 3292 2249 3333 nec
2273 3268 2588 3333 voluntati
2610 3268 2860 3331 divinae
2890 3289 3079 3350 repu-

151 3360 330 3442 gnat,
382 3358 438 3421 si
491 3362 838 3435 ῧεοπρεπῶς
889 3357 1135 3422 dicatur
1180 3356 1528 3440 dependere
1577 3360 1616 3421 a
1644 3356 1768 3421 Dei
1791 3361 2023 3421 natura
2053 3359 2100 3422 &
2124 3357 2471 3433 attributis,
2506 3356 2629 3421 1100
2651 3359 2768 3435 631,
2796 3355 3011 3441 egredi
3033 3356 3082 3423 ἃ

151 3445 414 3510 tendere
437 3452 618 3511 extra
633 3470 702 3511 se
731 3448 800 3511 in
823 3450 936 3511 aut
959 3447 1124 3511 circa
1139 3450 1494 3510 creaturam
1521 3447 1861 3510 secundum
1890 3445 2303 3529 primitatem,
2327 3445 2822 3529 simplicitatem,
2847 3445 3080 3508 immu-

153 3533 569 3615 tabilitatem,
617 3536 1093 3619 perfectionem,
1135 3534 1506 3605 bonitatem.
1551 3533 2021 3610 sufficientiam,
2048 3534 2381 3599 scientiam
2405 3533 2825 3617 possibilium,
2851 3532 3081 3611 ideam,

153 3624 350 3687 immo
381 3626 430 3690 81
453 3625 796 3689 secundum
822 3623 1223 3689 essentialem
1239 3622 1578 3705 justitiam,
1603 3624 2035 3701 veracitatem,
2061 3623 2433 3707 potentiam,
2455 3625 2857 3705 potestatem,
2882 3620 3081 3703 maje-

156 3716 410 3793 statem,
466 3713 837 3778 dominium.
889 3710 1057 3777 Nam
1101 3716 1242 3775 tum
1295 3710 1468 3775 Deus
1514 3733 1629 3775 nec
1651 3710 1899 3776 interne
1925 3712 2191 3797 agendo,
2215 3711 2337 3775 1100
2362 3715 2457 3775 631
2479 3709 2745 3776 volendo
2769 3712 2816 3776 81
2840 3708 3081 3773 11116111-

156 3801 383 3885 gend0,
439 3824 556 3866 nec
611 3807 868 3867 externe
923 3802 1188 3886 agendo,
1249 3799 1365 3865 hoc
1412 3803 1510 3863 est
1533 3800 1900 3882 exequendo
1926 3800 2241 3865 limitatur
2274 3803 2385 3863 aut
2410 3802 2811 3864 mensuratur
2842 3798 2923 3861 ab
2950 3799 3082 3861 ullo

155 3889 542 3954 extrinseco:
590 3892 702 3955 sed
754 3891 835 3956 ab
881 3890 1222 3954 intrinseco
1269 3892 1310 3952 a
1341 3888 1570 3971 seipSO,
1595 3892 1634 3952 a
1656 3892 1887 3953 natura
1908 3888 2045 3953 3011.
2070 3890 2118 3953 a
2148 3888 2536 3972 perfectione
2559 3909 2695 3952 sua.
2739 3887 3083 3970 Distingue

159 3982 310 4063 ergo
341 3980 506 4043 velle
537 3978 744 4044 Deum
769 3977 1012 4061 aliquid
1033 3977 1184 4042 boni
1215 3976 1368 4059 quia
1392 3979 1543 4055 tale,
1575 3978 1623 4041 81
1647 3999 1899 4042 1111311111
1924 3978 2165 4060 aliquid
2190 3999 2323 4041 esse
2349 3976 2586 4041 bonum
2619 3976 2770 4059 quia
2794 3976 2951 4051 vult,
2988 3975 3083 4039 uti

155 4088 270 4131 nos
311 4067 447 4149 jam
493 4068 919 4147 distinximuS,
975 4070 1022 4133 &
1054 4065 1270 4131 omnia
1289 4069 1460 4129 recte
1483 4066 1818 4131 conciliata
1839 4066 1887 4131 a
1912 4088 2104 4130 sanae
2128 4088 2201 4129 ac
2224 4066 2645 4130 communiter
2668 4065 2833 4148 apud
2865 4086 3085 4129 omnes

161 4156 554 4220 Christianos
579 4161 868 4241 receptae
893 4154 1334 4239 philosophiae
1358 4176 1432 4219 ac
1453 4153 1814 4239 theologiae
1840 4174 2121 4239 congrua
2151 4153 2413 4219 videbis.
2453 4152 2541 4217 Et
2565 4174 2817 4218 rursum
2840 4152 3085 4237 aliquid

161 4266 294 4308 esne
340 4244 408 4308 in
455 4266 598 4309 meo
643 4246 724 4309 ab
769 4246 960 4324 intra,
1007 4266 1133 4309 non
1189 4242 1269 4307 ab
1305 4246 1505 4321 extra,
1530 4244 1820 4325 quamvis
1850 4243 1938 4308 sit
1960 4244 2041 4307 ad
2064 4246 2264 4321 extra,
2289 4263 2403 4307 seu
2425 4242 2596 4306 dicat
2617 4246 2975 4326 respectum
3006 4241 3086 4305 ad

159 4338 360 4398 extra.
407 4332 510 4399 Ad
553 4334 1048 4399 illustrationem
1086 4334 1135 4398 81
1157 4331 1702 4395 confirmationem
1726 4331 2048 4397 doctrinae
2072 4332 2147 4395 de
2178 4328 2615 4395 Possibilitate
2648 4352 2881 4410 rerum,
2914 4331 3082 4413 ejus—

161 4442 281 4505 que
333 4422 544 4488 radice
591 4422 866 4489 conferri
910 4424 1196 4507 possunt,
1243 4442 1407 4504 quae
1457 4420 1786 4503 disputant
1831 4419 2191 4487 Scholastica·
2233 4420 2321 4484 ad
2367 4420 2429 4486 1.
2469 4420 2613 4485 dist.
2638 4419 2745 4483 42.
2771 4416 3085 4571 impffiqmis

2974 4524 3083 4569 m-
