3694 4871
413 321 657 388 str.
704 320 844 388 VI.
891 321 1010 387 Dn
1057 321 1752 388 PnoPAsA‘rlons
1800 321 2191 387 Pacci-rx
2237 322 2809 391 Oaxslnnnxs.
2951 328 3077 393 169

157 511 258 573 31.
301 508 454 574 chesi
503 510 606 573 10.
667 508 736 573 R.
772 506 954 583 Quod
984 506 1042 571 si
1067 506 1230 571 nihil
1265 507 1438 572 aliud
1461 507 1756 587 voluerit,
1783 532 1976 593 quam
2008 511 2175 594 quod
2196 532 2311 574 nos
2336 531 2529 594 supra
2550 510 2849 590 diximus,
2874 514 2921 579 ἅ
2944 513 3075 577 dis-

154 598 522 663 tinctionem
567 596 750 660 illam
804 595 1132 661 admiserit
1177 596 1344 661 circa
1373 594 1444 655 τὸ
1466 597 1854 681 privativum
1894 602 1941 665 &
1964 598 2309 683 positivum
2342 620 2535 682 quam
2563 598 2849 685 theologi
2874 602 3075 666 nostri

153 710 346 769 supra
394 686 576 751 citati
623 685 980 760 inculcant;
1033 684 1253 769 utique
1295 700 1439 749 cum
1485 685 1599 750 illo
1621 707 1748 750 non
1772 687 2229 752 contendimus.
2280 684 2394 752 Sin
2419 687 2681 753 latuerit
2710 688 2941 774 anguis
2963 690 3075 754 ille

155 774 649 859 pelagianorum
679 774 724 838 ἃ
750 771 1226 837 Pontificiorum
1261 774 1379 837 sub
1404 772 1604 838 herba
1625 775 1762 853 illa,
1788 777 1834 841 a
1874 776 1954 840 ad
1980 776 2447 841 extenuandam
2469 777 2782 860 peccati&
2813 800 3041 863 corrup

153 862 342 927 tionis
387 860 764 941 efficaciam,
797 863 842 927 ἃ
889 860 1074 925 liberi
1125 862 1378 927 arbitrii
1417 863 1580 927 vires
1607 862 1686 927 ad
1708 863 1949 928 bonum
1976 863 2343 929 asserendas
2369 864 2713 949 positivum
2740 865 2840 931 hic
2862 866 3075 951 impu·-

154 955 331 1037 gnat,
379 952 472 1016 uti
529 951 838 1017 Cominus
881 962 1098 1017 contra
1131 951 1514 1017 Molinaeum
1537 972 1672 1035 cap.
1705 954 1766 1017 8.
1789 972 1857 1035 p.
1894 952 2041 1017 119.
2072 954 2218 1017 120.
2252 954 2519 1018 assertio
2549 953 2707 1019 haec
2746 955 2930 1020 nobis
2968 978 3077 1020 su-

156 1044 370 1124 specta
395 1044 516 1105 est.
551 1038 673 1104 ΠΙ.
705 1038 908 1105 Probe.
939 1038 1043 1103 An
1064 1041 1110 1105 a
1142 1040 1455 1123 quomodo
1481 1038 1773 1105 Christus
1795 1040 1994 1106 fuerit
2017 1044 2063 1108 a
2088 1064 2213 1106 non
2245 1040 2443 1106 fuerit
2471 1042 2539 1106 in
2582 1041 2853 1109 AdamO.
2886 1044 2981 1109 ita
3004 1049 3076 1109 ut

157 1131 194 1193 ὲ
233 1132 494 1213 peccato
539 1127 842 1213 originali
877 1127 1194 1211 imputato
1219 1127 1660 1195 &inhaerente
1684 1129 1989 1195 immunis
2012 1130 2263 1196 fuerit?
2281 1132 2353 1198 R.
2382 1128 2710 1195 Christum
2734 1131 2799 1195 in
2826 1132 3077 1197 Adamo

155 1215 346 1282 fuisse
373 1216 638 1302 physice
661 1216 1004 1281 secundum
1029 1216 1343 1301 originem
1366 1217 1572 1281 carnis
1597 1238 1748 1282 suae
1771 1219 1975 1284 Actor.
2004 1219 2108 1285 17.
2128 1217 2273 1285 coll.
2301 1240 2463 1285 cum.
2488 1221 2633 1285 Luc.
2662 1221 2723 1284 3.
2748 1242 2807 1286 v.
2833 1221 2937 1285 23.
2966 1222 3076 1287 38.

153 1306 494 1371 statuimus
523 1309 746 1370 contra
770 1303 1254 1389 Anabaptistas,
1288 1305 1334 1369 a
1365 1304 1824 1390 Weigelianos.
1852 1306 2014 1372 Erat
2036 1308 2205 1373 enim
2230 1306 2515 1373 Adamus
2538 1330 2871 1374 commune
2894 1310 3075 1394 prin-

153 1394 386 1479 cipium
435 1394 623 1479 [pag.
652 1393 847 1477 1114]
879 1395 926 1459 8⁶
947 1391 1128 1458 radix
1152 1392 1418 1458 humani
1441 1394 1716 1477 generis,
1741 1418 1819 1460 ex
1852 1397 2029 1480 cujus
2054 1396 2290 1461 lumbis
2313 1418 2531 1462 omnes
2556 1396 2846 1462 homines
2877 1399 3075 1483 longa

157 1482 310 1547 serie
335 1482 690 1547 successive
714 1482 840 1546 orti
863 1486 1047 1547 sunt:
1091 1484 1138 1548 8⁶
1175 1482 1346 1547 inter
1390 1503 1497 1548 eos
1529 1482 1758 1563 David,
1785 1506 1863 1549 ex
1896 1506 2021 1569 quo
2052 1508 2166 1569 per
2188 1484 2553 1567 interjectos
2582 1486 2855 1570 majores
2880 1485 3067 1551 Chri-

153 1575 282 1635 stus
329 1571 549 1637 Manli.
583 1572 640 1635 1.
664 1592 723 1637 v.
753 1570 811 1634 1.
836 1568 1042 1635 Actor.
1069 1572 1130 1635 2.
1158 1571 1262 1633 30.
1291 1572 1468 1655 cujus
1492 1573 1819 1657 generatio
1851 1573 1979 1638 fuit
2000 1574 2284 1645 univoca,
2312 1574 2603 1659 quamvis
2628 1574 2851 1639 modus
2875 1574 3075 1641 fuerit

155 1660 673 1743 supernaturalis.
723 1660 1039 1747 Neqamus
1069 1662 1285 1724 tamen
1333 1682 1478 1724 eum
1524 1659 1723 1726 fuisse
1746 1662 1812 1726 in
1844 1662 2096 1727 Adamo
2119 1664 2449 1729 moraliter
2471 1665 2517 1729 a
2540 1662 2947 1729 foederaliter
2969 1687 3071 1729 se-

155 1749 422 1813 cundnm
451 1746 948 1813 foederationem
994 1768 1140 1812 cum
1175 1747 1419 1813 Adamo
1441 1752 1746 1833 tanquam
1778 1751 2109 1835 principie,
2142 1752 2372 1833 radice,
2399 1752 2608 1837 capite
2631 1756 3071 1837 repraesenta-

157 1836 278 1901 tivo
302 1837 626 1901 communi
655 1837 842 1901 istius
865 1836 1137 1901 foederis
1170 1839 1209 1901 a
1230 1837 1369 1902 Deo
1391 1836 1638 1903 initam.
1691 1840 2009 1925 Neqamus
2046 1845 2503 1923 consequenter
2525 1862 2669 1905 cum
2693 1844 3069 1921 consortem,

159 1926 524 2009 participem
571 1926 618 1992 ἃ
650 1924 1163 1990 confoederatum
1193 1923 1392 1991 fuisse
1416 1924 1651 1991 Adami
1673 1928 1764 1991 sic
1787 1928 2192 2007 considerati,
2224 1930 2271 1995 ἃ
2293 1930 2465 2013 pacti
2495 1928 2903 1995 foederaliter
2924 1952 3071 1995 cum

159 2014 368 2079 eodem
413 2016 460 2081 ἃ,
503 2013 1038 2099 participantibus
1068 2013 1272 2099 ipsius
1297 2014 1417 2099 (ita
1441 2014 1692 2099 loquar)
1716 2016 1897 2093 initi;
1922 2017 2105 2094 Quod
2129 2020 2168 2082 a
2190 2017 2546 2102 posteriori,
2571 2040 2651 2081 ex
2672 2017 2813 2101 ipso
2843 2023 3073 2085 eventu

159 2104 200 2167 ἃ
241 2102 414 2167 facto
457 2100 907 2178 ἁναμαρτησῑπς
952 2101 1138 2169 Hebr.
1175 2103 1233 2167 7.
1277 2103 1382 2166 26.
1423 2104 1607 2169 nobis
1645 2104 2004 2185 innotescit,
2030 2108 2077 2173 ἃ
2100 2128 2177 2171 ex
2200 2105 2577 2173 antithetica
2602 2107 3073 2191 comparatione

161 2189 384 2256 Adami
425 2191 620 2277 primi
671 2192 718 2257 ἃ
761 2192 1040 2269 secundi,
1089 2213 1162 2257 ac
1207 2191 1790 2258 confoederatorum
1815 2195 2245 2260 membrorum
2271 2194 2605 2280 utriusque
2636 2199 2708 2260 ut
2731 2197 2777 2261 a
2800 2194 3073 2261 foederis

161 2300 410 2363 operum
462 2302 576 2345 seu
623 2280 894 2363 antiqui,
930 2282 975 2347 &
1001 2280 1250 2366 gratiae
1273 2302 1386 2345 seu
1408 2281 1576 2360 novi,
1603 2284 1782 2349 Rom.
1811 2284 1874 2347 5.
1900 2282 1963 2349 ἃ·
1990 2284 2047 2348 1.
2088 2282 2368 2351 Corinth.
2397 2282 2501 2347 15.
2552 2284 2869 2370 Neqamus
2892 2284 3071 2349 deni-

164 2388 274 2450 que
317 2367 578 2435 Christo
624 2369 932 2454 imputari
968 2368 1282 2449 debuisse,
1309 2368 1638 2434 autetiam
1663 2370 1947 2455 potuisse
1971 2375 2221 2437 reatum
2251 2372 2494 2458 peccati
2517 2370 2751 2438 Adami
2776 2374 2823 2440 St
2852 2394 3073 2438 conse-

46 2527 48 2534 ,
163 2461 414 2540 quanter
457 2458 845 2544 pravitatem
896 2461 1164 2523 naturae
1211 2458 1279 2523 in
1309 2457 1494 2522 illum
1524 2460 1881 2543 poenaliter
1910 2461 2155 2527 traduci
2180 2461 2499 2546 potuisse;
2532 2462 2685 2546 quia
2706 2484 2833 2527 non
2857 2462 2985 2528 fuit
3004 2462 3071 2526 in

48 2633 50 2636 y
167 2543 418 2627 Adam0,
449 2569 568 2612 nec
591 2546 942 2632 quidquam
964 2546 1064 2610 illi
1087 2568 1231 2611 cum
1254 2548 1472 2612 eodem
1496 2548 1623 2613 fuit
1645 2571 1999 2629 commune,
2026 2554 2332 2636 tanquam
2365 2549 2825 2626 confoederato,
2874 2573 3073 2616 mem-

165 2632 266 2700 bro
310 2637 358 2702 ἃ
403 2635 704 2720 participi
751 2635 1024 2700 foederis
1073 2635 1386 2716 Adamici,
1432 2657 1548 2701 nec
1593 2638 2026 2704 consideratus
2050 2643 2162 2703 aut
2184 2642 2517 2724 reputatus
2548 2639 2669 2705 suit
2692 2640 2759 2703 in
2783 2639 2896 2704 illo
2916 2642 3072 2705 tan-

48 2749 50 2804 ζ
163 2743 338 2806 quam
383 2724 594 2808 capite
640 2725 687 2791 a
708 2723 918 2789 radice
943 2724 1265 2790 foederali.
1315 2723 1472 2801 Quis
1498 2726 1666 2790 enim
1693 2726 1869 2792 locus
1900 2728 2173 2793 secundo
2203 2728 2446 2794 Adamo
2472 2729 2518 2794 s
2550 2729 2738 2793 alteri
2761 2729 2959 2814 capiti
2984 2752 3066 2794 an

48 2813 50 2872 5
163 2813 472 2896 oppositae
517 2812 718 2877 radici
761 2811 1086 2890 foederali,
1121 2812 1455 2879 mediatori
1487 2814 1635 2879 novi
1657 2814 1951 2896 foederis,
1982 2816 2049 2880 in
2076 2815 2327 2882 foedere
2350 2816 2615 2901 antiquo
2640 2821 2751 2882 aut
2774 2817 2841 2882 in
2864 2818 3072 2902 capite

164 2900 392 2985 antiqui
416 2901 710 2967 foederis.
761 2901 974 2986 Atque
997 2901 1164 2967 hanc
1188 2907 1342 2987 puto
1367 2925 1504 2968 esse
1529 2903 1924 2987 superiorem
1954 2927 2233 2985 causam,
2282 2906 2363 2971 ad
2386 2927 2580 2989 quam
2604 2906 3071 2972 ascendendum

48 3015 50 3048 :
165 2987 256 3068 sit,
275 3011 414 3056 cum
440 2989 792 3074 quaeritur,
817 3011 1015 3075 quare
1047 2989 1339 3057 Christus
1362 3013 1488 3056 non
1514 2989 1712 3056 fuerit
1735 2993 2045 3058 obnoxius
2069 2998 2351 3078 peccato,
2392 3016 2593 3078 aeque
2618 3017 2693 3060 ac
2714 2995 2827 3059 alii
2852 2995 3071 3059 homi-

48 3095 50 3140 ῑ
163 3081 304 3142 nes?
347 3079 694 3163 Responde,
748 3077 914 3155 Quia
959 3101 1038 3144 ex
1068 3079 1324 3163 justitia
1368 3080 1494 3144 Dei
1528 3102 1655 3145 non
1679 3080 1951 3146 incurrit
1969 3103 2244 3166 poenam
2264 3083 2469 3162 illam,
2495 3104 2687 3166 quam
2712 3105 2829 3148 nos
2852 3105 3071 3148 omnes

48 3173 51 3236 ὲ
165 3163 544 3232 incurrimus.
591 3164 664 3232 Si
685 3172 1033 3252 quaeratur
1055 3189 1167 3233 cur
1189 3190 1316 3233 non
1339 3169 1608 3233 incurrit
1625 3172 1656 3233 Ρ
1696 3171 1770 3236 R.
1797 3169 1950 3254 quia
1972 3193 2089 3236 nec
2110 3171 2397 3254 peccavit
2418 3171 2487 3235 in
2512 3169 2781 3251 Adam0,
2806 3194 2922 3237 nec
2944 3171 3073 3238 fuit

48 3239 51 3318 ἒ
168 3251 222 3316 in
262 3253 508 3321 Adamo
555 3259 890 3340 reputatus
939 3257 986 3322 ἃ
1031 3255 1464 3322 consideratus
1512 3260 1640 3341 qua
1683 3259 1893 3342 capite
1940 3259 1987 3324 St
2010 3260 2218 3325 radice
2248 3258 2443 3345 primi
2464 3257 2757 3338 foederis,
2782 3262 2829 3326 8⁶
2852 3281 3073 3325 conse-

48 3365 51 3408 i
167 3349 412 3424 quanter
470 3365 599 3409 non
647 3344 929 3428 pervasit
975 3346 1057 3411 ad
1100 3344 1286 3409 illum
1331 3349 1516 3420 κρίμα
1547 3347 1594 3412 8⁶
1641 3351 1857 3411 reatus
1878 3347 2072 3431 primi
2099 3348 2363 3431 peccati.
2411 3345 2483 3412 Si
2505 3351 2850 3431 quaeratur
2873 3369 3072 3432 quare

48 3445 51 3536 ἑ
169 3450 278 3496 non
317 3431 441 3499 fuit
483 3432 554 3497 in
576 3430 828 3498 Adamo
873 3433 965 3498 sic
1009 3433 1402 3499 considerato
1428 3437 1459 3498 ⁴?
1528 3437 1603 3502 R.
1656 3435 1718 3501 1.
1771 3433 1937 3511 Quia
1982 3435 2454 3520 beneplacitum
2512 3433 2635 3500 Dei
2682 3435 2877 3522 (quod
2928 3436 3071 3502 uni·

167 3537 292 3585 cum
317 3519 806 3586 fundamentum
849 3525 1103 3587 nostrae
1126 3521 1497 3587 inclusionis
1539 3523 1586 3588 ἃ
1607 3524 2028 3608 reputationis
2052 3523 2119 3589 in
2144 3523 2393 3590 Adamo
2416 3527 2727 3609 tanquam
2750 3525 3073 3590 communi

48 3597 51 3640 ³
169 3608 458 3694 principio
504 3611 551 3677 a
598 3610 805 3694 capite
850 3609 1184 3694 foederali)
1209 3609 1354 3691 fuit,
1401 3614 1476 3674 ut
1497 3633 1624 3676 non
1648 3617 1814 3678 esset
1837 3613 1907 3676 in
1932 3635 2024 3678 eo.
2052 3614 2116 3680 2.
2138 3611 2227 3678 Et
2254 3613 2421 3696 Quia
2440 3612 2699 3678 secundi
2721 3611 2957 3678 Adami
2980 3613 3073 3680 sic

48 3763 51 3778 ¹
171 3697 510 3764 mediatoris
555 3699 736 3764 nulla
781 3697 1202 3765 consideratio
1247 3705 1360 3765 aut
1381 3701 1723 3784 reputatio,
1747 3701 1929 3766 nulla
1954 3702 2087 3786 ejus
2112 3701 2454 3767 necessitas
2478 3701 2545 3766 in
2568 3701 2771 3767 veteri
2794 3700 3071 3781 foedere,

171 3783 210 3848 ἃ
245 3787 414 3852 nulla
456 3786 584 3872 ipsi
613 3787 750 3852 illic
771 3809 940 3871 pars.
989 3788 1051 3851 3.
1083 3787 1266 3854 Addo
1287 3788 1494 3868 etiam,
1527 3790 1692 3862 Quia
1717 3789 2008 3855 absolute
2031 3813 2157 3856 non
2182 3793 2433 3875 poterat
2458 3811 2595 3855 esse
2619 3792 2665 3856 80
2689 3789 3073 3858 considerari

171 3868 226 3936 in
271 3873 376 3940 illo
425 3873 699 3956 foedere,
751 3875 872 3942 hac
916 3875 1306 3942 conditione:
1356 3879 1428 3942 ut
1459 3881 1669 3942 stante
1715 3877 2029 3962 principio
2076 3881 2123 3946 δε
2168 3877 2378 3946 radice
2394 3881 2596 3948 staret
2622 3877 2923 3957 cumi110,
2957 3901 3066 3944 ca-

48 3981 51 4023 i
175 3957 334 4028 dente
375 3965 646 4030 caderet.
695 3963 1088 4049 Implicaret,
1113 3965 1282 4030 enim
1317 3966 1881 4031 contradictionem
1904 3966 1960 4031 si
1984 3967 2061 4032 de
2083 3967 2366 4033 humana
2388 3970 2619 4032 natura
2642 3970 2682 4032 a
2704 3965 2840 4032 Deo
2863 3966 3071 4052 hypo-

50 4053 52 4108 ἒ
175 4050 368 4118 statice
397 4056 684 4118 assumta
713 4057 826 4118 aut
857 4055 1256 4134 assumenda,
1281 4057 1475 4138 atque
1502 4054 1658 4121 adeo
1675 4055 1751 4120 de
1781 4076 2055 4139 persona
2083 4055 2299 4122 divina
2322 4057 2657 4136 diceretur,
2689 4058 2905 4140 potest
2925 4078 3071 4142 pec·

50 4201 52 4220 ,
176 4155 312 4220 ure,
333 4145 542 4226 potest
561 4163 692 4206 non
714 4163 992 4227 peccare,
1021 4146 1479 4228 consequenter
1512 4147 1725 4228 potest
1755 4147 2018 4229 propter
2037 4142 2333 4210 Adamici
2354 4142 2627 4210 foederis
2649 4145 3071 4230 transgressi-

50 4277 52 4294 .
175 4243 334 4325 onem
373 4230 727 4315 poenaliter
773 4230 1059 4314 subjecta
1107 4253 1242 4296 esse
1287 4235 1550 4316 peccato
1574 4231 1898 4318 originali,
1928 4236 2069 4298 tum
2106 4232 2425 4317 imputato
2448 4236 2587 4298 tum
2619 4232 3001 4314 inhaerenti,
3026 4239 3073 4298 δι

177 4331 258 4416 ιω.
286 4318 552 4402 peccatis
605 4319 964 4385 actualibus
1009 4319 1156 4386 inde
1185 4319 1466 4386 orituris.
1511 4319 1610 4386 De
1633 4343 1760 4407 quo
1785 4320 1943 4386 alibi
1968 4319 2217 4407 egimus
2240 4321 2309 4385 in
2338 4322 2501 4408 disp.
2534 4322 2612 4388 de
2632 4323 2909 4424 potensin
2928 4323 3070 4390 Dei.

179 4395 296 4470 8ωο
335 4409 374 4474 a
419 4407 742 4496 theologis
781 4429 906 4476 non
949 4407 1132 4498 [pag.
1195 4409 1402 4497 1115]
1446 4409 1666 4495 paucis
1705 4407 2023 4498 assignari
2046 4409 2213 4476 hanc
2234 4409 2549 4478 rationem
2568 4413 2999 4478 immunitatis
3030 4413 3073 4476 a

1781 4533 1790 4541 .
2918 4519 3069 4585 pec-
