<?xml version="1.0" encoding="UTF-8"?>
<!DOCTYPE html PUBLIC "-//W3C//DTD XHTML 1.0 Transitional//EN"
    "http://www.w3.org/TR/xhtml1/DTD/xhtml1-transitional.dtd">
<html xmlns="http://www.w3.org/1999/xhtml" xml:lang="en" lang="en">
 <head>
  <title>
</title>
<meta http-equiv="Content-Type" content="text/html;charset=utf-8" />
  <meta name='ocr-system' content='tesseract 3.04.00' />
  <meta name='ocr-capabilities' content='ocr_page ocr_carea ocr_par ocr_line ocrx_word'/>
</head>
<body>
  <div class='ocr_page' id='page_1' title='image "./selectarumdispu00kuypgoog_0074.png"; bbox 0 0 3694 4871; ppageno 0'>
   <div class='ocr_carea' id='block_1_1' title="bbox 737 313 3099 382">
    <p class='ocr_par' dir='ltr' id='par_1_1' title="bbox 737 313 3099 382">
     <span class='ocr_line' id='line_1_1' title="bbox 737 313 3099 382; baseline -0.002 -1"><span class='ocrx_word' id='word_1_1' title='bbox 737 315 1358 382; x_wconf 70' lang='lat' dir='ltr'>D1sp.III.Dn</span> <span class='ocrx_word' id='word_1_2' title='bbox 1404 316 1628 381; x_wconf 74' lang='grc' dir='ltr'>ιῘ111111</span> <span class='ocrx_word' id='word_1_3' title='bbox 1675 316 2249 380; x_wconf 73' lang='lat' dir='ltr'>ET-JUSTITIA</span> <span class='ocrx_word' id='word_1_4' title='bbox 2295 315 2487 379; x_wconf 72' lang='lat' dir='ltr'>Dm.</span> <span class='ocrx_word' id='word_1_5' title='bbox 3014 313 3099 376; x_wconf 82' lang='lat'>43</span> 
     </span>
    </p>
   </div>
   <div class='ocr_carea' id='block_1_2' title="bbox 143 498 3119 4303">
    <p class='ocr_par' dir='ltr' id='par_1_2' title="bbox 143 498 3119 4303">
     <span class='ocr_line' id='line_1_2' title="bbox 143 498 3094 590; baseline -0.003 -20"><span class='ocrx_word' id='word_1_6' title='bbox 143 505 548 590; x_wconf 85' lang='lat' dir='ltr'>praeditum:</span> <span class='ocrx_word' id='word_1_7' title='bbox 599 509 710 569; x_wconf 87' lang='lat' dir='ltr'>aut</span> <span class='ocrx_word' id='word_1_8' title='bbox 755 503 810 569; x_wconf 89' lang='lat' dir='ltr'>si</span> <span class='ocrx_word' id='word_1_9' title='bbox 856 504 1055 568; x_wconf 76' lang='lat' dir='ltr'>libere</span> <span class='ocrx_word' id='word_1_10' title='bbox 1102 503 1257 569; x_wconf 83' lang='lat' dir='ltr'>velit</span> <span class='ocrx_word' id='word_1_11' title='bbox 1310 505 1537 587; x_wconf 86' lang='lat' dir='ltr'>ang&#39;elo</span> <span class='ocrx_word' id='word_1_12' title='bbox 1584 506 1696 567; x_wconf 89' lang='lat' dir='ltr'>aut</span> <span class='ocrx_word' id='word_1_13' title='bbox 1747 501 1994 566; x_wconf 86' lang='lat' dir='ltr'>homini</span> <span class='ocrx_word' id='word_1_14' title='bbox 2040 501 2284 585; x_wconf 87' lang='lat' dir='ltr'>aliquid</span> <span class='ocrx_word' id='word_1_15' title='bbox 2328 504 2630 578; x_wconf 82' lang='lat' dir='ltr'>revelare,</span> <span class='ocrx_word' id='word_1_16' title='bbox 2669 498 3094 564; x_wconf 85' lang='lat' dir='ltr'>necessarium</span> 
     </span>
     <span class='ocr_line' id='line_1_3' title="bbox 145 591 3091 676; baseline -0.003 -18"><span class='ocrx_word' id='word_1_17' title='bbox 145 599 250 658; x_wconf 87' lang='lat' dir='ltr'>est</span> <span class='ocrx_word' id='word_1_18' title='bbox 285 594 526 658; x_wconf 86' lang='lat' dir='ltr'>revelet</span> <span class='ocrx_word' id='word_1_19' title='bbox 563 595 894 658; x_wconf 85' lang='lat' dir='ltr'>veritatem</span> <span class='ocrx_word' id='word_1_20' title='bbox 921 615 936 656; x_wconf 91' lang='lat'>:</span> <span class='ocrx_word' id='word_1_21' title='bbox 971 597 1083 656; x_wconf 89' lang='lat' dir='ltr'>aut</span> <span class='ocrx_word' id='word_1_22' title='bbox 1114 593 1167 656; x_wconf 91' lang='lat' dir='ltr'>si</span> <span class='ocrx_word' id='word_1_23' title='bbox 1201 592 1398 656; x_wconf 76' lang='lat' dir='ltr'>libere</span> <span class='ocrx_word' id='word_1_24' title='bbox 1435 593 1739 676; x_wconf 91' lang='lat' dir='ltr'>producat</span> <span class='ocrx_word' id='word_1_25' title='bbox 1768 591 2075 654; x_wconf 88' lang='lat' dir='ltr'>mundum</span> <span class='ocrx_word' id='word_1_26' title='bbox 2103 591 2525 655; x_wconf 86' lang='lat' dir='ltr'>necessarium</span> <span class='ocrx_word' id='word_1_27' title='bbox 2552 593 2668 666; x_wconf 88' lang='lat' dir='ltr'>est,</span> <span class='ocrx_word' id='word_1_28' title='bbox 2702 592 2774 652; x_wconf 87' lang='lat' dir='ltr'>ut</span> <span class='ocrx_word' id='word_1_29' title='bbox 2798 611 2945 653; x_wconf 91' lang='lat' dir='ltr'>eum</span> <span class='ocrx_word' id='word_1_30' title='bbox 2968 607 3091 671; x_wconf 88' lang='lat' dir='ltr'>gu-</span> 
     </span>
     <span class='ocr_line' id='line_1_4' title="bbox 143 675 3097 766; baseline -0.002 -20"><span class='ocrx_word' id='word_1_31' title='bbox 143 685 404 747; x_wconf 86' lang='lat' dir='ltr'>bernet.</span> <span class='ocrx_word' id='word_1_32' title='bbox 445 682 610 747; x_wconf 85' lang='lat' dir='ltr'>Vide</span> <span class='ocrx_word' id='word_1_33' title='bbox 651 682 820 746; x_wconf 80' lang='lat' dir='ltr'>infra</span> <span class='ocrx_word' id='word_1_34' title='bbox 855 680 920 746; x_wconf 88' lang='lat' dir='ltr'>in</span> <span class='ocrx_word' id='word_1_35' title='bbox 959 682 1298 766; x_wconf 71' lang='lat' dir='ltr'><strong><em>appendice</em></strong></span> <span class='ocrx_word' id='word_1_36' title='bbox 1333 693 1499 766; x_wconf 74' lang='lat' dir='ltr'>part.</span> <span class='ocrx_word' id='word_1_37' title='bbox 1546 683 1601 744; x_wconf 94' lang='grc'>1.</span> <span class='ocrx_word' id='word_1_38' title='bbox 1658 681 1839 746; x_wconf 78' lang='lat' dir='ltr'>Thesi</span> <span class='ocrx_word' id='word_1_39' title='bbox 1880 681 1939 742; x_wconf 87' lang='lat'>4.</span> <span class='ocrx_word' id='word_1_40' title='bbox 1996 680 2092 744; x_wconf 76' lang='lat' dir='ltr'>cit.</span> <span class='ocrx_word' id='word_1_41' title='bbox 2138 681 2521 762; x_wconf 75' lang='lat' dir='ltr'>Cajelanum.</span> <span class='ocrx_word' id='word_1_42' title='bbox 2564 677 2680 742; x_wconf 86' lang='lat' dir='ltr'>IV.</span> <span class='ocrx_word' id='word_1_43' title='bbox 2714 675 3097 762; x_wconf 74' lang='lat' dir='ltr'>sequeretur</span> 
     </span>
     <span class='ocr_line' id='line_1_5' title="bbox 147 763 3095 854; baseline -0.003 -19"><span class='ocrx_word' id='word_1_44' title='bbox 147 771 367 835; x_wconf 89' lang='lat' dir='ltr'>Deum</span> <span class='ocrx_word' id='word_1_45' title='bbox 392 793 518 834; x_wconf 90' lang='lat' dir='ltr'>non</span> <span class='ocrx_word' id='word_1_46' title='bbox 541 793 724 854; x_wconf 88' lang='lat' dir='ltr'>posse</span> <span class='ocrx_word' id='word_1_47' title='bbox 749 769 1134 853; x_wconf 82' lang='lat' dir='ltr'>dispensare;</span> <span class='ocrx_word' id='word_1_48' title='bbox 1161 770 1269 834; x_wconf 86' lang='lat' dir='ltr'>sed</span> <span class='ocrx_word' id='word_1_49' title='bbox 1293 769 1645 834; x_wconf 87' lang='lat' dir='ltr'>necessario</span> <span class='ocrx_word' id='word_1_50' title='bbox 1669 769 1896 852; x_wconf 86' lang='lat' dir='ltr'>punire</span> <span class='ocrx_word' id='word_1_51' title='bbox 1920 769 2172 851; x_wconf 88' lang='lat' dir='ltr'>quando</span> <span class='ocrx_word' id='word_1_52' title='bbox 2188 770 2233 833; x_wconf 84' lang='lat'>&amp;</span> <span class='ocrx_word' id='word_1_53' title='bbox 2252 773 2562 850; x_wconf 90' lang='lat' dir='ltr'>quantum</span> <span class='ocrx_word' id='word_1_54' title='bbox 2585 769 2813 850; x_wconf 89' lang='lat' dir='ltr'>potest.</span> <span class='ocrx_word' id='word_1_55' title='bbox 2834 764 2956 828; x_wconf 87' lang='lat' dir='ltr'>Sed</span> <span class='ocrx_word' id='word_1_56' title='bbox 2974 763 3095 828; x_wconf 91' lang='lat' dir='ltr'>hoc</span> 
     </span>
     <span class='ocr_line' id='line_1_6' title="bbox 147 855 3097 943; baseline -0.003 -19"><span class='ocrx_word' id='word_1_57' title='bbox 147 860 526 924; x_wconf 88' lang='lat' dir='ltr'>absurdum.</span> <span class='ocrx_word' id='word_1_58' title='bbox 556 861 736 943; x_wconf 79' lang='lat' dir='ltr'>Hesp.</span> <span class='ocrx_word' id='word_1_59' title='bbox 765 861 917 942; x_wconf 84' lang='lat' dir='ltr'>Ne9.</span> <span class='ocrx_word' id='word_1_60' title='bbox 941 859 1409 941; x_wconf 78' lang='lat' dir='ltr'>consequentia.</span> <span class='ocrx_word' id='word_1_61' title='bbox 1445 857 1686 921; x_wconf 87' lang='lat' dir='ltr'>Dilatio</span> <span class='ocrx_word' id='word_1_62' title='bbox 1713 880 1973 941; x_wconf 88' lang='lat' dir='ltr'>poenae,</span> <span class='ocrx_word' id='word_1_63' title='bbox 2002 860 2115 920; x_wconf 83' lang='lat' dir='ltr'>aut</span> <span class='ocrx_word' id='word_1_64' title='bbox 2139 855 2526 939; x_wconf 88' lang='lat' dir='ltr'>dispensatio</span> <span class='ocrx_word' id='word_1_65' title='bbox 2550 855 2719 940; x_wconf 90' lang='lat' dir='ltr'>quod</span> <span class='ocrx_word' id='word_1_66' title='bbox 2744 855 2823 918; x_wconf 91' lang='lat' dir='ltr'>ad</span> <span class='ocrx_word' id='word_1_67' title='bbox 2845 858 3097 935; x_wconf 85' lang='lat' dir='ltr'>tempus</span> 
     </span>
     <span class='ocr_line' id='line_1_7' title="bbox 147 937 3099 1029; baseline -0.004 -17"><span class='ocrx_word' id='word_1_68' title='bbox 147 952 270 1012; x_wconf 86' lang='lat' dir='ltr'>aut</span> <span class='ocrx_word' id='word_1_69' title='bbox 285 948 544 1012; x_wconf 89' lang='lat' dir='ltr'>modum</span> <span class='ocrx_word' id='word_1_70' title='bbox 560 949 760 1012; x_wconf 90' lang='lat' dir='ltr'>libero</span> <span class='ocrx_word' id='word_1_71' title='bbox 777 947 900 1011; x_wconf 92' lang='lat' dir='ltr'>Dei</span> <span class='ocrx_word' id='word_1_72' title='bbox 919 947 1184 1012; x_wconf 87' lang='lat' dir='ltr'>arbitrio</span> <span class='ocrx_word' id='word_1_73' title='bbox 1200 947 1265 1010; x_wconf 90' lang='lat' dir='ltr'>in</span> <span class='ocrx_word' id='word_1_74' title='bbox 1281 947 1447 1010; x_wconf 87' lang='lat' dir='ltr'>hanc</span> <span class='ocrx_word' id='word_1_75' title='bbox 1463 950 1575 1010; x_wconf 92' lang='lat' dir='ltr'>aut</span> <span class='ocrx_word' id='word_1_76' title='bbox 1587 946 1765 1010; x_wconf 89' lang='lat' dir='ltr'>illam</span> <span class='ocrx_word' id='word_1_77' title='bbox 1780 950 2027 1029; x_wconf 90' lang='lat' dir='ltr'>partem</span> <span class='ocrx_word' id='word_1_78' title='bbox 2040 945 2448 1009; x_wconf 87' lang='lat' dir='ltr'>determinari</span> <span class='ocrx_word' id='word_1_79' title='bbox 2466 948 2695 1029; x_wconf 89' lang='lat' dir='ltr'>potest,</span> <span class='ocrx_word' id='word_1_80' title='bbox 2710 941 3001 1026; x_wconf 88' lang='lat' dir='ltr'>quamvis</span> <span class='ocrx_word' id='word_1_81' title='bbox 3024 937 3099 999; x_wconf 71' lang='grc' dir='ltr'>τὸ</span> 
     </span>
     <span class='ocr_line' id='line_1_8' title="bbox 147 1030 3099 1121; baseline -0.002 -21"><span class='ocrx_word' id='word_1_82' title='bbox 147 1036 388 1121; x_wconf 88' lang='lat' dir='ltr'>punire</span> <span class='ocrx_word' id='word_1_83' title='bbox 415 1059 527 1101; x_wconf 91' lang='lat' dir='ltr'>seu</span> <span class='ocrx_word' id='word_1_84' title='bbox 549 1037 691 1120; x_wconf 88' lang='lat' dir='ltr'>ipsa</span> <span class='ocrx_word' id='word_1_85' title='bbox 706 1059 911 1120; x_wconf 89' lang='lat' dir='ltr'>poena</span> <span class='ocrx_word' id='word_1_86' title='bbox 927 1036 994 1100; x_wconf 90' lang='lat' dir='ltr'>in</span> <span class='ocrx_word' id='word_1_87' title='bbox 1019 1059 1086 1100; x_wconf 88' lang='lat' dir='ltr'>se</span> <span class='ocrx_word' id='word_1_88' title='bbox 1109 1037 1155 1102; x_wconf 82' lang='grc'>81</span> <span class='ocrx_word' id='word_1_89' title='bbox 1173 1035 1462 1100; x_wconf 76' lang='lat' dir='ltr'>absolute</span> <span class='ocrx_word' id='word_1_90' title='bbox 1478 1035 1875 1100; x_wconf 86' lang='lat' dir='ltr'>considerata</span> <span class='ocrx_word' id='word_1_91' title='bbox 1892 1034 1977 1098; x_wconf 88' lang='lat' dir='ltr'>sit</span> <span class='ocrx_word' id='word_1_92' title='bbox 1991 1033 2365 1097; x_wconf 88' lang='lat' dir='ltr'>necessaria.</span> <span class='ocrx_word' id='word_1_93' title='bbox 2388 1034 2568 1120; x_wconf 81' lang='lat' dir='ltr'>[pag.</span> <span class='ocrx_word' id='word_1_94' title='bbox 2593 1031 2756 1116; x_wconf 83' lang='lat'><strong>363]</strong></span> <span class='ocrx_word' id='word_1_95' title='bbox 2805 1030 2981 1094; x_wconf 88' lang='lat' dir='ltr'>Idem</span> <span class='ocrx_word' id='word_1_96' title='bbox 2998 1054 3099 1094; x_wconf 88' lang='lat' dir='ltr'>re-</span> 
     </span>
     <span class='ocr_line' id='line_1_9' title="bbox 147 1120 3098 1210; baseline -0.002 -21"><span class='ocrx_word' id='word_1_97' title='bbox 147 1123 459 1208; x_wconf 89' lang='lat' dir='ltr'>sponderi</span> <span class='ocrx_word' id='word_1_98' title='bbox 483 1129 707 1208; x_wconf 75' lang='lat' dir='ltr'>&#39;potest</span> <span class='ocrx_word' id='word_1_99' title='bbox 731 1127 807 1189; x_wconf 90' lang='lat' dir='ltr'>de</span> <span class='ocrx_word' id='word_1_100' title='bbox 831 1124 1135 1210; x_wconf 85' lang='lat' dir='ltr'>gradibus</span> <span class='ocrx_word' id='word_1_101' title='bbox 1168 1147 1278 1188; x_wconf 88' lang='lat' dir='ltr'>seu</span> <span class='ocrx_word' id='word_1_102' title='bbox 1305 1124 1692 1188; x_wconf 88' lang='lat' dir='ltr'>incremento</span> <span class='ocrx_word' id='word_1_103' title='bbox 1716 1143 2065 1206; x_wconf 90' lang='lat' dir='ltr'>poenarum</span> <span class='ocrx_word' id='word_1_104' title='bbox 2090 1121 2157 1185; x_wconf 90' lang='lat' dir='ltr'>in</span> <span class='ocrx_word' id='word_1_105' title='bbox 2180 1121 2450 1200; x_wconf 81' lang='lat' dir='ltr'>infernO,</span> <span class='ocrx_word' id='word_1_106' title='bbox 2478 1121 2789 1206; x_wconf 84' lang='lat' dir='ltr'>siquidem</span> <span class='ocrx_word' id='word_1_107' title='bbox 2816 1120 3098 1184; x_wconf 87' lang='lat' dir='ltr'>damnati</span> 
     </span>
     <span class='ocr_line' id='line_1_10' title="bbox 147 1208 3099 1299; baseline -0.002 -22"><span class='ocrx_word' id='word_1_108' title='bbox 147 1235 492 1299; x_wconf 82' lang='lat' dir='ltr'>nunquam</span> <span class='ocrx_word' id='word_1_109' title='bbox 516 1217 762 1278; x_wconf 88' lang='lat' dir='ltr'>cessent</span> <span class='ocrx_word' id='word_1_110' title='bbox 783 1216 1042 1298; x_wconf 86' lang='lat' dir='ltr'>peccata</span> <span class='ocrx_word' id='word_1_111' title='bbox 1067 1214 1339 1296; x_wconf 88' lang='lat' dir='ltr'>peccatis</span> <span class='ocrx_word' id='word_1_112' title='bbox 1360 1213 1778 1277; x_wconf 86' lang='lat' dir='ltr'>accumulare.</span> <span class='ocrx_word' id='word_1_113' title='bbox 1803 1210 1902 1276; x_wconf 92' lang='lat' dir='ltr'>De</span> <span class='ocrx_word' id='word_1_114' title='bbox 1928 1233 2051 1294; x_wconf 92' lang='lat' dir='ltr'>quo</span> <span class='ocrx_word' id='word_1_115' title='bbox 2076 1210 2333 1293; x_wconf 89' lang='lat' dir='ltr'>quidem</span> <span class='ocrx_word' id='word_1_116' title='bbox 2350 1212 2505 1274; x_wconf 87' lang='lat' dir='ltr'>satis</span> <span class='ocrx_word' id='word_1_117' title='bbox 2522 1210 2791 1274; x_wconf 88' lang='lat' dir='ltr'>molesta</span> <span class='ocrx_word' id='word_1_118' title='bbox 2804 1208 3099 1291; x_wconf 88' lang='lat' dir='ltr'>disquisi-</span> 
     </span>
     <span class='ocr_line' id='line_1_11' title="bbox 152 1297 3101 1385; baseline -0.002 -19"><span class='ocrx_word' id='word_1_119' title='bbox 152 1302 272 1366; x_wconf 85' lang='lat' dir='ltr'>tio.</span> <span class='ocrx_word' id='word_1_120' title='bbox 327 1300 598 1366; x_wconf 87' lang='lat' dir='ltr'>Interim</span> <span class='ocrx_word' id='word_1_121' title='bbox 645 1325 721 1366; x_wconf 89' lang='lat' dir='ltr'>ex</span> <span class='ocrx_word' id='word_1_122' title='bbox 771 1325 864 1380; x_wconf 90' lang='lat' dir='ltr'>e0,</span> <span class='ocrx_word' id='word_1_123' title='bbox 913 1303 1080 1385; x_wconf 86' lang='lat' dir='ltr'>quod</span> <span class='ocrx_word' id='word_1_124' title='bbox 1109 1301 1215 1376; x_wconf 79' lang='lat' dir='ltr'>vix</span> <span class='ocrx_word' id='word_1_125' title='bbox 1257 1306 1368 1365; x_wconf 89' lang='lat' dir='ltr'>aut</span> <span class='ocrx_word' id='word_1_126' title='bbox 1407 1301 1750 1365; x_wconf 88' lang='lat' dir='ltr'>difficulter</span> <span class='ocrx_word' id='word_1_127' title='bbox 1774 1299 1864 1364; x_wconf 92' lang='lat' dir='ltr'>sic</span> <span class='ocrx_word' id='word_1_128' title='bbox 1888 1299 2305 1382; x_wconf 83' lang='lat' dir='ltr'>assequimur,</span> <span class='ocrx_word' id='word_1_129' title='bbox 2332 1302 2405 1363; x_wconf 91' lang='lat' dir='ltr'>ut</span> <span class='ocrx_word' id='word_1_130' title='bbox 2429 1301 2474 1366; x_wconf 75' lang='grc'>81</span> <span class='ocrx_word' id='word_1_131' title='bbox 2512 1301 2728 1364; x_wconf 88' lang='lat' dir='ltr'>nostro</span> <span class='ocrx_word' id='word_1_132' title='bbox 2752 1299 2798 1362; x_wconf 85' lang='lat'>&amp;</span> <span class='ocrx_word' id='word_1_133' title='bbox 2830 1297 3101 1360; x_wconf 88' lang='lat' dir='ltr'>aliorum</span> 
     </span>
     <span class='ocr_line' id='line_1_12' title="bbox 148 1385 3099 1475; baseline -0.001 -21"><span class='ocrx_word' id='word_1_134' title='bbox 148 1390 428 1454; x_wconf 89' lang='lat' dir='ltr'>curiosis</span> <span class='ocrx_word' id='word_1_135' title='bbox 451 1391 728 1475; x_wconf 84' lang='lat' dir='ltr'>ingeniis</span> <span class='ocrx_word' id='word_1_136' title='bbox 753 1390 1242 1468; x_wconf 78' lang='lat' dir='ltr'>satisfaciamus,</span> <span class='ocrx_word' id='word_1_137' title='bbox 1268 1412 1393 1454; x_wconf 89' lang='lat' dir='ltr'>non</span> <span class='ocrx_word' id='word_1_138' title='bbox 1420 1393 1515 1453; x_wconf 89' lang='lat' dir='ltr'>est</span> <span class='ocrx_word' id='word_1_139' title='bbox 1539 1389 2043 1471; x_wconf 31' lang='lat' dir='ltr'>subvertendum·</span> <span class='ocrx_word' id='word_1_140' title='bbox 2060 1388 2227 1471; x_wconf 90' lang='lat' dir='ltr'>quod</span> <span class='ocrx_word' id='word_1_141' title='bbox 2252 1388 2505 1472; x_wconf 87' lang='lat' dir='ltr'>assequi</span> <span class='ocrx_word' id='word_1_142' title='bbox 2528 1408 2863 1471; x_wconf 86' lang='lat' dir='ltr'>possumus</span> <span class='ocrx_word' id='word_1_143' title='bbox 2881 1387 2927 1451; x_wconf 79' lang='lat'><strong>&amp;</strong></span> <span class='ocrx_word' id='word_1_144' title='bbox 2944 1385 3099 1450; x_wconf 89' lang='lat' dir='ltr'>satis</span> 
     </span>
     <span class='ocr_line' id='line_1_13' title="bbox 153 1476 3096 1563; baseline -0.001 -21"><span class='ocrx_word' id='word_1_145' title='bbox 153 1479 607 1563; x_wconf 57' lang='lat' dir='ltr'>perspicimus</span> <span class='ocrx_word' id='word_1_146' title='bbox 634 1476 714 1543; x_wconf 89' lang='lat' dir='ltr'>V.</span> <span class='ocrx_word' id='word_1_147' title='bbox 741 1477 1129 1562; x_wconf 90' lang='lat' dir='ltr'>Sequeretur</span> <span class='ocrx_word' id='word_1_148' title='bbox 1143 1477 1354 1543; x_wconf 91' lang='lat' dir='ltr'>Deum</span> <span class='ocrx_word' id='word_1_149' title='bbox 1370 1477 1725 1542; x_wconf 82' lang='lat' dir='ltr'>necessario</span> <span class='ocrx_word' id='word_1_150' title='bbox 1735 1478 1965 1542; x_wconf 87' lang='lat' dir='ltr'>debere</span> <span class='ocrx_word' id='word_1_151' title='bbox 1982 1498 2351 1541; x_wconf 87' lang='lat' dir='ltr'>conservare</span> <span class='ocrx_word' id='word_1_152' title='bbox 2360 1476 2618 1541; x_wconf 89' lang='lat' dir='ltr'>homine</span> <span class='ocrx_word' id='word_1_153' title='bbox 2626 1497 2686 1539; x_wconf 86' lang='lat' dir='ltr'>m</span> <span class='ocrx_word' id='word_1_154' title='bbox 2705 1476 3096 1538; x_wconf 88' lang='lat' dir='ltr'>damnatum:</span> 
     </span>
     <span class='ocr_line' id='line_1_14' title="bbox 159 1562 3102 1652; baseline -0.002 -20"><span class='ocrx_word' id='word_1_155' title='bbox 159 1567 375 1652; x_wconf 84' lang='lat' dir='ltr'>Atqui</span> <span class='ocrx_word' id='word_1_156' title='bbox 399 1567 652 1632; x_wconf 84' lang='lat' dir='ltr'>videtur</span> <span class='ocrx_word' id='word_1_157' title='bbox 675 1568 1038 1633; x_wconf 89' lang='lat' dir='ltr'>absurdum.</span> <span class='ocrx_word' id='word_1_158' title='bbox 1069 1569 1138 1633; x_wconf 80' lang='lat' dir='ltr'>R.</span> <span class='ocrx_word' id='word_1_159' title='bbox 1169 1569 1446 1651; x_wconf 71' lang='lat' dir='ltr'>Neqatur</span> <span class='ocrx_word' id='word_1_160' title='bbox 1459 1568 1693 1633; x_wconf 76' lang='lat' dir='ltr'>minor.</span> <span class='ocrx_word' id='word_1_161' title='bbox 1711 1566 1929 1630; x_wconf 90' lang='lat' dir='ltr'>Posito</span> <span class='ocrx_word' id='word_1_162' title='bbox 1958 1565 2125 1629; x_wconf 88' lang='lat' dir='ltr'>enim</span> <span class='ocrx_word' id='word_1_163' title='bbox 2150 1564 2475 1630; x_wconf 90' lang='lat' dir='ltr'>hominem</span> <span class='ocrx_word' id='word_1_164' title='bbox 2502 1568 2539 1629; x_wconf 80' lang='lat' dir='ltr'>a</span> <span class='ocrx_word' id='word_1_165' title='bbox 2562 1564 2700 1629; x_wconf 90' lang='lat' dir='ltr'>Deo</span> <span class='ocrx_word' id='word_1_166' title='bbox 2724 1562 2922 1626; x_wconf 76' lang='lat' dir='ltr'>libere</span> <span class='ocrx_word' id='word_1_167' title='bbox 2954 1585 3102 1645; x_wconf 88' lang='lat' dir='ltr'>pro-</span> 
     </span>
     <span class='ocr_line' id='line_1_15' title="bbox 153 1653 3103 1741; baseline -0.002 -21"><span class='ocrx_word' id='word_1_168' title='bbox 153 1657 426 1720; x_wconf 88' lang='lat' dir='ltr'>ductum</span> <span class='ocrx_word' id='word_1_169' title='bbox 451 1658 496 1722; x_wconf 84' lang='grc'>81</span> <span class='ocrx_word' id='word_1_170' title='bbox 521 1656 720 1721; x_wconf 89' lang='lat' dir='ltr'>libere</span> <span class='ocrx_word' id='word_1_171' title='bbox 743 1655 1124 1740; x_wconf 87' lang='lat' dir='ltr'>permissum</span> <span class='ocrx_word' id='word_1_172' title='bbox 1155 1660 1515 1741; x_wconf 82' lang='lat' dir='ltr'>peccatum:</span> <span class='ocrx_word' id='word_1_173' title='bbox 1545 1655 1832 1739; x_wconf 88' lang='lat' dir='ltr'>sequitur</span> <span class='ocrx_word' id='word_1_174' title='bbox 1865 1653 2217 1718; x_wconf 87' lang='lat' dir='ltr'>necessario</span> <span class='ocrx_word' id='word_1_175' title='bbox 2242 1653 2425 1717; x_wconf 91' lang='lat' dir='ltr'>illum</span> <span class='ocrx_word' id='word_1_176' title='bbox 2451 1653 2863 1737; x_wconf 85' lang='lat' dir='ltr'>puniendum.</span> <span class='ocrx_word' id='word_1_177' title='bbox 2904 1653 2951 1717; x_wconf 88' lang='grc'>81</span> <span class='ocrx_word' id='word_1_178' title='bbox 2990 1673 3103 1734; x_wconf 85' lang='lat' dir='ltr'>per</span> 
     </span>
     <span class='ocr_line' id='line_1_16' title="bbox 152 1740 3101 1828; baseline -0.002 -19"><span class='ocrx_word' id='word_1_179' title='bbox 152 1767 554 1828; x_wconf 87' lang='lat' dir='ltr'>consequens</span> <span class='ocrx_word' id='word_1_180' title='bbox 571 1745 922 1810; x_wconf 87' lang='lat' dir='ltr'>necessario</span> <span class='ocrx_word' id='word_1_181' title='bbox 933 1745 1002 1808; x_wconf 86' lang='lat' dir='ltr'>in</span> <span class='ocrx_word' id='word_1_182' title='bbox 1015 1744 1352 1808; x_wconf 71' lang='lat' dir='ltr'>existentia</span> <span class='ocrx_word' id='word_1_183' title='bbox 1363 1744 1880 1820; x_wconf 85' lang='lat' dir='ltr'>conservandum,</span> <span class='ocrx_word' id='word_1_184' title='bbox 1900 1741 2203 1824; x_wconf 84' lang='lat' dir='ltr'>quamdiu</span> <span class='ocrx_word' id='word_1_185' title='bbox 2214 1743 2479 1824; x_wconf 86' lang='lat' dir='ltr'>punitur</span> <span class='ocrx_word' id='word_1_186' title='bbox 2492 1747 2603 1806; x_wconf 84' lang='lat' dir='ltr'>aut</span> <span class='ocrx_word' id='word_1_187' title='bbox 2618 1740 2972 1825; x_wconf 88' lang='lat' dir='ltr'>puniendus</span> <span class='ocrx_word' id='word_1_188' title='bbox 2986 1743 3101 1803; x_wconf 89' lang='lat' dir='ltr'>est.</span> 
     </span>
     <span class='ocr_line' id='line_1_17' title="bbox 153 1831 3104 1917; baseline -0.001 -21"><span class='ocrx_word' id='word_1_189' title='bbox 153 1832 270 1897; x_wconf 89' lang='lat' dir='ltr'>An</span> <span class='ocrx_word' id='word_1_190' title='bbox 295 1837 511 1896; x_wconf 85' lang='lat' dir='ltr'>autem</span> <span class='ocrx_word' id='word_1_191' title='bbox 536 1855 742 1916; x_wconf 88' lang='lat' dir='ltr'>poena</span> <span class='ocrx_word' id='word_1_192' title='bbox 759 1835 932 1917; x_wconf 76' lang='lat' dir='ltr'>juste</span> <span class='ocrx_word' id='word_1_193' title='bbox 957 1833 1362 1917; x_wconf 84' lang='lat' dir='ltr'>aequivalens</span> <span class='ocrx_word' id='word_1_194' title='bbox 1389 1831 1673 1912; x_wconf 82' lang='lat' dir='ltr'>cuilibet,</span> <span class='ocrx_word' id='word_1_195' title='bbox 1699 1836 1977 1915; x_wconf 82' lang='lat' dir='ltr'>peccatO,</span> <span class='ocrx_word' id='word_1_196' title='bbox 2003 1831 2359 1894; x_wconf 82' lang='lat' dir='ltr'>necessario</span> <span class='ocrx_word' id='word_1_197' title='bbox 2384 1831 2612 1895; x_wconf 87' lang='lat' dir='ltr'>debeat</span> <span class='ocrx_word' id='word_1_198' title='bbox 2629 1852 2765 1894; x_wconf 89' lang='lat' dir='ltr'>esse</span> <span class='ocrx_word' id='word_1_199' title='bbox 2784 1832 3104 1906; x_wconf 87' lang='lat' dir='ltr'>aeternae,</span> 
     </span>
     <span class='ocr_line' id='line_1_18' title="bbox 156 1917 3104 2005; baseline -0.002 -19"><span class='ocrx_word' id='word_1_200' title='bbox 156 1921 510 1986; x_wconf 89' lang='lat' dir='ltr'>secundum</span> <span class='ocrx_word' id='word_1_201' title='bbox 531 1922 638 2005; x_wconf 85' lang='lat' dir='ltr'>jus</span> <span class='ocrx_word' id='word_1_202' title='bbox 653 1921 774 1986; x_wconf 88' lang='lat' dir='ltr'>Dei</span> <span class='ocrx_word' id='word_1_203' title='bbox 791 1923 1103 1996; x_wconf 88' lang='lat' dir='ltr'>naturale,</span> <span class='ocrx_word' id='word_1_204' title='bbox 1119 1923 1274 1985; x_wconf 90' lang='lat' dir='ltr'>adeo</span> <span class='ocrx_word' id='word_1_205' title='bbox 1291 1925 1363 1984; x_wconf 92' lang='lat' dir='ltr'>ut</span> <span class='ocrx_word' id='word_1_206' title='bbox 1378 1920 1552 1984; x_wconf 89' lang='lat' dir='ltr'>Deus</span> <span class='ocrx_word' id='word_1_207' title='bbox 1571 1920 1810 2004; x_wconf 85' lang='lat' dir='ltr'>absque</span> <span class='ocrx_word' id='word_1_208' title='bbox 1827 1918 2261 2003; x_wconf 85' lang='lat' dir='ltr'>implicatione</span> <span class='ocrx_word' id='word_1_209' title='bbox 2278 1917 2792 1983; x_wconf 87' lang='lat' dir='ltr'>contradictionis</span> <span class='ocrx_word' id='word_1_210' title='bbox 2805 1939 2931 1981; x_wconf 90' lang='lat' dir='ltr'>non</span> <span class='ocrx_word' id='word_1_211' title='bbox 2956 1939 3104 2000; x_wconf 87' lang='lat' dir='ltr'>pos-</span> 
     </span>
     <span class='ocr_line' id='line_1_19' title="bbox 157 2005 3101 2092; baseline -0.002 -18"><span class='ocrx_word' id='word_1_212' title='bbox 157 2014 264 2074; x_wconf 85' lang='lat' dir='ltr'>set</span> <span class='ocrx_word' id='word_1_213' title='bbox 277 2010 470 2074; x_wconf 88' lang='lat' dir='ltr'>aliter</span> <span class='ocrx_word' id='word_1_214' title='bbox 495 2011 856 2086; x_wconf 82' lang='lat' dir='ltr'>decernere3</span> <span class='ocrx_word' id='word_1_215' title='bbox 884 2011 1004 2074; x_wconf 68' lang='lat' dir='ltr'>hac</span> <span class='ocrx_word' id='word_1_216' title='bbox 1029 2010 1160 2074; x_wconf 86' lang='lat' dir='ltr'>vice</span> <span class='ocrx_word' id='word_1_217' title='bbox 1187 2032 1312 2073; x_wconf 89' lang='lat' dir='ltr'>non</span> <span class='ocrx_word' id='word_1_218' title='bbox 1337 2009 1769 2092; x_wconf 86' lang='lat' dir='ltr'>disputamus:</span> <span class='ocrx_word' id='word_1_219' title='bbox 1797 2031 1940 2072; x_wconf 90' lang='lat' dir='ltr'>cum</span> <span class='ocrx_word' id='word_1_220' title='bbox 1967 2009 2206 2090; x_wconf 85' lang='lat' dir='ltr'>absque</span> <span class='ocrx_word' id='word_1_221' title='bbox 2231 2007 2351 2071; x_wconf 82' lang='lat' dir='ltr'>hoc</span> <span class='ocrx_word' id='word_1_222' title='bbox 2376 2007 2735 2090; x_wconf 85' lang='lat' dir='ltr'>propositae</span> <span class='ocrx_word' id='word_1_223' title='bbox 2759 2005 3101 2088; x_wconf 90' lang='lat' dir='ltr'>objectioni</span> 
     </span>
     <span class='ocr_line' id='line_1_20' title="bbox 161 2092 3097 2183; baseline -0.002 -20"><span class='ocrx_word' id='word_1_224' title='bbox 161 2098 576 2163; x_wconf 85' lang='lat' dir='ltr'>satisfactum</span> <span class='ocrx_word' id='word_1_225' title='bbox 601 2098 705 2163; x_wconf 92' lang='lat' dir='ltr'>sit.</span> <span class='ocrx_word' id='word_1_226' title='bbox 733 2097 846 2162; x_wconf 90' lang='lat' dir='ltr'>VI.</span> <span class='ocrx_word' id='word_1_227' title='bbox 875 2097 1260 2183; x_wconf 90' lang='lat' dir='ltr'>Sequeretur</span> <span class='ocrx_word' id='word_1_228' title='bbox 1283 2098 1587 2162; x_wconf 88' lang='lat' dir='ltr'>terminos</span> <span class='ocrx_word' id='word_1_229' title='bbox 1606 2120 1739 2161; x_wconf 87' lang='lat' dir='ltr'>esse</span> <span class='ocrx_word' id='word_1_230' title='bbox 1758 2097 2278 2173; x_wconf 79' lang='lat' dir='ltr'>contradicenteS,</span> <span class='ocrx_word' id='word_1_231' title='bbox 2296 2100 2624 2178; x_wconf 85' lang='lat' dir='ltr'>peccatum</span> <span class='ocrx_word' id='word_1_232' title='bbox 2650 2096 2697 2159; x_wconf 83' lang='grc'>81</span> <span class='ocrx_word' id='word_1_233' title='bbox 2712 2115 2837 2157; x_wconf 87' lang='lat' dir='ltr'>non</span> <span class='ocrx_word' id='word_1_234' title='bbox 2862 2092 3097 2176; x_wconf 85' lang='lat' dir='ltr'>puniri:</span> 
     </span>
     <span class='ocr_line' id='line_1_21' title="bbox 163 2181 3104 2270; baseline -0.002 -20"><span class='ocrx_word' id='word_1_235' title='bbox 163 2186 298 2250; x_wconf 87' lang='lat' dir='ltr'>Sed</span> <span class='ocrx_word' id='word_1_236' title='bbox 321 2186 442 2251; x_wconf 86' lang='lat' dir='ltr'>hoc</span> <span class='ocrx_word' id='word_1_237' title='bbox 473 2187 838 2251; x_wconf 87' lang='lat' dir='ltr'>absurdum.</span> <span class='ocrx_word' id='word_1_238' title='bbox 861 2187 1056 2270; x_wconf 76' lang='lat' dir='ltr'>Ergo·</span> <span class='ocrx_word' id='word_1_239' title='bbox 1088 2189 1157 2253; x_wconf 80' lang='lat' dir='ltr'>R.</span> <span class='ocrx_word' id='word_1_240' title='bbox 1183 2185 1468 2250; x_wconf 84' lang='lat' dir='ltr'>Termini</span> <span class='ocrx_word' id='word_1_241' title='bbox 1486 2186 1773 2268; x_wconf 74' lang='lat' dir='ltr'>proxime</span> <span class='ocrx_word' id='word_1_242' title='bbox 1790 2185 1836 2250; x_wconf 83' lang='lat'>&amp;</span> <span class='ocrx_word' id='word_1_243' title='bbox 1853 2184 2219 2248; x_wconf 75' lang='lat' dir='ltr'>immediate</span> <span class='ocrx_word' id='word_1_244' title='bbox 2236 2183 2637 2266; x_wconf 86' lang='lat' dir='ltr'>implicantes</span> <span class='ocrx_word' id='word_1_245' title='bbox 2656 2181 3104 2246; x_wconf 87' lang='lat' dir='ltr'>contradictio-</span> 
     </span>
     <span class='ocr_line' id='line_1_22' title="bbox 159 2269 3103 2358; baseline -0.003 -18"><span class='ocrx_word' id='word_1_246' title='bbox 159 2298 320 2340; x_wconf 88' lang='lat' dir='ltr'>nem</span> <span class='ocrx_word' id='word_1_247' title='bbox 345 2279 514 2354; x_wconf 91' lang='lat' dir='ltr'>sunt,</span> <span class='ocrx_word' id='word_1_248' title='bbox 527 2274 649 2339; x_wconf 88' lang='lat' dir='ltr'>Dei</span> <span class='ocrx_word' id='word_1_249' title='bbox 673 2275 1051 2352; x_wconf 84' lang='lat' dir='ltr'>universale,</span> <span class='ocrx_word' id='word_1_250' title='bbox 1077 2297 1463 2358; x_wconf 87' lang='lat' dir='ltr'>supremum,</span> <span class='ocrx_word' id='word_1_251' title='bbox 1489 2276 1534 2338; x_wconf 80' lang='grc'>81</span> <span class='ocrx_word' id='word_1_252' title='bbox 1553 2274 1937 2352; x_wconf 88' lang='lat' dir='ltr'>absolutum,</span> <span class='ocrx_word' id='word_1_253' title='bbox 1950 2271 2298 2337; x_wconf 88' lang='lat' dir='ltr'>dominium</span> <span class='ocrx_word' id='word_1_254' title='bbox 2316 2273 2363 2337; x_wconf 83' lang='grc'>81</span> <span class='ocrx_word' id='word_1_255' title='bbox 2378 2275 2661 2354; x_wconf 87' lang='lat' dir='ltr'>potestas</span> <span class='ocrx_word' id='word_1_256' title='bbox 2676 2271 2742 2333; x_wconf 90' lang='lat' dir='ltr'>in</span> <span class='ocrx_word' id='word_1_257' title='bbox 2760 2269 3103 2333; x_wconf 88' lang='lat' dir='ltr'>hominem:</span> 
     </span>
     <span class='ocr_line' id='line_1_23' title="bbox 165 2357 3105 2449; baseline -0.003 -20"><span class='ocrx_word' id='word_1_258' title='bbox 165 2365 218 2429; x_wconf 81' lang='grc'>81</span> <span class='ocrx_word' id='word_1_259' title='bbox 247 2363 573 2428; x_wconf 88' lang='lat' dir='ltr'>hominem</span> <span class='ocrx_word' id='word_1_260' title='bbox 600 2386 726 2427; x_wconf 89' lang='lat' dir='ltr'>non</span> <span class='ocrx_word' id='word_1_261' title='bbox 751 2387 887 2428; x_wconf 88' lang='lat' dir='ltr'>esse</span> <span class='ocrx_word' id='word_1_262' title='bbox 920 2364 1274 2449; x_wconf 77' lang='lat' dir='ltr'>subjectum</span> <span class='ocrx_word' id='word_1_263' title='bbox 1301 2367 1412 2427; x_wconf 88' lang='lat' dir='ltr'>aut</span> <span class='ocrx_word' id='word_1_264' title='bbox 1435 2363 1709 2448; x_wconf 85' lang='lat' dir='ltr'>obligari</span> <span class='ocrx_word' id='word_1_265' title='bbox 1747 2361 1879 2426; x_wconf 91' lang='lat' dir='ltr'>Deo</span> <span class='ocrx_word' id='word_1_266' title='bbox 1910 2383 2207 2446; x_wconf 90' lang='lat' dir='ltr'>supremo</span> <span class='ocrx_word' id='word_1_267' title='bbox 2234 2361 2487 2425; x_wconf 86' lang='lat' dir='ltr'>domino</span> <span class='ocrx_word' id='word_1_268' title='bbox 2511 2361 2589 2423; x_wconf 85' lang='lat' dir='ltr'>ad</span> <span class='ocrx_word' id='word_1_269' title='bbox 2616 2359 2928 2423; x_wconf 86' lang='lat' dir='ltr'>actualem</span> <span class='ocrx_word' id='word_1_270' title='bbox 2953 2357 3105 2421; x_wconf 90' lang='lat' dir='ltr'>obe-</span> 
     </span>
     <span class='ocr_line' id='line_1_24' title="bbox 164 2449 3106 2535; baseline -0.002 -19"><span class='ocrx_word' id='word_1_271' title='bbox 164 2453 502 2531; x_wconf 86' lang='lat' dir='ltr'>dientiam,</span> <span class='ocrx_word' id='word_1_272' title='bbox 543 2456 655 2517; x_wconf 89' lang='lat' dir='ltr'>aut</span> <span class='ocrx_word' id='word_1_273' title='bbox 677 2454 790 2517; x_wconf 90' lang='lat' dir='ltr'>illa</span> <span class='ocrx_word' id='word_1_274' title='bbox 815 2452 1142 2517; x_wconf 89' lang='lat' dir='ltr'>deficiente</span> <span class='ocrx_word' id='word_1_275' title='bbox 1169 2453 1248 2516; x_wconf 86' lang='lat' dir='ltr'>ad</span> <span class='ocrx_word' id='word_1_276' title='bbox 1281 2452 1578 2516; x_wconf 86' lang='lat' dir='ltr'>vicariam</span> <span class='ocrx_word' id='word_1_277' title='bbox 1599 2452 1732 2535; x_wconf 74' lang='lat' dir='ltr'>ejus</span> <span class='ocrx_word' id='word_1_278' title='bbox 1758 2452 2357 2535; x_wconf 79' lang='lat' dir='ltr'>compensationem3</span> <span class='ocrx_word' id='word_1_279' title='bbox 2382 2450 2549 2533; x_wconf 89' lang='lat' dir='ltr'>quod</span> <span class='ocrx_word' id='word_1_280' title='bbox 2573 2449 2658 2513; x_wconf 87' lang='lat' dir='ltr'>sit</span> <span class='ocrx_word' id='word_1_281' title='bbox 2680 2470 2792 2533; x_wconf 84' lang='lat' dir='ltr'>per</span> <span class='ocrx_word' id='word_1_282' title='bbox 2816 2470 3106 2530; x_wconf 83' lang='lat' dir='ltr'>poenam.</span> 
     </span>
     <span class='ocr_line' id='line_1_25' title="bbox 167 2535 3107 2625; baseline -0.002 -20"><span class='ocrx_word' id='word_1_283' title='bbox 167 2542 300 2605; x_wconf 81' lang='lat' dir='ltr'>Hic</span> <span class='ocrx_word' id='word_1_284' title='bbox 317 2545 452 2605; x_wconf 86' lang='lat' dir='ltr'>tam</span> <span class='ocrx_word' id='word_1_285' title='bbox 469 2542 660 2606; x_wconf 88' lang='lat' dir='ltr'>cruda</span> <span class='ocrx_word' id='word_1_286' title='bbox 680 2541 1488 2625; x_wconf 86' lang='lat' dir='ltr'>implicaturcontradictio,</span> <span class='ocrx_word' id='word_1_287' title='bbox 1515 2562 1702 2621; x_wconf 86' lang='lat' dir='ltr'>quam</span> <span class='ocrx_word' id='word_1_288' title='bbox 1722 2540 1777 2605; x_wconf 86' lang='lat' dir='ltr'>si</span> <span class='ocrx_word' id='word_1_289' title='bbox 1794 2540 1939 2623; x_wconf 88' lang='lat' dir='ltr'>quis</span> <span class='ocrx_word' id='word_1_290' title='bbox 1956 2540 2123 2604; x_wconf 85' lang='lat' dir='ltr'>dicat</span> <span class='ocrx_word' id='word_1_291' title='bbox 2145 2540 2515 2624; x_wconf 90' lang='lat' dir='ltr'>Philippum</span> <span class='ocrx_word' id='word_1_292' title='bbox 2536 2560 2669 2602; x_wconf 88' lang='lat' dir='ltr'>esse</span> <span class='ocrx_word' id='word_1_293' title='bbox 2687 2540 2932 2620; x_wconf 88' lang='lat' dir='ltr'>patrem</span> <span class='ocrx_word' id='word_1_294' title='bbox 2952 2535 3107 2599; x_wconf 89' lang='lat' dir='ltr'>Ale-</span> 
     </span>
     <span class='ocr_line' id='line_1_26' title="bbox 165 2624 3107 2712; baseline -0.003 -18"><span class='ocrx_word' id='word_1_295' title='bbox 165 2630 418 2708; x_wconf 82' lang='lat' dir='ltr'>xandri,</span> <span class='ocrx_word' id='word_1_296' title='bbox 444 2632 488 2695; x_wconf 83' lang='grc'>81</span> <span class='ocrx_word' id='word_1_297' title='bbox 512 2630 947 2694; x_wconf 84' lang='lat' dir='ltr'>Alexandrum</span> <span class='ocrx_word' id='word_1_298' title='bbox 971 2651 1098 2693; x_wconf 89' lang='lat' dir='ltr'>non</span> <span class='ocrx_word' id='word_1_299' title='bbox 1125 2652 1257 2693; x_wconf 90' lang='lat' dir='ltr'>esse</span> <span class='ocrx_word' id='word_1_300' title='bbox 1291 2629 1494 2692; x_wconf 89' lang='lat' dir='ltr'>filium</span> <span class='ocrx_word' id='word_1_301' title='bbox 1520 2628 1828 2712; x_wconf 88' lang='lat' dir='ltr'>Philippi:</span> <span class='ocrx_word' id='word_1_302' title='bbox 1857 2628 2183 2693; x_wconf 89' lang='lat' dir='ltr'>Socratem</span> <span class='ocrx_word' id='word_1_303' title='bbox 2206 2650 2342 2693; x_wconf 88' lang='lat' dir='ltr'>esse</span> <span class='ocrx_word' id='word_1_304' title='bbox 2375 2625 2722 2691; x_wconf 87' lang='lat' dir='ltr'>Hermachi</span> <span class='ocrx_word' id='word_1_305' title='bbox 2746 2624 3107 2708; x_wconf 87' lang='lat' dir='ltr'>legitimum</span> 
     </span>
     <span class='ocr_line' id='line_1_27' title="bbox 169 2710 3105 2802; baseline -0.002 -21"><span class='ocrx_word' id='word_1_306' title='bbox 169 2718 525 2797; x_wconf 89' lang='lat' dir='ltr'>dominum,</span> <span class='ocrx_word' id='word_1_307' title='bbox 551 2722 663 2782; x_wconf 85' lang='lat' dir='ltr'>aut</span> <span class='ocrx_word' id='word_1_308' title='bbox 685 2717 1068 2802; x_wconf 88' lang='lat' dir='ltr'>Principem,</span> <span class='ocrx_word' id='word_1_309' title='bbox 1095 2720 1140 2784; x_wconf 85' lang='grc'>81</span> <span class='ocrx_word' id='word_1_310' title='bbox 1165 2716 1598 2781; x_wconf 83' lang='lat' dir='ltr'>Hermachum</span> <span class='ocrx_word' id='word_1_311' title='bbox 1614 2740 1738 2781; x_wconf 89' lang='lat' dir='ltr'>non</span> <span class='ocrx_word' id='word_1_312' title='bbox 1759 2740 1895 2781; x_wconf 87' lang='lat' dir='ltr'>esse</span> <span class='ocrx_word' id='word_1_313' title='bbox 1913 2739 2165 2782; x_wconf 83' lang='lat' dir='ltr'>servum</span> <span class='ocrx_word' id='word_1_314' title='bbox 2184 2721 2297 2782; x_wconf 86' lang='lat' dir='ltr'>aut</span> <span class='ocrx_word' id='word_1_315' title='bbox 2312 2715 2635 2780; x_wconf 88' lang='lat' dir='ltr'>subditum</span> <span class='ocrx_word' id='word_1_316' title='bbox 2656 2710 3105 2779; x_wconf 89' lang='lat' dir='ltr'>Socratis.VII.</span> 
     </span>
     <span class='ocr_line' id='line_1_28' title="bbox 166 2805 3111 2889; baseline -0.002 -18"><span class='ocrx_word' id='word_1_317' title='bbox 166 2806 352 2871; x_wconf 88' lang='lat' dir='ltr'>Deus</span> <span class='ocrx_word' id='word_1_318' title='bbox 375 2810 585 2889; x_wconf 85' lang='lat' dir='ltr'>potest</span> <span class='ocrx_word' id='word_1_319' title='bbox 599 2807 919 2871; x_wconf 90' lang='lat' dir='ltr'>mitiorem</span> <span class='ocrx_word' id='word_1_320' title='bbox 945 2829 1212 2889; x_wconf 87' lang='lat' dir='ltr'>poenam</span> <span class='ocrx_word' id='word_1_321' title='bbox 1229 2806 1464 2871; x_wconf 87' lang='lat' dir='ltr'>inferre</span> <span class='ocrx_word' id='word_1_322' title='bbox 1487 2828 1680 2887; x_wconf 89' lang='lat' dir='ltr'>quam</span> <span class='ocrx_word' id='word_1_323' title='bbox 1696 2810 2026 2889; x_wconf 87' lang='lat' dir='ltr'>peccatum</span> <span class='ocrx_word' id='word_1_324' title='bbox 2045 2810 2344 2870; x_wconf 85' lang='lat' dir='ltr'>meretur:</span> <span class='ocrx_word' id='word_1_325' title='bbox 2365 2826 2517 2887; x_wconf 88' lang='lat' dir='ltr'>ergo</span> <span class='ocrx_word' id='word_1_326' title='bbox 2535 2806 2743 2887; x_wconf 82' lang='lat' dir='ltr'>potest</span> <span class='ocrx_word' id='word_1_327' title='bbox 2762 2820 2875 2885; x_wconf 89' lang='lat' dir='ltr'>per</span> <span class='ocrx_word' id='word_1_328' title='bbox 2884 2805 3111 2885; x_wconf 85' lang='lat' dir='ltr'>poten-</span> 
     </span>
     <span class='ocr_line' id='line_1_29' title="bbox 166 2891 3110 2979; baseline -0.003 -19"><span class='ocrx_word' id='word_1_329' title='bbox 166 2896 336 2960; x_wconf 85' lang='lat' dir='ltr'>tiam</span> <span class='ocrx_word' id='word_1_330' title='bbox 361 2895 719 2959; x_wconf 86' lang='lat' dir='ltr'>absolutam</span> <span class='ocrx_word' id='word_1_331' title='bbox 746 2895 1108 2959; x_wconf 85' lang='lat' dir='ltr'>universam</span> <span class='ocrx_word' id='word_1_332' title='bbox 1133 2917 1400 2979; x_wconf 90' lang='lat' dir='ltr'>poenam</span> <span class='ocrx_word' id='word_1_333' title='bbox 1425 2895 1828 2977; x_wconf 87' lang='lat' dir='ltr'>suspendere.</span> <span class='ocrx_word' id='word_1_334' title='bbox 1854 2892 2066 2957; x_wconf 90' lang='lat' dir='ltr'>Minor</span> <span class='ocrx_word' id='word_1_335' title='bbox 2082 2895 2261 2977; x_wconf 86' lang='lat' dir='ltr'>prob:</span> <span class='ocrx_word' id='word_1_336' title='bbox 2282 2892 2445 2969; x_wconf 85' lang='lat' dir='ltr'>Quia</span> <span class='ocrx_word' id='word_1_337' title='bbox 2467 2891 2642 2955; x_wconf 91' lang='lat' dir='ltr'>Deus</span> <span class='ocrx_word' id='word_1_338' title='bbox 2666 2894 2880 2975; x_wconf 88' lang='lat' dir='ltr'>potest</span> <span class='ocrx_word' id='word_1_339' title='bbox 2896 2912 3110 2959; x_wconf 89' lang='lat' dir='ltr'>remu·</span> 
     </span>
     <span class='ocr_line' id='line_1_30' title="bbox 167 2978 3113 3067; baseline -0.002 -20"><span class='ocrx_word' id='word_1_340' title='bbox 167 2983 390 3047; x_wconf 86' lang='lat' dir='ltr'>nerari</span> <span class='ocrx_word' id='word_1_341' title='bbox 415 2983 584 3047; x_wconf 90' lang='lat' dir='ltr'>ultra</span> <span class='ocrx_word' id='word_1_342' title='bbox 619 2983 1039 3067; x_wconf 86' lang='lat' dir='ltr'>condignum:</span> <span class='ocrx_word' id='word_1_343' title='bbox 1069 3005 1220 3067; x_wconf 88' lang='lat' dir='ltr'>ergo</span> <span class='ocrx_word' id='word_1_344' title='bbox 1243 2986 1455 3066; x_wconf 80' lang='lat' dir='ltr'>potest</span> <span class='ocrx_word' id='word_1_345' title='bbox 1479 2982 1705 3066; x_wconf 87' lang='lat' dir='ltr'>punire</span> <span class='ocrx_word' id='word_1_346' title='bbox 1731 2982 1891 3046; x_wconf 87' lang='lat' dir='ltr'>citra</span> <span class='ocrx_word' id='word_1_347' title='bbox 1916 2983 2317 3067; x_wconf 87' lang='lat' dir='ltr'>condignum.</span> <span class='ocrx_word' id='word_1_348' title='bbox 2347 2984 2420 3047; x_wconf 81' lang='lat' dir='ltr'>R.</span> <span class='ocrx_word' id='word_1_349' title='bbox 2444 2979 2761 3045; x_wconf 90' lang='lat' dir='ltr'>Probetur</span> <span class='ocrx_word' id='word_1_350' title='bbox 2782 2978 3113 3062; x_wconf 78' lang='lat' dir='ltr'>perspicue</span> 
     </span>
     <span class='ocr_line' id='line_1_31' title="bbox 170 3064 3114 3155; baseline -0.002 -19"><span class='ocrx_word' id='word_1_351' title='bbox 170 3070 628 3155; x_wconf 86' lang='lat' dir='ltr'>consequentia</span> <span class='ocrx_word' id='word_1_352' title='bbox 639 3072 915 3155; x_wconf 86' lang='lat' dir='ltr'>majoris.</span> <span class='ocrx_word' id='word_1_353' title='bbox 934 3073 971 3133; x_wconf 88' lang='lat'>2</span> <span class='ocrx_word' id='word_1_354' title='bbox 980 3121 995 3136; x_wconf 93' lang='lat'><strong>.</strong></span> <span class='ocrx_word' id='word_1_355' title='bbox 1007 3071 1308 3136; x_wconf 81' lang='lat' dir='ltr'>Probatio</span> <span class='ocrx_word' id='word_1_356' title='bbox 1321 3071 1584 3135; x_wconf 87' lang='lat' dir='ltr'>minoris</span> <span class='ocrx_word' id='word_1_357' title='bbox 1595 3070 1877 3135; x_wconf 84' lang='lat' dir='ltr'>invalida</span> <span class='ocrx_word' id='word_1_358' title='bbox 1890 3074 2003 3135; x_wconf 88' lang='lat' dir='ltr'>est:</span> <span class='ocrx_word' id='word_1_359' title='bbox 2020 3072 2222 3135; x_wconf 91' lang='lat' dir='ltr'>utitur</span> <span class='ocrx_word' id='word_1_360' title='bbox 2234 3070 2400 3135; x_wconf 89' lang='lat' dir='ltr'>enim</span> <span class='ocrx_word' id='word_1_361' title='bbox 2416 3070 2540 3133; x_wconf 89' lang='lat' dir='ltr'>ista</span> <span class='ocrx_word' id='word_1_362' title='bbox 2550 3067 2795 3152; x_wconf 91' lang='lat' dir='ltr'>hypoth</span> <span class='ocrx_word' id='word_1_363' title='bbox 2804 3067 2915 3145; x_wconf 88' lang='lat' dir='ltr'>esi,</span> <span class='ocrx_word' id='word_1_364' title='bbox 2934 3064 3114 3141; x_wconf 86' lang='lat' dir='ltr'>Quod</span> 
     </span>
     <span class='ocr_line' id='line_1_32' title="bbox 171 3154 3113 3245; baseline -0.002 -21"><span class='ocrx_word' id='word_1_365' title='bbox 171 3182 295 3245; x_wconf 86' lang='lat' dir='ltr'>par</span> <span class='ocrx_word' id='word_1_366' title='bbox 343 3159 430 3223; x_wconf 90' lang='lat' dir='ltr'>sit</span> <span class='ocrx_word' id='word_1_367' title='bbox 473 3160 637 3224; x_wconf 88' lang='lat' dir='ltr'>ratio</span> <span class='ocrx_word' id='word_1_368' title='bbox 683 3160 835 3223; x_wconf 89' lang='lat' dir='ltr'>boni</span> <span class='ocrx_word' id='word_1_369' title='bbox 866 3163 911 3226; x_wconf 83' lang='grc'>81</span> <span class='ocrx_word' id='word_1_370' title='bbox 943 3159 1116 3238; x_wconf 82' lang='grc'><strong>111011,</strong></span> <span class='ocrx_word' id='word_1_371' title='bbox 1141 3160 1208 3223; x_wconf 85' lang='grc'>111</span> <span class='ocrx_word' id='word_1_372' title='bbox 1233 3160 1452 3224; x_wconf 90' lang='lat' dir='ltr'>ordine</span> <span class='ocrx_word' id='word_1_373' title='bbox 1477 3160 1554 3223; x_wconf 87' lang='lat' dir='ltr'>ad</span> <span class='ocrx_word' id='word_1_374' title='bbox 1589 3159 1939 3243; x_wconf 85' lang='lat' dir='ltr'>praemium</span> <span class='ocrx_word' id='word_1_375' title='bbox 1968 3159 2432 3233; x_wconf 87' lang='lat' dir='ltr'>conferendum,</span> <span class='ocrx_word' id='word_1_376' title='bbox 2466 3158 2512 3222; x_wconf 80' lang='grc'>81</span> <span class='ocrx_word' id='word_1_377' title='bbox 2546 3158 2625 3221; x_wconf 89' lang='lat' dir='ltr'>ad</span> <span class='ocrx_word' id='word_1_378' title='bbox 2649 3178 2916 3241; x_wconf 89' lang='lat' dir='ltr'>poenam</span> <span class='ocrx_word' id='word_1_379' title='bbox 2948 3154 3113 3218; x_wconf 90' lang='lat' dir='ltr'>infe-</span> 
     </span>
     <span class='ocr_line' id='line_1_33' title="bbox 171 3242 3116 3333; baseline -0.003 -20"><span class='ocrx_word' id='word_1_380' title='bbox 171 3248 460 3313; x_wconf 85' lang='lat' dir='ltr'>rendam.</span> <span class='ocrx_word' id='word_1_381' title='bbox 487 3248 614 3312; x_wconf 87' lang='lat' dir='ltr'>Eos</span> <span class='ocrx_word' id='word_1_382' title='bbox 639 3270 776 3313; x_wconf 85' lang='lat' dir='ltr'>eam</span> <span class='ocrx_word' id='word_1_383' title='bbox 806 3250 953 3333; x_wconf 76' lang='lat' dir='ltr'>Ney.</span> <span class='ocrx_word' id='word_1_384' title='bbox 977 3247 1152 3312; x_wconf 89' lang='lat' dir='ltr'>Deus</span> <span class='ocrx_word' id='word_1_385' title='bbox 1185 3248 1350 3312; x_wconf 89' lang='lat' dir='ltr'>enim</span> <span class='ocrx_word' id='word_1_386' title='bbox 1377 3248 1539 3312; x_wconf 91' lang='lat' dir='ltr'>nulli</span> <span class='ocrx_word' id='word_1_387' title='bbox 1563 3252 1889 3312; x_wconf 90' lang='lat' dir='ltr'>creaturae</span> <span class='ocrx_word' id='word_1_388' title='bbox 1912 3247 2211 3311; x_wconf 83' lang='lat' dir='ltr'>rationali</span> <span class='ocrx_word' id='word_1_389' title='bbox 2242 3246 2595 3331; x_wconf 88' lang='lat' dir='ltr'>praemium</span> <span class='ocrx_word' id='word_1_390' title='bbox 2622 3245 2826 3322; x_wconf 89' lang='lat' dir='ltr'>debet,</span> <span class='ocrx_word' id='word_1_391' title='bbox 2854 3266 2968 3308; x_wconf 89' lang='lat' dir='ltr'>nec</span> <span class='ocrx_word' id='word_1_392' title='bbox 2991 3242 3116 3305; x_wconf 89' lang='lat' dir='ltr'>sibi</span> 
     </span>
     <span class='ocr_line' id='line_1_34' title="bbox 173 3330 3115 3418; baseline -0.003 -17"><span class='ocrx_word' id='word_1_393' title='bbox 173 3336 432 3401; x_wconf 89' lang='lat' dir='ltr'>debitor</span> <span class='ocrx_word' id='word_1_394' title='bbox 468 3340 565 3400; x_wconf 91' lang='lat' dir='ltr'>est</span> <span class='ocrx_word' id='word_1_395' title='bbox 595 3360 672 3400; x_wconf 89' lang='lat' dir='ltr'>ex</span> <span class='ocrx_word' id='word_1_396' title='bbox 701 3338 1078 3401; x_wconf 84' lang='lat' dir='ltr'>necessitato</span> <span class='ocrx_word' id='word_1_397' title='bbox 1119 3341 1402 3415; x_wconf 86' lang='lat' dir='ltr'>naturae,</span> <span class='ocrx_word' id='word_1_398' title='bbox 1445 3337 1554 3401; x_wconf 86' lang='lat' dir='ltr'>sed</span> <span class='ocrx_word' id='word_1_399' title='bbox 1575 3341 1828 3400; x_wconf 88' lang='lat' dir='ltr'>tantum</span> <span class='ocrx_word' id='word_1_400' title='bbox 1855 3357 1929 3399; x_wconf 91' lang='lat' dir='ltr'>ex</span> <span class='ocrx_word' id='word_1_401' title='bbox 1957 3336 2159 3399; x_wconf 89' lang='lat' dir='ltr'>libera</span> <span class='ocrx_word' id='word_1_402' title='bbox 2181 3336 2388 3416; x_wconf 85' lang='lat' dir='ltr'>gratia</span> <span class='ocrx_word' id='word_1_403' title='bbox 2412 3338 2458 3401; x_wconf 80' lang='grc'>81</span> <span class='ocrx_word' id='word_1_404' title='bbox 2483 3334 2943 3418; x_wconf 79' lang='lat' dir='ltr'>promissione?</span> <span class='ocrx_word' id='word_1_405' title='bbox 2990 3330 3115 3394; x_wconf 89' lang='lat' dir='ltr'>Sed</span> 
     </span>
     <span class='ocr_line' id='line_1_35' title="bbox 173 3422 3113 3502; baseline -0.003 -12"><span class='ocrx_word' id='word_1_406' title='bbox 173 3429 402 3490; x_wconf 84' lang='lat' dir='ltr'>contra</span> <span class='ocrx_word' id='word_1_407' title='bbox 437 3429 726 3489; x_wconf 84' lang='lat' dir='ltr'>creatura</span> <span class='ocrx_word' id='word_1_408' title='bbox 763 3425 1092 3490; x_wconf 86' lang='lat' dir='ltr'>rationalis</span> <span class='ocrx_word' id='word_1_409' title='bbox 1129 3426 1482 3489; x_wconf 88' lang='lat' dir='ltr'>necessario</span> <span class='ocrx_word' id='word_1_410' title='bbox 1519 3425 1706 3489; x_wconf 90' lang='lat' dir='ltr'>debet</span> <span class='ocrx_word' id='word_1_411' title='bbox 1729 3422 1866 3488; x_wconf 93' lang='lat' dir='ltr'>Deo</span> <span class='ocrx_word' id='word_1_412' title='bbox 1897 3424 2323 3488; x_wconf 89' lang='lat' dir='ltr'>obedientiam</span> <span class='ocrx_word' id='word_1_413' title='bbox 2346 3427 2459 3487; x_wconf 89' lang='lat' dir='ltr'>aut</span> <span class='ocrx_word' id='word_1_414' title='bbox 2488 3422 2791 3487; x_wconf 83' lang='lat' dir='ltr'>vicarium</span> <span class='ocrx_word' id='word_1_415' title='bbox 2818 3441 3113 3502; x_wconf 89' lang='lat' dir='ltr'>compen-</span> 
     </span>
     <span class='ocr_line' id='line_1_36' title="bbox 174 3510 3114 3597; baseline -0.002 -20"><span class='ocrx_word' id='word_1_416' title='bbox 174 3513 528 3588; x_wconf 84' lang='lat' dir='ltr'>sationem;</span> <span class='ocrx_word' id='word_1_417' title='bbox 563 3515 608 3579; x_wconf 84' lang='grc'>81</span> <span class='ocrx_word' id='word_1_418' title='bbox 649 3513 738 3577; x_wconf 89' lang='lat' dir='ltr'>sic</span> <span class='ocrx_word' id='word_1_419' title='bbox 777 3518 1231 3597; x_wconf 86' lang='lat' dir='ltr'>consequenter</span> <span class='ocrx_word' id='word_1_420' title='bbox 1269 3513 1444 3577; x_wconf 89' lang='lat' dir='ltr'>Deus</span> <span class='ocrx_word' id='word_1_421' title='bbox 1467 3514 1532 3577; x_wconf 87' lang='lat' dir='ltr'>in</span> <span class='ocrx_word' id='word_1_422' title='bbox 1559 3513 1776 3577; x_wconf 89' lang='lat' dir='ltr'>ordine</span> <span class='ocrx_word' id='word_1_423' title='bbox 1801 3513 1879 3576; x_wconf 87' lang='lat' dir='ltr'>ad</span> <span class='ocrx_word' id='word_1_424' title='bbox 1902 3512 2083 3575; x_wconf 89' lang='lat' dir='ltr'>illam</span> <span class='ocrx_word' id='word_1_425' title='bbox 2114 3512 2405 3595; x_wconf 87' lang='lat' dir='ltr'>sibiipsi,</span> <span class='ocrx_word' id='word_1_426' title='bbox 2440 3534 2551 3575; x_wconf 91' lang='lat' dir='ltr'>seu</span> <span class='ocrx_word' id='word_1_427' title='bbox 2583 3510 2909 3573; x_wconf 89' lang='lat' dir='ltr'>absolutae</span> <span class='ocrx_word' id='word_1_428' title='bbox 2933 3510 3114 3590; x_wconf 90' lang='lat' dir='ltr'>pote-</span> 
     </span>
     <span class='ocr_line' id='line_1_37' title="bbox 177 3594 3115 3688; baseline -0.003 -23"><span class='ocrx_word' id='word_1_429' title='bbox 177 3602 356 3680; x_wconf 88' lang='lat' dir='ltr'>stati,</span> <span class='ocrx_word' id='word_1_430' title='bbox 382 3602 516 3685; x_wconf 88' lang='lat' dir='ltr'>juri</span> <span class='ocrx_word' id='word_1_431' title='bbox 539 3602 584 3666; x_wconf 75' lang='grc'>81</span> <span class='ocrx_word' id='word_1_432' title='bbox 607 3602 888 3684; x_wconf 83' lang='lat' dir='ltr'>justitiae</span> <span class='ocrx_word' id='word_1_433' title='bbox 913 3624 1065 3665; x_wconf 90' lang='lat' dir='ltr'>suae</span> <span class='ocrx_word' id='word_1_434' title='bbox 1089 3601 1334 3665; x_wconf 90' lang='lat' dir='ltr'>debiter</span> <span class='ocrx_word' id='word_1_435' title='bbox 1357 3605 1471 3666; x_wconf 89' lang='lat' dir='ltr'>est.</span> <span class='ocrx_word' id='word_1_436' title='bbox 1499 3601 1873 3686; x_wconf 85' lang='lat' dir='ltr'>Abnegaret</span> <span class='ocrx_word' id='word_1_437' title='bbox 1897 3622 2051 3685; x_wconf 86' lang='lat' dir='ltr'>ergo</span> <span class='ocrx_word' id='word_1_438' title='bbox 2076 3623 2143 3665; x_wconf 91' lang='lat' dir='ltr'>se</span> <span class='ocrx_word' id='word_1_439' title='bbox 2168 3602 2398 3683; x_wconf 87' lang='lat' dir='ltr'>ipsum,</span> <span class='ocrx_word' id='word_1_440' title='bbox 2425 3600 2479 3663; x_wconf 91' lang='lat' dir='ltr'>si</span> <span class='ocrx_word' id='word_1_441' title='bbox 2503 3599 2622 3663; x_wconf 92' lang='lat' dir='ltr'>hoc</span> <span class='ocrx_word' id='word_1_442' title='bbox 2646 3598 2933 3688; x_wconf 78' lang='lat' dir='ltr'>debitum</span> <span class='ocrx_word' id='word_1_443' title='bbox 2951 3594 3115 3679; x_wconf 86' lang='lat' dir='ltr'>juris</span> 
     </span>
     <span class='ocr_line' id='line_1_38' title="bbox 177 3686 3115 3773; baseline -0.003 -18"><span class='ocrx_word' id='word_1_444' title='bbox 177 3690 283 3755; x_wconf 88' lang='lat' dir='ltr'>sui</span> <span class='ocrx_word' id='word_1_445' title='bbox 315 3690 624 3754; x_wconf 87' lang='lat' dir='ltr'>naturalis</span> <span class='ocrx_word' id='word_1_446' title='bbox 669 3690 793 3753; x_wconf 84' lang='lat' dir='ltr'>sibi</span> <span class='ocrx_word' id='word_1_447' title='bbox 825 3713 949 3754; x_wconf 90' lang='lat' dir='ltr'>non</span> <span class='ocrx_word' id='word_1_448' title='bbox 997 3693 1379 3773; x_wconf 83' lang='lat' dir='ltr'>praestaret:</span> <span class='ocrx_word' id='word_1_449' title='bbox 1415 3691 1524 3754; x_wconf 88' lang='lat' dir='ltr'>sed</span> <span class='ocrx_word' id='word_1_450' title='bbox 1549 3712 1676 3753; x_wconf 88' lang='lat' dir='ltr'>non</span> <span class='ocrx_word' id='word_1_451' title='bbox 1707 3690 2028 3773; x_wconf 86' lang='lat' dir='ltr'>abnegare</span> <span class='ocrx_word' id='word_1_452' title='bbox 2053 3690 2353 3771; x_wconf 89' lang='lat' dir='ltr'>seipsum,</span> <span class='ocrx_word' id='word_1_453' title='bbox 2387 3688 2441 3751; x_wconf 86' lang='lat' dir='ltr'>si</span> <span class='ocrx_word' id='word_1_454' title='bbox 2471 3686 2795 3751; x_wconf 89' lang='lat' dir='ltr'>hominem</span> <span class='ocrx_word' id='word_1_455' title='bbox 2822 3706 3010 3768; x_wconf 89' lang='lat' dir='ltr'>quem</span> <span class='ocrx_word' id='word_1_456' title='bbox 3038 3705 3115 3745; x_wconf 92' lang='lat' dir='ltr'>ex</span> 
     </span>
     <span class='ocr_line' id='line_1_39' title="bbox 177 3772 3117 3864; baseline -0.003 -21"><span class='ocrx_word' id='word_1_457' title='bbox 177 3777 396 3863; x_wconf 84' lang='lat' dir='ltr'>gratia</span> <span class='ocrx_word' id='word_1_458' title='bbox 420 3780 466 3843; x_wconf 88' lang='grc'>81</span> <span class='ocrx_word' id='word_1_459' title='bbox 489 3777 839 3842; x_wconf 83' lang='lat' dir='ltr'>liberaliter</span> <span class='ocrx_word' id='word_1_460' title='bbox 865 3778 1054 3864; x_wconf 87' lang='lat' dir='ltr'>(circa</span> <span class='ocrx_word' id='word_1_461' title='bbox 1075 3778 1568 3843; x_wconf 89' lang='lat' dir='ltr'>intercedentem</span> <span class='ocrx_word' id='word_1_462' title='bbox 1593 3777 2104 3861; x_wconf 87' lang='lat' dir='ltr'>promissionem)</span> <span class='ocrx_word' id='word_1_463' title='bbox 2128 3799 2255 3840; x_wconf 90' lang='lat' dir='ltr'>non</span> <span class='ocrx_word' id='word_1_464' title='bbox 2271 3778 2655 3859; x_wconf 87' lang='lat' dir='ltr'>praemiaret</span> <span class='ocrx_word' id='word_1_465' title='bbox 2692 3772 2873 3837; x_wconf 91' lang='lat' dir='ltr'><strong>VIII.</strong></span> <span class='ocrx_word' id='word_1_466' title='bbox 2900 3775 3117 3836; x_wconf 86' lang='lat' dir='ltr'>Potest</span> 
     </span>
     <span class='ocr_line' id='line_1_40' title="bbox 179 3862 3118 3949; baseline -0.003 -18"><span class='ocrx_word' id='word_1_467' title='bbox 179 3868 358 3931; x_wconf 89' lang='lat' dir='ltr'>Deus</span> <span class='ocrx_word' id='word_1_468' title='bbox 391 3866 736 3930; x_wconf 88' lang='lat' dir='ltr'>cruciatum</span> <span class='ocrx_word' id='word_1_469' title='bbox 776 3866 1154 3931; x_wconf 87' lang='lat' dir='ltr'>infernalem</span> <span class='ocrx_word' id='word_1_470' title='bbox 1193 3866 1382 3930; x_wconf 87' lang='lat' dir='ltr'>alicui</span> <span class='ocrx_word' id='word_1_471' title='bbox 1421 3866 1655 3930; x_wconf 88' lang='lat' dir='ltr'>inferre</span> <span class='ocrx_word' id='word_1_472' title='bbox 1688 3867 1927 3949; x_wconf 88' lang='lat' dir='ltr'>absque</span> <span class='ocrx_word' id='word_1_473' title='bbox 1951 3865 2125 3929; x_wconf 88' lang='lat' dir='ltr'>omni</span> <span class='ocrx_word' id='word_1_474' title='bbox 2150 3864 2455 3928; x_wconf 89' lang='lat' dir='ltr'>demerito</span> <span class='ocrx_word' id='word_1_475' title='bbox 2474 3886 2489 3939; x_wconf 88' lang='lat'>;</span> <span class='ocrx_word' id='word_1_476' title='bbox 2510 3884 2661 3946; x_wconf 88' lang='lat' dir='ltr'>ergo</span> <span class='ocrx_word' id='word_1_477' title='bbox 2688 3862 2881 3925; x_wconf 64' lang='lat' dir='ltr'>effam</span> <span class='ocrx_word' id='word_1_478' title='bbox 2907 3862 3118 3943; x_wconf 88' lang='lat' dir='ltr'>potest</span> 
     </span>
     <span class='ocr_line' id='line_1_41' title="bbox 177 3949 3114 4041; baseline -0.002 -22"><span class='ocrx_word' id='word_1_479' title='bbox 177 3978 310 4019; x_wconf 88' lang='lat' dir='ltr'>non</span> <span class='ocrx_word' id='word_1_480' title='bbox 348 3954 640 4019; x_wconf 87' lang='lat' dir='ltr'>obstante</span> <span class='ocrx_word' id='word_1_481' title='bbox 679 3955 984 4019; x_wconf 89' lang='lat' dir='ltr'>demerito</span> <span class='ocrx_word' id='word_1_482' title='bbox 1024 3977 1397 4039; x_wconf 89' lang='lat' dir='ltr'>quocunque</span> <span class='ocrx_word' id='word_1_483' title='bbox 1437 3977 1687 4019; x_wconf 89' lang='lat' dir='ltr'>omnem</span> <span class='ocrx_word' id='word_1_484' title='bbox 1714 3956 1897 4041; x_wconf 87' lang='lat' dir='ltr'>[pag.</span> <span class='ocrx_word' id='word_1_485' title='bbox 1927 3954 2090 4040; x_wconf 87' lang='lat'>364]</span> <span class='ocrx_word' id='word_1_486' title='bbox 2125 3976 2390 4037; x_wconf 86' lang='lat' dir='ltr'>poenam</span> <span class='ocrx_word' id='word_1_487' title='bbox 2430 3950 2831 4035; x_wconf 85' lang='lat' dir='ltr'>suspendere.</span> <span class='ocrx_word' id='word_1_488' title='bbox 2880 3949 3114 4014; x_wconf 83' lang='lat' dir='ltr'>Conse-</span> 
     </span>
     <span class='ocr_line' id='line_1_42' title="bbox 181 4038 3115 4128; baseline -0.003 -20"><span class='ocrx_word' id='word_1_489' title='bbox 181 4041 448 4128; x_wconf 89' lang='lat' dir='ltr'>quentia</span> <span class='ocrx_word' id='word_1_490' title='bbox 500 4041 823 4127; x_wconf 87' lang='lat' dir='ltr'>probatur,</span> <span class='ocrx_word' id='word_1_491' title='bbox 869 4044 1020 4127; x_wconf 90' lang='lat' dir='ltr'>quia</span> <span class='ocrx_word' id='word_1_492' title='bbox 1049 4044 1253 4107; x_wconf 81' lang='lat' dir='ltr'>multo</span> <span class='ocrx_word' id='word_1_493' title='bbox 1275 4043 1532 4126; x_wconf 89' lang='lat' dir='ltr'>pronior</span> <span class='ocrx_word' id='word_1_494' title='bbox 1555 4047 1652 4107; x_wconf 91' lang='lat' dir='ltr'>est</span> <span class='ocrx_word' id='word_1_495' title='bbox 1682 4044 1760 4107; x_wconf 91' lang='lat' dir='ltr'>ad</span> <span class='ocrx_word' id='word_1_496' title='bbox 1783 4042 2329 4119; x_wconf 86' lang='lat' dir='ltr'>benefaciendum,</span> <span class='ocrx_word' id='word_1_497' title='bbox 2356 4062 2545 4125; x_wconf 90' lang='lat' dir='ltr'>quam</span> <span class='ocrx_word' id='word_1_498' title='bbox 2572 4039 2650 4104; x_wconf 89' lang='lat' dir='ltr'>ad</span> <span class='ocrx_word' id='word_1_499' title='bbox 2705 4038 3115 4122; x_wconf 89' lang='lat' dir='ltr'>puniendum.</span> 
     </span>
     <span class='ocr_line' id='line_1_43' title="bbox 182 4127 3115 4216; baseline -0.004 -17"><span class='ocrx_word' id='word_1_500' title='bbox 182 4135 365 4216; x_wconf 77' lang='lat' dir='ltr'>Resp.</span> <span class='ocrx_word' id='word_1_501' title='bbox 417 4130 882 4213; x_wconf 84' lang='lat' dir='ltr'>Consequentia</span> <span class='ocrx_word' id='word_1_502' title='bbox 932 4131 1190 4215; x_wconf 88' lang='lat' dir='ltr'>majoris</span> <span class='ocrx_word' id='word_1_503' title='bbox 1237 4152 1379 4195; x_wconf 90' lang='lat' dir='ltr'>cum</span> <span class='ocrx_word' id='word_1_504' title='bbox 1426 4136 1541 4196; x_wconf 72' lang='lat' dir='ltr'>sua</span> <span class='ocrx_word' id='word_1_505' title='bbox 1586 4132 1959 4216; x_wconf 88' lang='lat' dir='ltr'>probatione</span> <span class='ocrx_word' id='word_1_506' title='bbox 2007 4152 2132 4195; x_wconf 90' lang='lat' dir='ltr'>non</span> <span class='ocrx_word' id='word_1_507' title='bbox 2184 4152 2413 4213; x_wconf 92' lang='lat' dir='ltr'>parum</span> <span class='ocrx_word' id='word_1_508' title='bbox 2474 4127 2827 4193; x_wconf 88' lang='lat' dir='ltr'>examinari</span> <span class='ocrx_word' id='word_1_509' title='bbox 2883 4130 3115 4210; x_wconf 88' lang='lat' dir='ltr'>posset.</span> 
     </span>
     <span class='ocr_line' id='line_1_44' title="bbox 181 4216 3119 4303; baseline -0.003 -17"><span class='ocrx_word' id='word_1_510' title='bbox 181 4220 310 4286; x_wconf 90' lang='lat' dir='ltr'>Sed</span> <span class='ocrx_word' id='word_1_511' title='bbox 347 4219 628 4285; x_wconf 88' lang='lat' dir='ltr'>sufficiat</span> <span class='ocrx_word' id='word_1_512' title='bbox 655 4242 821 4283; x_wconf 87' lang='lat' dir='ltr'>nunc</span> <span class='ocrx_word' id='word_1_513' title='bbox 852 4221 930 4284; x_wconf 88' lang='lat' dir='ltr'>ad</span> <span class='ocrx_word' id='word_1_514' title='bbox 965 4220 1274 4284; x_wconf 86' lang='lat' dir='ltr'>minorem</span> <span class='ocrx_word' id='word_1_515' title='bbox 1306 4220 1610 4303; x_wconf 85' lang='lat' dir='ltr'>excipere.</span> <span class='ocrx_word' id='word_1_516' title='bbox 1653 4218 1969 4284; x_wconf 85' lang='lat' dir='ltr'>Incertum</span> <span class='ocrx_word' id='word_1_517' title='bbox 1996 4242 2110 4303; x_wconf 90' lang='lat' dir='ltr'>per</span> <span class='ocrx_word' id='word_1_518' title='bbox 2132 4218 2465 4297; x_wconf 88' lang='lat' dir='ltr'>incertum,</span> <span class='ocrx_word' id='word_1_519' title='bbox 2492 4217 2756 4282; x_wconf 91' lang='lat' dir='ltr'>dubium</span> <span class='ocrx_word' id='word_1_520' title='bbox 2781 4238 2893 4301; x_wconf 91' lang='lat' dir='ltr'>per</span> <span class='ocrx_word' id='word_1_521' title='bbox 2916 4216 3119 4279; x_wconf 76' lang='lat' dir='ltr'>multo</span> 
     </span>
    </p>
   </div>
   <div class='ocr_carea' id='block_1_3' title="bbox 181 4303 3119 4481">
    <p class='ocr_par' dir='ltr' id='par_1_3' title="bbox 181 4303 3119 4481">
     <span class='ocr_line' id='line_1_45' title="bbox 181 4303 3119 4393; baseline -0.002 -20"><span class='ocrx_word' id='word_1_522' title='bbox 181 4309 392 4393; x_wconf 83' lang='lat' dir='ltr'>magis</span> <span class='ocrx_word' id='word_1_523' title='bbox 430 4308 692 4373; x_wconf 90' lang='lat' dir='ltr'>dubium</span> <span class='ocrx_word' id='word_1_524' title='bbox 739 4308 1010 4391; x_wconf 88' lang='lat' dir='ltr'>probari.</span> <span class='ocrx_word' id='word_1_525' title='bbox 1053 4308 1158 4372; x_wconf 92' lang='lat' dir='ltr'>An</span> <span class='ocrx_word' id='word_1_526' title='bbox 1183 4308 1466 4372; x_wconf 85' lang='lat' dir='ltr'>extensio</span> <span class='ocrx_word' id='word_1_527' title='bbox 1491 4308 1602 4372; x_wconf 89' lang='lat' dir='ltr'>illa</span> <span class='ocrx_word' id='word_1_528' title='bbox 1640 4307 1977 4392; x_wconf 86' lang='lat' dir='ltr'>potestatis</span> <span class='ocrx_word' id='word_1_529' title='bbox 2009 4309 2055 4373; x_wconf 83' lang='grc'>81</span> <span class='ocrx_word' id='word_1_530' title='bbox 2072 4307 2235 4391; x_wconf 90' lang='lat' dir='ltr'>juris</span> <span class='ocrx_word' id='word_1_531' title='bbox 2262 4306 2461 4371; x_wconf 87' lang='lat' dir='ltr'>divini</span> <span class='ocrx_word' id='word_1_532' title='bbox 2484 4306 2550 4370; x_wconf 89' lang='lat' dir='ltr'>in</span> <span class='ocrx_word' id='word_1_533' title='bbox 2584 4309 2936 4371; x_wconf 85' lang='lat' dir='ltr'>creaturam</span> <span class='ocrx_word' id='word_1_534' title='bbox 2964 4303 3119 4367; x_wconf 88' lang='lat' dir='ltr'>satis</span> 
     </span>
     <span class='ocr_line' id='line_1_46' title="bbox 184 4396 1357 4481; baseline -0.003 -18"><span class='ocrx_word' id='word_1_535' title='bbox 184 4398 384 4463; x_wconf 76' lang='lat' dir='ltr'>solide</span> <span class='ocrx_word' id='word_1_536' title='bbox 409 4399 715 4480; x_wconf 88' lang='lat' dir='ltr'>probetur</span> <span class='ocrx_word' id='word_1_537' title='bbox 745 4396 912 4460; x_wconf 86' lang='lat' dir='ltr'>infra</span> <span class='ocrx_word' id='word_1_538' title='bbox 935 4396 1357 4481; x_wconf 81' lang='lat' dir='ltr'>dispiciemus,</span> 
     </span>
    </p>
   </div>
  </div>
 </body>
</html>
