3694 4871
321 313 541 416 str.
587 307 770 380 VII.
815 313 1484 382 Pantul-run
1529 335 1624 379 nn
1669 310 2027 381 Meam-o
2074 313 2453 385 Canis-1⁸1
2496 315 2725 384 PAns
2770 316 2869 387 ΙῙ.
2937 319 3059 385 191

137 521 304 566 mus.
351 499 744 566 Accedamus
780 523 948 566 nunc
971 501 1054 565 ad
1077 500 1416 568 secundam
1445 499 2017 566 controversiarum
2041 500 2327 577 classem,
2361 521 2525 583 quae
2548 499 2714 564 circa
2736 500 3061 583 quaestio-

136 611 292 654 nem
317 589 397 654 de
426 587 813 654 Extensione
859 590 1073 654 meriti
1111 589 1370 668 moveri,
1397 593 1510 654 aut
1533 589 1761 668 solent,
1786 592 1902 653 aut
1923 592 2199 672 possent.
2246 588 2553 653 Extensio
2577 588 2790 653 meriti
2813 592 3062 673 specta-

137 681 248 741 tur
290 677 648 762 dupliciter,
695 677 1003 762 objectiva
1050 679 1153 744 vel
1201 677 1574 763 subjective.
1620 675 1957 760 Objectum
1998 676 2211 741 meriti
2258 675 2593 760 dupliciter
2639 675 2870 742 dicitur
2892 679 2994 744 cai
3015 677 3063 744 δι

135 765 1192 938 ἕέἔῖᾈίῗ“.ἴηῗηῗοὲιῗηέ“ἷῖῑέεἳ
1208 765 1708 939 ’ἑὲῖἔέὲἶῑᾝέ
1725 762 2361 937 ῧὲῗξῗῗωίῗζὶἒῖ
2388 784 2484 931 ἐξ
2507 763 3065 936 Ξὲιῗᾳῖῑῖἒέἶίἓέῗ

134 962 276 1019 rae,
301 939 440 1025 ipse
462 939 774 1006 Christus.
821 940 920 1005 De
949 942 1101 1021 Dec,
1128 942 1378 1006 nullum
1401 939 1729 1025 problema
1749 940 2195 1024 proponimus:
2230 961 2374 1004 cum
2404 939 2601 1024 hujus
2624 939 3065 1024 disputationis

123 1039 320 1112 parte
335 1029 553 1113 pri-ma
573 1029 742 1092 inter
771 1029 1226 1094 controversias
1257 1027 1638 1114 principales
1660 1028 2226 1104 numeraverimuS,
2270 1027 2453 1092 illam
2475 1027 2552 1092 de
2589 1025 2799 1092 Morte
2824 1027 3063 1093 Christi

127 1115 310 1182 inter
356 1137 472 1181 nos
525 1118 572 1183 ἃ
615 1114 1158 1196 Remonstrantes,
1205 1117 1318 1181 ubi
1364 1116 1693 1200 disputant
1736 1115 2062 1180 Christum
2087 1137 2201 1180 suo
2224 1114 2451 1180 merito
2476 1137 2591 1180 sen
2622 1115 3059 1182 satisfactione

127 1202 282 1268 Deo
319 1204 428 1288 jus
477 1225 590 1269 seu
634 1203 1010 1270 facultatem
1055 1205 1462 1287 acquisivisse
1489 1203 1568 1268 de
1599 1225 1764 1268 novo
1787 1225 1933 1268 cum
1962 1201 2327 1268 hominibus
2348 1203 2786 1286 peccatoribus
2809 1204 3061 1288 agendi,

127 1293 182 1359 ἃ
215 1290 446 1356 foedus
477 1291 894 1376 quodcunque
940 1314 1085 1357 eum
1129 1292 1210 1357 iis
1257 1291 1536 1358 ineundi.
1569 1289 1746 1368 Quae
1792 1291 2140 1374 opiniones,
2182 1291 2237 1355 si
2269 1291 2454 1354 modo
2478 1290 2879 1376 detegantur,
2905 1292 3061 1356 satis

126 1378 466 1444 refutatae
511 1383 680 1444 sunt.
728 1377 854 1444 Sed
891 1401 968 1444 ex
1023 1379 1373 1444 abundanti
1417 1379 1771 1444 debellatae
1825 1383 1977 1443 sunt
2021 1378 2102 1442 ab
2139 1375 2587 1463 Antagonistis
2608 1375 3062 1445 Remonstran-

119 1467 321 1546 tium,
353 1467 732 1551 praesertim
761 1468 1008 1534 Amesio
1031 1479 1246 1534 contra
1280 1467 1856 1544 Gremnclchmdum,
1883 1468 1930 1533 δι
1952 1466 2025 1532 in
2054 1465 2363 1532 Coronide
2384 1467 2433 1531 ἃ
2454 1469 2774 1550 postremo
2796 1467 2867 1532 in
2888 1467 3059 1552 refu·

125 1556 374 1621 tatione
424 1555 1022 1642 Anti-synodalium
1060 1557 1763 1622 Reman-stranticorum.
1812 1553 2109 1618 Absurda
2148 1554 2618 1639 consequentia,
2669 1555 2901 1639 quibus
2948 1576 3062 1638 per

117 1647 344 1708 totam
375 1644 699 1708 saniorum
729 1665 1089 1709 sermonum
1119 1643 1548 1728 hypotyposin
1593 1643 1784 1728 longe
1830 1643 2088 1726 lateque
2134 1639 2688 1708 Remonstrantica
2735 1643 2926 1726 hujus
2958 1665 3060 1707 se-

118 1731 325 1796 cundi
382 1731 636 1796 articuli
681 1731 986 1812 defensio,
1034 1735 1384 1817 grassatur,
1433 1735 1740 1818 tanquam
1787 1729 1855 1793 in
1884 1730 2125 1795 tabella
2149 1730 2409 1795 exhibet
2435 1731 2795 1814 Disputatio
2841 1731 3061 1796 Vedetii

116 1819 1102 1983 gssssegffiffffldffflgfflfigfr
1123 1831 1318 1992 ’ἓξὲξ
1353 1816 3058 1990 mag&1‘332'53225123‘331232ss13u33'ss3ffl

117 1995 414 2080 singulis
444 1995 810 2060 hominibus
831 1999 1118 2060 mortuus
1143 1995 1262 2073 sit;
1309 1994 1430 2060 hoc
1469 1998 1586 2074 est,
1609 2016 1726 2079 pro
1749 1994 2045 2060 omnibus
2068 1997 2117 2061 ἃ
2146 1993 2418 2078 singulis
2442 1996 2751 2077 tanquam
2775 1991 3057 2078 Sponsor

115 2082 574 2150 satisfactione
598 2084 645 2149 ἃ
675 2082 1035 2148 obedientia
1057 2105 1174 2148 sua
1197 2082 1546 2166 quidquam
1567 2081 1895 2147 meruerit.
1944 2081 2129 2166 Resp.
2156 2080 2323 2155 Quid
2353 2079 2721 2146 heterodoxi
2747 2084 3056 2161 statuant,

115 2194 332 2256 snpra
371 2173 538 2256 disp.
577 2183 760 2256 parte
806 2171 1024 2255 prima
1062 2171 1410 2236 indicatum
1433 2170 1579 2235 fuit.
1627 2167 1752 2235 Sed
1777 2170 1854 2234 de
1877 2167 2261 2234 Orthodoxis
2284 2167 2389 2233 hic
2417 2169 2673 2253 proprie
2702 2169 3055 2255 agendum:

115 2261 242 2344 qui
295 2282 428 2325 non
477 2281 604 2325 uno
641 2259 828 2324 modo
871 2256 1234 2342 loquuntur.
1281 2255 1449 2323 Sunt
1479 2257 1671 2323 enim.
1721 2258 1778 2322 1.
1804 2255 1929 2334 Qui
1952 2256 2495 2322 universalitatem
2517 2255 2799 2340 aliquam
2823 2255 3059 2336 meriti,

123 2349 250 2414 sed
276 2347 654 2427 limitatam,
685 2347 1067 2424 admittunt3
1101 2350 1175 2411 ut
1219 2345 1355 2411 scil.
1378 2349 1561 2410 tanto
1585 2344 1940 2429 expeditius
1964 2345 2011 2410 δῦ
2038 2345 2243 2410 tutius
2272 2366 2531 2409 causam
2560 2344 2806 2430 gratiae
2838 2348 3059 2409 contra

123 2437 566 2503 heterodoxos
593 2439 914 2501 tueantur.
961 2432 1040 2500 In
1070 2432 1299 2520 Belgio
1330 2434 1462 2499 tale
1505 2432 1725 2510 εὕρημα
1757 2433 1901 2517 quis
1925 2435 2297 2518 conceperat
2321 2434 2368 2500 ἃ
2390 2431 2608 2497 amicis
2632 2432 3058 2498 communica-

121 2530 278 2604 rat3
304 2546 580 2609 quorum
605 2524 854 2608 aliquos
879 2523 1142 2587 memini
1165 2545 1245 2588 ex
1272 2520 1654 2588 Orthodoxis
1679 2521 1903 2601 factoS,
1930 2522 2111 2608 [pag.
2140 2520 2303 2608 252]
2335 2521 2575 2607 rigidos
2600 2520 3059 2587 Remonstran-

119 2618 258 2694 tes,
298 2613 446 2698 ipso
493 2615 708 2677 tamen
753 2610 998 2677 Autore
1022 2611 1104 2676 ad
1125 2615 1338 2695 partes
1363 2612 1410 2678 a
1440 2614 1656 2676 coetus
1679 2608 2269 2675 Remonstrantium
2290 2631 2421 2673 non
2442 2608 2835 2675 transeunte.
2880 2607 3059 2674 Idem
3136 2670 3150 2679 .

119 2701 258 2767 Vir
307 2699 776 2767 eruditissimus
807 2698 1081 2783 publice,
1113 2720 1218 2763 me
1263 2700 1458 2765 etiam
1495 2698 1664 2763 inter
1687 2698 1846 2763 alios
1863 2701 2215 2783 praesente,
2249 2696 2579 2762 stricturas
2603 2697 2795 2781 hujus
2824 2696 3057 2763 heure-

113 2789 332 2857 matis
380 2792 732 2854 ostentarat
777 2808 990 2852 coram
1036 2785 1290 2872 Synodo
1347 2784 1931 2871 Zuyd·Hollandica
1960 2784 2270 2864 Leidensi,
2304 2806 2471 2849 anno
2515 2786 2705 2849 1619.
2731 2807 2876 2850 cum
2899 2808 3055 2869 pro-

111 2880 433 2943 fiteretur
446 2876 723 2961 gratiam
747 2874 1066 2959 quandam
1093 2897 1228 2940 esse
1259 2874 1704 2953 universalem,
1731 2875 2050 2958 quandam
2074 2873 2509 2953 resistibilem,
2535 2874 2853 2956 quandam
2876 2873 3061 2939 amis·

111 2966 417 3032 sibilem.
463 2962 590 3029 Sed
632 2963 976 3049 profligato
1023 2961 1641 3027 Remonstrantismo
1687 2960 1878 3027 Anno
1937 2963 2128 3025 1619.
2178 2962 2421 3045 quievit
2466 2966 2580 3026 aut
2613 2961 2681 3025 in
2722 2961 3058 3048 spongiam

110 3053 432 3121 incubuit
475 3052 808 3117 consilium
836 3052 960 3116 hoc
981 3050 1510 3136 syncretisticum‚
1549 3071 1661 3114 seu
1685 3049 1854 3114 male
1885 3049 2220 3115 conciliata
2242 3050 2401 3113 haec
2422 3050 2885 3114 sententiarum
2909 3072 3059 3114 con-

111 3141 405 3209 ciliatio,
451 3139 683 3206 Postea
727 3139 796 3203 in
841 3139 1080 3203 illustri
1102 3138 1319 3203 schola
1344 3136 1694 3218 Bremensi,
1720 3138 1797 3202 de
1821 3137 2304 3203 universalitate
2328 3137 2546 3221 aliqua
2568 3138 2792 3201 mortis
2818 3137 3059 3202 Christi

111 3230 336 3318 (quod
381 3228 464 3293 ad
509 3226 960 3293 sufficientiam
989 3226 1228 3309 meriti)
1277 3229 1616 3309 conceptus
1655 3225 1917 3309 quidam
1938 3224 2249 3309 propositi
2272 3228 2442 3290 sunt.
2474 3222 2723 3309 -Opinio
2746 3226 2861 3289 illa
2882 3226 2940 3289 si
2962 3226 3055 3289 in-

108 3325 226 3385 ter
275 3320 570 3382 nostram
606 3316 653 3381 8⁶
689 3312 1312 3379 Remonstranticam
1333 3314 1543 3378 media
1564 3335 1692 3377 non
1718 3317 1833 3393 est,
1860 3314 2091 3378 saltem
2112 3317 2247 3377 tam
2269 3314 2459 3397 longe
2483 3313 2566 3376 ab
2596 3313 2710 3377 illa
2734 3334 2861 3377 non
2885 3334 3058 3377 rece-

110 3408 220 3473 dit
257 3427 340 3471 ac
363 3408 599 3482 nostra,
624 3404 793 3488 quod
815 3402 898 3468 ad
921 3402 1308 3486 hypotheses
1332 3402 1669 3486 quasdam:
1703 3406 1776 3466 ut
1800 3401 2014 3467 videre
2040 3405 2137 3466 est
2158 3401 2227 3464 in
2248 3399 2325 3467 D.
2360 3401 2636 3466 Conradi
2660 3400 2873 3485 Berqii
2894 3400 3057 3486 disp.

108 3497 194 3563 de
230 3492 622 3581 sufficientid
657 3491 721 3557 ἃ·
762 3491 1038 3579 efficacia
1067 3490 1286 3557 mortis
1317 3489 1550 3557 Christi
1575 3490 1678 3554 17.
1701 3488 1743 3553 J
1747 3489 1866 3553 ulii
1888 3492 1936 3556 ἃ
1961 3490 2065 3555 21.
2091 3487 2377 3573 Augusti
2397 3488 2466 3551 in
2495 3488 2711 3553 schola
2734 3489 3058 3553 Bremensi

110 3582 385 3659 habita,
417 3580 605 3645 Anno
651 3580 844 3645 1641.
891 3581 939 3646 &
979 3578 1045 3644 in
1068 3578 1152 3645 D.
1178 3579 1415 3645 Ludov.
1455 3577 1652 3643 Grocii
1676 3576 2081 3663 Symaymate
2112 3579 2168 3643 T
2160 3577 2412 3661 heoloy„
2445 3576 2849 3660 ejusdemque
2871 3576 3059 3641 dode-

109 3672 288 3741 eade
317 3669 836 3736 dissertationum
880 3668 1421 3753 Apoloqeticamm
1469 3686 1591 3750 pro
1635 3677 2030 3753 syntaqmate
2065 3666 2309 3732 dissert.
2352 3665 2412 3727 9.
2446 3663 2557 3728 ubi
2579 3663 2926 3729 defendunt
2948 3686 3061 3748 per

111 3757 592 3827 sufficientiam
620 3756 838 3821 meriti
884 3755 1124 3821 Christi
1168 3776 1293 3819 non
1341 3753 1628 3819 denotari
1656 3754 1822 3819 nude
1864 3754 2305 3839 pretiositatem
2346 3748 2410 3816 a
2436 3753 2710 3817 vaterem
2732 3752 3061 3839 infinitum

112 3850 188 3915 in
235 3870 338 3927 se,
386 3846 498 3911 sed
540 3846 589 3911 ἃ
618 3844 1004 3911 dilectionem
1028 3843 1356 3929 quandam
1377 3862 1527 3928 crya
1547 3842 1921 3908 universum
1948 3842 2288 3919 inunctum,
2326 3838 2389 3905 ἃ·
2417 3838 2665 3991 ὁωιεζιι·
2713 3860 2777 3904 m
2808 3841 3063 3993 αὶίῖἰιοά

112 3936 382 4005 actuale
410 3955 488 4001 ex
530 3934 640 4001 illa
656 3933 1034 4019 procedens:
1063 3930 1243 3996 Haec
1270 3930 1352 3996 D.
1385 3929 1607 4015 Bergii
1630 3929 1929 3995 formalia
1950 3930 2145 3995 verba
2174 3928 2410 4011 disput.
2436 3928 2496 3991 2.
2521 3932 2550 3991 t
2600 3926 2691 3992 esi
2720 3929 2777 3991 1.
2804 3930 2865 3994 3.
2961 3928 3062 3994 uic

113 4024 429 4111 opinioni
479 4022 654 4089 favet
695 4021 831 4087 Jok.
885 4020 1138 4088 orocius
1186 4018 1408 4084 Theol.
1455 4017 1859 4084 Cassellanus
1882 4020 1954 4083 in
1976 4027 2300 4084 comment.
2331 4016 2417 4080 ad
2450 4016 2660 4081 Titum
2684 4018 2745 4079 2.
2768 4036 2927 4091 vers.
2958 4018 3062 4083 12.

119 4114 290 4180 157.
346 4112 496 4177 160.
535 4110 668 4177 Ubi
697 4108 860 4175 vide.
896 4107 1193 4192 Denique
1216 4108 1284 4173 in
1307 4106 1518 4174 Gallis
1547 4105 1784 4171 alicubi
1807 4106 2016 4172 simile
2039 4105 2347 4191 placitum
2370 4103 2605 4189 agitari
2630 4104 2856 4189 coepit.
2880 4103 3062 4170 Deli-

113 4200 502 4269 neationem
523 4198 718 4284 hujus
733 4197 1050 4282 opinionis
1073 4197 1129 4261 si
1151 4197 1294 4280 quis
1309 4217 1493 4260 nosse
1517 4194 1753 4279 cupiat,
1778 4194 1832 4259 is
1858 4195 2063 4275 adeat,
2088 4192 2475 4277 Spankemii,
2502 4193 2547 4259 81
2572 4194 2776 4259 Reveti
2796 4194 3062 4279 scripta:

118 4292 246 4357 ubi
277 4292 332 4357 &0
349 4289 602 4373 judicia
623 4286 1112 4353 Academiarum
1138 4285 1552 4371 Belqi'carum,
1588 4282 1840 4367 aliaque
1866 4282 2143 4347 indicata
2166 4280 2465 4346 inveniet.
2499 4283 2561 4345 2.
2586 4281 2769 4361 Sunt,
2794 4282 2906 4365 qui
2928 4283 3065 4347 nul·

93 4381 262 4449 .lam
312 4376 868 4443 universalitatem
913 4373 1128 4440 meriti
1168 4372 1407 4437 Christi
1431 4372 1799 4449 admittunt,
1825 4370 1936 4437 sed
1966 4371 2260 4435 distincte
2284 4369 2713 4435 determinant
2734 4370 3062 4435 Christum

2946 4479 3063 4541 pro
