3694 4871
607 314 733 379 126
883 311 1101 378 Disr.
1149 307 1233 377 V.
1285 310 1399 375 An
1448 306 1855 376 cansa-us
1901 334 2042 388 Qun
2090 302 2525 375 Munumoa
2572 330 2695 375 sm*
2741 314 3251 381 AnonANnus?

601 499 972 577 notandum,
999 498 1167 581 quod
1191 498 1409 562 eadem
1441 502 1821 582 argumenta
1845 497 2221 562 adferuntur
2244 497 2324 561 ab
2349 496 2586 561 eximio
2610 497 2790 582 [pag.
2820 498 2984 583 533]
2998 496 3323 583 Theologo
3338 499 3516 564 Ame-

601 592 695 656 sio
724 590 907 672 Disp.
933 588 1009 653 de
1029 587 1399 653 adoratione
1428 586 1659 651 Christi
1681 590 1808 672 qud
1839 587 2205 652 mediatoris
2220 611 2246 663 ;
2270 608 2431 669 quae
2459 586 2693 650 nostris
2723 592 3159 670 opposuerunt
3180 587 3517 665 fichardus,

601 681 646 745 ἃ
685 677 997 745 Osiander
1019 676 1166 742 locis
1181 676 1318 759 jam
1349 696 1398 739 e.
1457 673 1568 739 IX.
1611 674 1963 758 Adjicimus
1994 676 2115 739 duo
2142 678 2523 760 argumenta
2555 675 2635 739 ad
2658 674 3004 739 hominem.
3060 676 3351 742 Primum
3380 697 3511 760 ary.

602 766 981 851 opponimus
1029 763 1648 828 Remonstrantibus.
1697 762 1802 827 Illi
1846 764 2019 828 enim
2073 765 2222 827 dum
2258 762 2741 828 Socinianorum
2772 786 3029 829 causam
3054 769 3277 849 agunt,
3304 769 3373 827 ut
3392 764 3515 829 ele-

555 888 562 893 ·
605 860 753 920 vent
802 854 1220 918 necessariam
1277 852 1612 916 veritatem
1651 852 1905 917 articuli
1930 853 2007 915 de
2032 850 2350 916 Trinitate
2380 856 2601 917 contra
2625 874 3025 917 communem
3058 852 3515 917 Christianismi

603 966 888 1018 causam:
945 941 1036 1006 sic
1061 942 1216 1005 satis
1241 940 1676 1024 philosophice
1701 944 1746 1007 St
1776 940 2151 1005 scholastice
2186 940 2590 1024 distinguunt
2612 941 2679 1003 in
2714 940 2907 1025 Resp.
2938 941 3019 1005 ad
3044 941 3360 1025 Excerpta
3382 940 3513 1005 DD.

605 1032 1048 1097 professorum
1093 1028 1496 1093 Leidensium
1543 1053 1604 1112 p.
1645 1030 1756 1093 93.
1781 1030 1863 1093 ad
1890 1030 1947 1093 5.
1976 1031 2330 1113 specimen:
2362 1032 2664 1109 Persona,
2688 1052 2815 1116 qua
2841 1031 3002 1109 tatis,
3026 1052 3222 1097 usam
3240 1030 3517 1115 praebere

603 1142 736 1187 non
779 1131 972 1204 potest
1007 1118 1093 1183 ad
1115 1120 1376 1196 cultam,
1401 1118 1706 1201 pietatem,
1741 1119 1869 1182 nisi
1890 1130 2203 1205 quatenus
2226 1139 2499 1202 persona
2525 1119 2634 1184 itta
2657 1119 2877 1183 divina
2902 1131 3008 1197 est,
3039 1120 3337 1183 divinitas
3356 1120 3513 1184 etaim

605 1222 690 1275 est
735 1210 898 1274 ratio
920 1208 1160 1273 colendi
1184 1208 1415 1285 Deum,
1447 1226 1579 1271 aon
1602 1209 2035 1291 personalitas.
2069 1206 2156 1270 Et
2182 1207 2245 1271 in
2278 1206 2539 1271 Vedelio
2572 1206 2915 1291 Rhapsodo
2942 1231 3001 1291 p.
3030 1208 3135 1270 37.
3187 1207 3380 1274 Pater
3398 1228 3513 1293 qua

599 1310 780 1385 pater
800 1296 1104 1363 abstracta
1129 1298 1369 1361 ratio‘ne
1393 1296 1656 1361 Deitatis
1679 1316 1812 1361 non
1841 1308 1929 1361 est
1953 1296 2347 1361 adorandas.
2375 1294 2589 1359 Infero
2614 1317 2735 1379 ego
2758 1317 2911 1380 ergo
2936 1318 3050 1360 nec
3074 1296 3384 1360 mediator
3400 1318 3516 1379 qua

605 1388 915 1453 mediator
937 1386 1259 1449 abstracta
1282 1384 1530 1449 ratione
1554 1384 1812 1449 deitatis
1837 1390 1935 1448 est
1958 1384 2331 1448 adorandus
2362 1383 2827 1466 Consequentia
2851 1385 3023 1448 valet
3048 1388 3087 1447 a
3110 1384 3251 1467 pari
3276 1384 3463 1449 immo
3482 1387 3518 1447 a

603 1476 828 1559 majori
878 1474 1156 1539 ratione:
1203 1472 1326 1537 nisi
1365 1472 1491 1556 ipsi
1515 1473 1926 1555 probaverint
1952 1472 2277 1537 relationis
2302 1472 2568 1536 rationis
2592 1474 2637 1539 δι
2664 1478 2957 1537 externas
2980 1473 3513 1537 denominationes

603 1565 742 1631 Deo
771 1564 1133 1639 attributas,
1182 1562 1413 1644 (qualis
1439 1566 1536 1625 est
1559 1561 1959 1639 mediatoris)
1986 1562 2193 1645 magis
2224 1584 2360 1625 esse
2390 1560 2656 1625 rationis
2680 1560 2980 1625 formales
3012 1561 3397 1626 adorationis
3420 1584 3513 1624 re-

607 1653 882 1739 ligionis,
929 1672 1124 1734 quam
1154 1650 1641 1734 personalitates
1675 1649 1944 1725 divinas,
1970 1649 2423 1732 paternitatem
2446 1650 2584 1713 scil.
2612 1652 2713 1714 &a
2747 1650 2955 1733 Atque
2980 1672 3108 1713 una
3140 1672 3375 1732 quaero
3399 1649 3509 1714 duo

606 1744 750 1807 ista.
787 1741 1032 1818 Primo,
1059 1738 1186 1803 Cur
1218 1738 1322 1802 hic
1346 1737 1820 1821 metaphysiciS,
1844 1737 2117 1823 Logicis,
2150 1738 2197 1803 ὣ
2221 1737 2615 1803 scholasticis
2646 1737 2937 1802 terminis
2959 1742 3093 1801 tam
3126 1739 3399 1803 libenter
3418 1760 3511 1801 so-

602 1831 776 1896 leant
792 1825 1222 1903 ἁκριβολογεῖν,
1251 1849 1394 1891 cum
1413 1827 1759 1891 luminibus
1777 1826 2249 1891 Christianismi
2268 1826 2549 1890 totius'in
2564 1827 2845 1910 gratiam
2865 1825 3507 1892 Anti-trinitariorum

607 1917 1059 1984 obstruendum
1106 1920 1230 1991 est:
1277 1938 1421 1979 cum
1467 1938 1610 1979 vero
1635 1916 1790 1979 fides
1815 1915 2166 1979 Christiani
2192 1915 2528 1979 asserenda
2550 1915 2598 1979 ἃ
2624 1914 2928 1979 haeretici
2956 1915 3024 1978 in
3052 1916 3255 1980 lucem
3286 1920 3515 1999 protra-

607 2007 800 2073 hendi
845 2005 892 2071 ἅ
927 2003 1368 2082 confundendi,
1392 2004 1606 2067 omnia
1637 2004 2115 2068 distinctionum
2140 2004 2625 2067 &terminorum
2652 2004 3000 2088 logicorum
3024 2026 3099 2067 ac
3122 2004 3513 2068 scholastico-

609 2120 748 2161 rum
795 2094 1036 2159 auxilia
1066 2093 1376 2157 facessere
1394 2093 1681 2173 jubeant,
1705 2092 1903 2158 immo
1936 2095 1983 2158 a
2007 2093 2327 2157 hostiliter
2350 2092 2689 2170 incessant,
2717 2094 2763 2157 ἃ
2788 2092 2878 2157 sic
2901 2093 2981 2156 ad
3004 2093 3402 2177 ignorantiae
3426 2096 3515 2177 (ut

611 2185 866 2270 quidem
915 2204 1066 2266 prae
1113 2204 1180 2245 se
1224 2181 1466 2263 ferunt)
1513 2182 1760 2264 asylum
1785 2181 1959 2245 illico
1984 2180 2261 2265 profugi,
2290 2179 2720 2245 vadimonium
2744 2180 3070 2245 deserant:
3118 2182 3420 2259 Secundo,
3442 2202 3515 2243 an

611 2297 737 2339 non
783 2272 907 2337 sibi
956 2274 1068 2335 aut
1113 2274 1368 2334 strenue
1400 2270 1835 2334 contradicant
1866 2274 1979 2334 aut
2004 2270 2367 2353 hypocrisin
2392 2270 2623 2333 saltem
2652 2270 2941 2353 prodant,
2968 2292 3113 2333 eum
3138 2270 3204 2334 in
3235 2270 3519 2355 Apoloyia

614 2386 729 2428 sua
773 2364 882 2429 loe.
929 2360 1022 2425 eit.
1073 2359 1308 2438 dicunt,
1351 2357 1675 2422 Christum
1700 2380 1835 2422 esse
1862 2358 2158 2444 religiose
2184 2358 2572 2423 adorandum
2597 2380 2724 2442 qua
2748 2359 3184 2435 mediatorem,
3210 2361 3255 2425 ἃ
3280 2359 3521 2443 quidem

615 2475 762 2518 vero
809 2452 916 2515 sed
951 2452 1165 2513 tamen
1198 2448 1494 2513 distincto
1518 2447 1755 2512 honore
1781 2449 2167 2513 adorationis
2193 2447 2273 2511 ab
2298 2448 2432 2525 illo,
2459 2471 2585 2532 quo
2620 2448 2850 2512 colitur
2872 2446 3067 2520 Deus,
3092 2471 3281 2531 quem
3310 2453 3523 2512 vocant

613 2541 850 2606 ibidem
871 2538 1150 2604 absolate
1171 2537 1482 2602 divinum.
1508 2536 1867 2602 Secundum
1890 2559 2028 2621 ary.
2054 2537 2133 2601 ad
2157 2536 2481 2601 hominem
2504 2536 2883 2621 opponimus
2909 2536 3002 2601 Cl.
3034 2537 3117 2602 D.
3150 2536 3431 2616 Amesio,
3454 2558 3523 2600 ex

613 2630 816 2714 ipsius
861 2627 1186 2710 Disputat.
1221 2627 1297 2690 de
1323 2625 1710 2690 Adoratione
1742 2625 1984 2690 Christi
2008 2625 2173 2689 thesi
2202 2629 2259 2688 4.
2298 2626 2643 2703 Partieata,
2668 2625 2898 2708 inquit,
2922 2637 3254 2711 qautenus,
3286 2627 3433 2711 qua,
3462 2625 3522 2689 iu

612 2729 948 2873 ‘emitti
985 2715 1390 2868 ffifflss'..
1412 2715 1582 2868 ‘2⁸:32‘
1605 2714 2120 2870 αἶῖἓῖἶηῗηῗῗᾶἷΐ
2134 2715 3523 2890 otti‘tzpzfft053523mffim'mz‘.

612 2899 850 2980 iustam
891 2893 1197 2958 rationem
1248 2892 1614 2957 adoratione
1658 2893 1728 2956 in
1774 2893 1978 2975 ipsius
2024 2892 2395 2957 mediatione
2441 2893 2673 2958 Christi
2694 2893 2979 2975 reperiri.
3038 2893 3162 2960 Nos
3192 2904 3527 2977 atramque

615 3004 872 3050 sensum
895 2981 1276 3065 suscipimus
1299 2980 1784 3066 defendendam.
1811 2979 2013 3064 Atqui
2036 2981 2157 3046 hoc
2180 2985 2278 3045 est
2300 2985 2503 3044 tota-m
2527 3003 2783 3045 causam
2809 2980 3061 3045 tradere
3086 2985 3185 3066 (ut
3210 2981 3373 3045 mihi
3397 2979 3521 3064 qui-

618 3075 763 3138 dem
810 3071 1082 3153 videtur)
1130 3074 1243 3134 aut
1287 3092 1412 3133 non
1452 3069 1716 3133 obscure
1742 3070 2049 3153 profiteri,
2076 3069 2380 3154 languere
2404 3069 2568 3134 hanc
2592 3074 2795 3133 totam
2819 3069 3346 3153 disceptationem
3370 3069 3523 3133 circa

617 3183 860 3227 meram
883 3163 1272 3240 καινοφωνίκν,
1306 3155 1714 3232 ἁκυρολογίαν,
1742 3163 2149 3237 λογομαχίαν,
2174 3181 2301 3222 non
2324 3163 2703 3237 σκιομαχίαν.
2728 3157 2945 3241 Ipsam
2969 3157 3383 3223 assertionem
3406 3158 3527 3240 ejus

618 3248 1015 3317 conc-edimus
1063 3249 1108 3314 ἃ,
1154 3247 1538 3311 concedebat
1583 3245 1676 3310 Cl.
1705 3244 2073 3331 Theologus
2105 3247 2233 3324 ille,
2260 3247 2361 3311 cui
2386 3245 2503 3310 has
2529 3246 2741 3310 theses
2766 3247 3169 3330 opponebat:
3198 3248 3311 3311 sed
3335 3245 3522 3332 parti·

618 3341 794 3406 culas
817 3339 964 3402 illas
989 3337 1158 3402 male
1189 3335 1270 3400 ab
1303 3335 1441 3419 ipso
1473 3335 1881 3418 explicationi
1897 3337 2032 3419 jam
2063 3336 2312 3420 positae
2335 3334 2647 3418 applicari
2670 3339 2989 3419 putamus.
3040 3334 3119 3399 X.
3153 3334 3527 3420 Subjicimus

618 3449 994 3494 consensum
1015 3446 1234 3490 eorum
1257 3424 1458 3507 quiex
1483 3423 1769 3508 professo
1794 3424 2253 3489 controversias
2272 3427 2317 3490 &
2334 3423 2631 3506 strophas
2652 3424 3195 3488 Anti-trinitarias
3212 3423 3526 3490 examina·

619 3522 802 3583 runt:
829 3539 988 3599 quos
1011 3515 1204 3599 paulo
1231 3513 1478 3577 cautius
1503 3513 1607 3576 hic
1631 3511 1873 3577 locutos
1897 3513 2090 3578 fuisse
2122 3513 2457 3577 indubium
2480 3516 2599 3592 est,
2624 3511 2941 3578 Zanchius
2966 3513 3145 3598 [pag.
3176 3513 3340 3599 534]
3372 3515 3527 3597 part.

621 3609 682 3672 2.
731 3607 808 3670 de
853 3605 1059 3669 tribus
1107 3601 1366 3667 Elohim
1415 3602 1526 3665 lib.
1565 3603 1705 3674 3.,0.
1732 3604 1792 3666 3.
1823 3603 1965 3670 Non
1987 3614 2075 3667 est
2100 3603 2415 3690 sufficiens
2435 3622 2628 3666 eausa
2650 3613 2722 3666 at
2746 3602 3046 3667 adoretur
3071 3601 3359 3668 Christus
3387 3600 3527 3686 quia

619 3695 920 3761 mediator
943 3705 1050 3758 est.
1087 3691 1294 3760 Causa
1315 3691 1485 3754 enim
1507 3690 1897 3756 adorationis
1921 3691 2055 3756 sola
2076 3704 2164 3756 est
2188 3691 2403 3756 deitas.
2430 3691 2574 3754 Ideo
2598 3691 2767 3755 enim
2797 3690 3025 3756 lehova
3034 3690 3213 3774 Jabet
3244 3713 3309 3756 se
3328 3693 3523 3756 sotum

620 3783 881 3850 adorari
912 3779 974 3848 ἃ·
997 3781 1128 3860 coli,
1154 3781 1306 3866 quia
1329 3781 1498 3844 solas
1527 3791 1616 3845 est
1639 3780 1833 3855 Deus,
1858 3793 2046 3845 autor
2067 3782 2351 3846 omniam
2386 3800 2626 3844 reram.
2667 3780 2879 3861 Quare
2907 3779 2965 3844 si
2991 3780 3275 3846 Christus
3298 3799 3427 3845 non
3448 3787 3527 3842 est

621 3874 813 3951 Deus,
835 3873 1013 3938 ‘trado
1027 3869 1214 3934 modo
1236 3881 1322 3934 est
1350 3869 1738 3933 invocandus
1766 3866 1829 3933 ἃ·
1852 3869 2243 3934 adorandus.
2270 3868 2357 3932 Et
2381 3868 2651 3932 ibidem:
2680 3867 3017 3951 Objicitur,
3043 3879 3224 3952 pater
3242 3869 3530 3936 adoretur

619 3974 690 4027 at
713 3961 940 4026 lehova
968 3958 1031 4024 ἃ
1051 3970 1238 4024 autor
1259 3959 1570 4022 bonoram
1599 3958 1913 4037 omnium,
1936 3958 2114 4045 filias
2136 3969 2209 4022 ut
2226 3958 2532 4023 mediator
2554 3955 3001 4024 &distributor
3023 3956 3356 4036 bonorum,
3378 3973 3529 4042 qaae

621 4053 664 4115 ὰ
707 4061 886 4134 patre
929 4047 1177 4130 accepit.
1223 4045 1354 4111 Ubi
1401 4047 1471 4110 in
1519 4046 1781 4131 egregia
1832 4046 2240 4130 responsione
2289 4045 2445 4110 haec
2484 4045 2651 4109 inter
2675 4045 2803 4109 alia
2832 4050 3086 4129 reponit
3108 4068 3171 4130 p.
3202 4047 3307 4110 16.
3330 4045 3443 4110 col.
3468 4042 3523 4104 9.

626 4137 834 4205 Causa
857 4139 1064 4215 unica,
1097 4156 1213 4200 eur
1234 4135 1562 4201 curvanda
1585 4137 1712 4200 sint
1733 4134 1926 4201 alicui
1944 4155 2175 4220 qenaa,
2208 4155 2431 4218 nempe
2458 4136 2611 4219 quia
2633 4135 2857 4199 lehova
2880 4145 2995 4199 est:
3016 4155 3149 4198 non
3180 4136 3375 4220 iqitar
3392 4150 3528 4198 eur·

622 4227 944 4294 vabumur
985 4245 1192 4311 9enua
1224 4224 1466 4290 Christo
1489 4226 1641 4310 quia
1651 4225 1855 4308 judex
1878 4237 1985 4302 est,
2010 4226 2117 4289 sed
2138 4226 2291 4310 qaia
2317 4225 2567 4288 Jehova.
2616 4221 3039 4307 Cartwrigtus
3066 4223 3289 4288 histor.
3321 4223 3525 4288 Euan-

624 4317 868 4403 gelicae
891 4320 1056 4399 part.
1091 4315 1144 4379 1.
1171 4335 1234 4396 p.
1269 4315 1352 4376 32
1364 4315 1420 4379 7.
1468 4314 1584 4378 Hie
1605 4313 1744 4378 vide
1765 4314 1821 4377 si
1842 4333 1989 4378 cum
2015 4314 2247 4399 (im-illo
2274 4324 2435 4377 totus
2459 4313 2559 4377 hic
2586 4313 2777 4390 locas,
2800 4333 2923 4400 quo
2945 4312 3331 4378 divinitatem
3350 4329 3523 4376 suam

629 4406 910 4472 Christus
962 4402 1202 4480 asserit,
1227 4401 1303 4466 de
1333 4402 1692 4466 mediatoris
1722 4421 1993 4485 persona
2019 4403 2280 4485 intelliqi
2301 4401 2529 4481 debeat,
2558 4421 2647 4465 an
2669 4421 2813 4466 eum
2836 4401 3189 4486 Aaqastino
3204 4403 3441 4486 partim
3462 4397 3523 4460 in

3224 4502 3525 4557 aemam
