3694 4871
569 276 651 341 16
1186 269 1428 340 D1s1».
1497 267 1605 342 IL
1674 271 2144 350 Quousaun
2213 295 2301 337 sa
2372 291 2830 338 nxrsnnA'r

567 464 903 529 Dettteron.
929 459 1033 525 28.
1061 459 1167 524 27.
1192 481 1384 540 quam
1409 463 1627 523 tamen
1650 458 1931 522 retinent
1958 459 2016 522 1.
2042 458 2215 524 Sam.
2251 457 2311 522 5.
2338 457 2400 523 6.
2427 457 2490 522 9.
2508 456 2597 522 Et
2619 478 2872 522 rursum
2897 457 3235 522 Deuteron.
3261 457 3368 522 28.
3399 456 3506 520 30.

568 553 726 617 lesa.
761 551 863 614 13.
906 549 1009 613 16.
1054 547 1319 614 Zachar.
1372 547 1468 610 14.
1496 548 1558 611 2.
1583 569 1777 632 quam
1803 547 2082 612 retinent
2106 549 2324 612 Ierem.
2351 549 2414 611 2.
2439 549 2485 612 81
2516 548 2684 610 certe
2709 546 2966 610 verbale
2993 545 3138 610 inde
3163 546 3510 611 deductum

567 641 635 704 in
659 644 723 704 te
746 637 1198 703 honestissima
1221 640 1485 720 usurpat
1510 633 1677 718 Spir.
1704 633 1769 700 S.
1798 636 1952 702 Psa.
1979 636 2086 700 45.
2119 636 2220 699 10.
2249 635 2415 699 Vide
2444 636 2545 700 18.
2573 635 2710 699 loco
2735 634 3069 699 emendata
3095 636 3134 698 a
3155 634 3400 712 scribis,
3433 638 3509 698 ut

568 729 941 812 loquuntur,
967 726 1119 812 quia
1144 725 1479 810 indignum
1495 723 1650 808 quid
1674 724 1888 788 divina
1909 725 2245 808 majestate
2263 724 2692 802 continebant,
2717 724 2790 788 in
2812 723 3128 807 Bttoedors.
3165 723 3508 788 Tiberiade.

576 819 835 900 Quarto,
876 814 1041 890 Quia
1069 811 1141 871 τὸ
1163 814 1293 878 keri
1318 835 1507 897 saepe
1530 812 1908 897 ambiguum
1933 812 2110 892 facit,
2142 817 2256 877 aut
2277 813 2540 877 invertit
2569 811 2924 895 scripturae
2947 834 3204 876 sensum
3233 812 3292 874 1.
3328 811 3508 876 Sam.

573 908 633 970 2.
662 907 724 970 3.
754 905 925 970 Psal.
953 903 1098 967 130.
1128 904 1187 966 3.
1214 901 1455 969 Eccl.9.
1480 902 1541 966 4.
1570 903 1630 964 2.
1654 907 1825 966 Sam.
1858 901 1960 966 14.
1989 903 2048 967 2.
2076 901 2136 966 2.
2166 904 2304 987 1169.
2335 903 2439 965 23.
2466 902 2571 964 33.
2605 902 2787 968 Prov.
2817 905 2878 965 4.
2909 901 2967 964 3.
3000 899 3064 965 st·
3094 901 3195 965 19.
3225 900 3285 965 7.
3311 901 3509 964 immo

570 991 945 1059 contradicit
984 991 1309 1056 contextui
1332 991 1532 1056 Exod.
1560 990 1666 1059 21.
1693 991 1754 1055 8.
1780 991 1970 1056 Levit.
2006 991 2109 1055 11.
2137 992 2243 1056 21.
2277 991 2336 1053 2.
2367 992 2508 1075 1169.
2537 993 2597 1054 8.
2629 991 2730 1055 10.
2757 992 2907 1056 Ezr.
2935 990 2998 1053 4.
3025 990 3085 1052 2.
3113 989 3272 1056 lesa.
3303 989 3410 1052 63.
3445 988 3506 1052 9.

572 1084 801 1148 saltem
840 1080 1158 1157 diversum
1188 1079 1235 1144 &
1264 1080 1581 1163 duplicem
1614 1100 1870 1143 sensum
1902 1079 2217 1143 literalem
2247 1079 2474 1156 iniert3
2509 1101 2660 1164 ergo
2687 1102 2812 1144 una
2835 1101 2980 1145 cum
3004 1077 3146 1161 ipso
3173 1081 3356 1142 textu
3379 1099 3504 1140 non

572 1173 785 1255 potest
821 1191 957 1233 esse
996 1168 1456 1233 authenticum.
1504 1169 1759 1249 Quinte,
1802 1166 1967 1243 Quia
1997 1168 2300 1232 lectiones
2338 1168 2488 1231 illae
2525 1167 2912 1252 marginales
2945 1168 3174 1231 saltem
3205 1187 3508 1250 magnam

572 1263 821 1343 partem
860 1257 1201 1341 (imprimis
1242 1257 1410 1340 quod
1440 1257 1521 1320 ad
1558 1257 1659 1319 18.
1686 1257 1896 1337 voces)
1925 1260 2074 1319 sunt
2099 1259 2136 1320 a
2159 1255 2493 1336 Rabbinis‚
2519 1256 2763 1321 fatente
2794 1257 3066 1322 Amama
3089 1257 3158 1320 in
3183 1254 3506 1320 Antibarb.

570 1369 633 1432 p.
676 1346 825 1410 739.
854 1346 1000 1410 740.
1025 1346 1071 1410 St
1096 1349 1343 1410 constat
1366 1344 1623 1409 omnino
1648 1367 1725 1408 ex
1766 1344 1957 1412 Tibcr.
1985 1345 2341 1429 andarsii
2363 1345 2619 1409 aliunde
2641 1345 2955 1430 originem
2977 1367 3106 1408 non
3131 1343 3507 1428 petendam:

570 1435 752 1518 atqui
774 1434 872 1498 illi
894 1455 1020 1498 non
1042 1437 1193 1498 sunt
1216 1433 1397 1498 nobis
1429 1431 1807 1492 ἀνυπεύθυνοι
1829 1434 1876 1498 a
1895 1433 2274 1492 aetorum-roc
2289 1432 2668 1517 Prophetae,
2688 1435 2908 1518 quales
2939 1432 3280 1516 scriptores
3313 1430 3394 1496 V.
3431 1430 3507 1494 T.

575 1527 755 1591 Rom.
796 1525 853 1587 1.
894 1543 1049 1587 vers.
1094 1524 1155 1586 2.
1188 1522 1373 1587 Hebr.
1419 1523 1477 1586 1.
1521 1522 1579 1584 1.
1613 1523 1817 1586 Actor.
1861 1522 1964 1585 26.
2001 1523 2106 1585 27.
2135 1521 2194 1584 2.
2225 1521 2395 1587 Petr.
2426 1524 2482 1586 1.
2514 1523 2621 1586 21.
2649 1543 2802 1607 ergo
2829 1545 3047 1599 eorum
3075 1521 3384 1586 crisisnon
3411 1523 3510 1584 est

573 1611 1008 1677 authenthica.
1034 1611 1235 1688 Semta,
1260 1612 1637 1694 argumento
1662 1609 1742 1672 ad
1764 1610 2088 1675 hominem
2113 1613 2332 1674 contra
2359 1610 2746 1690 Pontificios‚
2771 1614 3042 1677 Amama
3065 1613 3162 1676 &a
3191 1609 3323 1692 qui,
3348 1630 3507 1691 quo-

571 1701 694 1765 ties
718 1723 837 1765 usu
865 1699 1058 1779 venit,
1084 1722 1160 1764 ex
1184 1699 1322 1782 ipso
1346 1699 1888 1783 ketis'argumenta
1907 1702 2134 1782 petunt
2152 1699 2231 1761 ad
2249 1700 2590 1764 astruenda
2608 1701 2909 1784 dogmata
2925 1698 3310 1783 theologica:
3328 1697 3508 1780 atqui

574 1789 695 1853 hoc
716 1787 897 1853 nefas
921 1792 1107 1867 esset,
1132 1787 1445 1870 siquidem
1468 1783 1539 1844 τὸ
1564 1787 1693 1852 lteri
1714 1788 1923 1850 solum
1949 1791 2114 1850 esset
2138 1787 2595 1852 authenticum.
2623 1788 2748 1853 His
2778 1788 3134 1852 rationibus
3159 1785 3374 1850 allatis
3405 1808 3508 1849 ar-

574 1881 880 1962 gumenta
902 1875 1296 1941 Ainsworthi
1319 1879 1541 1960 sponte
1566 1897 1681 1939 sua
1704 1876 2059 1940 concidunt.
2086 1874 2300 1958 Siquis
2325 1881 2540 1941 tamen
2565 1877 2763 1942 solide
2789 1876 3072 1942 refutata
3097 1876 3310 1940 videre
3333 1875 3506 1948 velit,

577 1968 631 2032 is
656 1967 843 2032 adeat
868 1965 1151 2030 eruditis.
1182 1967 1485 2050 Paqctnm
1510 1965 1617 2030 loc.
1644 1965 1743 2030 cit.

662 2102 699 2140 *
720 2055 756 2094 *
778 2101 815 2140 *
884 2075 1287 2118 PROBLEMATA.

661 2143 712 2208 Ι.
739 2146 845 2209 An
853 2143 1207 2228 paraschot,
1225 2140 1620 2230 haphtaroth‚
1642 2141 1969 2216 Semichot,
1997 2142 2208 2207 literae
2233 2144 2519 2227 majores,
2537 2145 2834 2222 minores,
2851 2149 3182 2220 canantes,
3203 2142 3506 2218 inversae,

574 2235 839 2312 clausae,
887 2243 1139 2316 apertae
1176 2233 1301 2297 sint
1346 2233 1385 2296 a
1424 2230 1835 2314 scriptoribus
1879 2232 2096 2309 sacris,
2123 2229 2185 2296 a·
2199 2232 2484 2298 denotent
2501 2235 2760 2319 aliquod
2775 2234 3140 2319 mysterium
3163 2231 3194 2296 ?
3239 2229 3324 2296 N.
3379 2231 3508 2294 Vid.

576 2321 854 2386 Amama
879 2321 1195 2385 antibarb.
1224 2320 1339 2384 lib.
1368 2320 1427 2382 3.
1454 2341 1603 2404 pag.
1633 2319 1779 2382 736..
1808 2321 1856 2385 81
1881 2342 2055 2403 seqq.
2087 2322 2166 2386 Et
2192 2321 2517 2385 Buxdorfii
2545 2320 2969 2386 Tiberiadem.

662 2408 747 2476 II.
803 2409 908 2475 An
936 2430 1201 2565 magara
1230 2427 1469 2495 maqna
1506 2407 1569 2475 ἃ·
1587 2428 1813 2493 parva,
1844 2406 1908 2474 a
1930 2429 2105 2475 nunc
2135 2421 2239 2489 est,
2266 2411 2487 2492 Ezrae,
2505 2409 2568 2477 ἃ
2589 2413 2745 2477 viris
2768 2430 3120 2498 synaqoyae
3143 2429 3412 2494 maqnae
3433 2409 3510 2473 sit

573 2499 945 2565 ascribenda
962 2500 994 2563 ?
1090 2546 1108 2561 .

661 2586 780 2653 III.
829 2589 933 2652 An
970 2588 1135 2653 tituli
1176 2584 1686 2672 &inscriptiones
1714 2585 2024 2653 librorum
2049 2588 2174 2653 sint
2195 2588 2623 2654 authenticae?
2647 2587 2726 2652 R.
2752 2590 2828 2653 de
2861 2587 3118 2653 Graecis
3159 2587 3230 2652 V.
3255 2586 3330 2651 T.
3363 2608 3508 2670 neg.

575 2681 647 2741 ut
678 2678 723 2743 a
757 2676 831 2740 de
860 2676 1181 2760 plerisque
1220 2674 1579 2740 Hebraicis„
1610 2677 1801 2741 Aliter
1820 2697 2142 2741 censemus
2179 2678 2254 2742 de
2277 2679 2403 2742 iltis
2423 2698 2584 2764 quae
2608 2679 2975 2743 continuam
2994 2688 3242 2761 partem
3267 2676 3509 2761 faeimvt

574 2776 890 2831 contemtus
914 2766 1098 2845 sacri,
1121 2786 1217 2831 er.
1238 2785 1331 2843 qr.
1359 2764 1870 2844 Proverbioram‚
1896 2767 2150 2844 Icariae,
2177 2766 2366 2831 lectis
2391 2768 2500 2832 ac.
2537 2768 2720 2853 [pag.
2747 2766 2865 2851 38]

661 2852 777 2917 IV.
804 2855 905 2918 An
917 2853 1338 2919 distinctiones
1362 2853 1659 2937 capitum,
1685 2856 2048 2931 sectionum,
2074 2875 2372 2920 versuum.
2390 2857 2572 2933 ;item
2589 2855 3071 2938 subscriptiones
3101 2856 3510 2940 epistolarum

578 2942 788 3020 Pauli,
817 2939 881 3006 Bc
902 2942 1216 3007 variantes
1240 2943 1537 3021 lectiones,
1562 2943 1633 3007 in
1660 2942 1737 3009 N.
1773 2945 1839 3008 T.
1857 2948 1886 3006 P
1916 2945 1992 3010 N.
2037 2942 2179 3007 Vide
2204 2944 2407 3008 Bezae
2430 2948 2645 3023 notas3
2677 2942 2740 3009 85
2769 2946 2997 3028 Confer
3019 2943 3510 3008 controversiam

576 3032 653 3095 (16
676 3030 1067 3115 Episcopatu
1090 3031 1137 3095 &
1159 3030 1591 3114 presbyterio:
1618 3030 1725 3096 ubi
1753 3052 1829 3097 ew
1846 3032 2131 3115 professo
2155 3032 2636 3117 subscriptiones
2659 3034 3070 3118 epistolar-um
3105 3033 3295 3101 Pauli
3331 3054 3510 3098 excu-

582 3120 852 3184 liuntur.

667 3205 749 3271 V.
796 3208 905 3275 An
935 3207 1090 3273 ketib
1122 3228 1324 3284 omne,
1350 3210 1569 3273 saltem
1618 3209 1956 3274 maximam
1985 3222 2252 3294 partem,
2277 3211 2359 3276 sit
2381 3232 2456 3275 em
2479 3211 2780 3276 mendosa
2805 3210 3216 3277 librariorum
3241 3211 3512 3295 descap-

580 3296 791 3361 tione?
828 3294 1020 3381 Resp.
1052 3299 1301 3363 nullam
1334 3296 1509 3361 video
1549 3300 1988 3377 necessitatem,
2027 3320 2144 3364 eur
2181 3301 2296 3363 hoc
2324 3301 2730 3365 concesserint
2753 3301 2876 3364 viri
2900 3299 3078 3378 docti,
3119 3314 3268 3387 quot
3295 3301 3513 3367 tandm

578 3385 855 3449 Amama
877 3384 1199 3450 antibarb.
1221 3408 1286 3469 p.
1318 3386 1467 3450 740.
1499 3387 1743 3471 Confer.
1771 3386 2026 3470 Disput.
2056 3388 2132 3451 de
2159 3388 2494 3453 Insolubil.
2517 3389 2891 3472 scripturae.

668 3474 731 3539 5.
765 3473 981 3557 Atque
1004 3472 1164 3538 11666
1187 3474 1446 3559 quidem
1469 3475 1545 3538 de
1570 3474 1841 3539 veritate
1867 3476 1912 3541 ἃ
1929 3476 2265 3541 authentia
2282 3477 2632 3560 scripturae
2649 3477 2974 3556 historica,
2993 3498 3160 3543 nunc
3175 3477 3514 3543 videndum

580 3584 910 3647 quousque
951 3584 1021 3627 se
1045 3563 1347 3627 extendat
1370 3562 1705 3627 authentia
1728 3585 1988 3628 normae
2015 3586 2127 3630 seu
2151 3566 2492 3648 praecepti.
2518 3564 3104 3649 Praesupponimus
3130 3572 3348 3632 autem
3369 3566 3515 3631 nul-

580 3652 704 3715 lius
728 3650 868 3715 sani
883 3651 1122 3734 judicio
1147 3673 1288 3715 eam
1313 3672 1513 3734 eaque
1538 3651 1667 3715 late
1695 3656 1913 3735 patere
1939 3675 2011 3717 ac
2035 3654 2438 3717 authentiam
2461 3653 2787 3718 historiae.
2806 3652 3277 3741 Distinguenda
3297 3656 3516 3738 itaque

582 3744 732 3803 sunt
756 3739 925 3804 dicta
948 3760 1060 3805 seu
1088 3740 1327 3822 scripta
1351 3742 1389 3803 a
1413 3740 1693 3804 consiliis
1717 3742 1762 3806 a
1786 3740 2007 3817 factis;
2033 3742 2188 3807 item
2213 3764 2516 3826 personae
2543 3746 2581 3806 a
2603 3743 2908 3827 personiS.
2927 3742 2981 3817 I.
3001 3744 3338 3825 Personae,
3357 3766 3518 3829 qua-

580 3850 723 3892 rum
761 3828 950 3908 dicta,
990 3827 1181 3906 facta,
1214 3828 1478 3893 consilia
1523 3829 1764 3913 absque
1810 3830 1942 3893 ullo
1977 3829 2335 3894 discrimine
2359 3835 2507 3896 sunt
2531 3832 2703 3905 omni
2735 3834 2920 3897 modo
2945 3833 3338 3912 authentica,
3369 3836 3521 3897 sunt

580 3920 835 3981 sanctae
866 3918 913 3983 81
950 3917 1315 3981 individuae
1347 3916 1705 3996 Trinitatis,
1745 3918 1902 3981 item
1943 3917 2372 4004 Angelorum3
2417 3920 2805 3999 authentica,
2841 3922 3125 4005 inquam,
3159 3926 3232 3987 ut
3261 3920 3520 4007 singula

581 4004 703 4068 fide
742 4006 1143 4088 recipiamus,
1183 4027 1383 4086 eaque
1421 4006 1617 4070 etiam
1654 4006 1788 4070 vita
1828 4007 2256 4089 exprimamus
2297 4010 2342 4073 81
2379 4008 2725 4087 imitemur,
2753 4014 3068 4091 quatenus
3091 4012 3416 4093 pertinent
3439 4010 3522 4073 ad

580 4090 863 4157 officium
885 4097 1193 4173 nostrum,
1218 4092 1339 4158 hoc
1364 4098 1460 4159 est
1481 4095 1795 4159 rationem
1818 4094 2062 4159 habent
2084 4097 2434 4163 communis
2458 4099 2782 4181 praecepti
2807 4104 2918 4163 aut
2940 4098 3278 4163 imitabilis
3303 4120 3520 4163 exem-

580 4180 693 4264 pli.
720 4180 1111 4265 Excipienda
1142 4204 1317 4267 ergO,
1355 4186 1567 4247 motus
1590 4184 1636 4247 &
1665 4185 1970 4249 mandata
1992 4183 2117 4248 Dei
2140 4184 2640 4249 extraordinaria
2663 4188 2710 4251 &
2735 4188 3038 4270 specialia
3062 4191 3135 4252 ut
3159 4186 3523 4251 Abrahami

586 4270 801 4335 Gerees.
828 4272 934 4334 22.
960 4269 1237 4334 Pinehas
1263 4271 1522 4338 Numer.
1550 4274 1655 4337 25.
1680 4272 1880 4337 Mosis
1903 4274 2103 4339 Eoeod.
2131 4276 2192 4337 2.
2217 4274 2401 4338 Eliae
2428 4276 2488 4337 2.
2519 4275 2663 4359 1169.
2695 4276 2752 4340 1.
2772 4298 2915 4341 611111
2934 4278 3079 4343 Luc.
3098 4278 3158 4339 9.
3185 4274 3432 4341 Elizaei
3457 4278 3522 4341 2.

584 4358 727 4443 Rey.
757 4359 820 4424 2.
844 4356 1153 4445 Simsonis
1175 4359 1375 4425 ludic.
1407 4360 1509 4425 16.
1535 4360 1712 4425 Petri
1734 4363 1936 4428 Actor.
1963 4364 2022 4427 5.
2053 4362 2155 4428 Ad
2177 4362 2336 4428 haec
2360 4362 2532 4427 facta
2555 4366 2602 4429 a
2625 4366 2927 4429 mandata
2941 4365 3246 4449 specialia
3261 4370 3528 4449 praeter

3255 4456 3304 4520 &
3325 4477 3527 4539 supra
