3694 4871
543 320 2580 391 DoouAr1snnSS.'I'1i1s1rA-rss.PARsA12·rnnA.
2901 328 3031 392 115

199 508 348 586 Quia
388 509 510 574 hac
555 509 986 593 disputatione
1032 515 1252 575 contra
1294 509 1821 576 Remonstrantes
1870 510 2191 593 disputavi
2239 511 2726 595 syncretismum
2767 513 3019 577 nullum

124 620 246 663 cum
288 596 752 663 Neo-Arrianis
796 599 1164 679 ineundum,
1211 621 1338 664 non
1384 600 1498 664 abs
1547 622 1614 663 re
1663 598 1983 663 facturum
2032 621 2133 663 me
2170 599 2465 677 arbitror,
2492 598 2546 663 si
2566 600 2953 665 sententiam
2980 602 3025 667 tc

125 687 322 769 prarin
345 687 835 752 reformatorum
860 688 928 751 in
959 687 1246 765 Polonia,
1277 688 1386 753 ubi
1409 687 1762 752 haereticos
1785 688 1933 752 illos
1949 687 2246 771 proprius
2266 692 2517 765 norunt,
2535 686 2642 753 hie
2657 687 3016 766 exhibeam,

123 796 186 839 ex
211 774 514 841 Johannis
545 775 726 841 Laeti
753 774 1000 841 Moravi
1024 776 1394 860 compendio
1418 776 1722 841 historiae
1750 776 2124 841 universalis
2150 798 2287 859 cap.
2316 776 2419 839 34.
2454 777 2624 860 quod
2647 777 3016 861 complecti-

121 870 212 929 tur
239 870 414 949 gesta
449 866 530 929 ab
571 887 736 930 anno
772 865 965 931 1612.
989 887 1189 949 usque
1220 865 1411 941 1619.
1438 864 1543 930 Sic
1567 887 1718 950 ergo
1751 865 1862 929 ille
1886 888 1949 948 p.
1986 864 2135 927 713.
2166 864 2313 928 714.
2362 864 2483 931 Sed
2504 865 2606 931 hic
2645 864 3015 932 Valentinus

122 952 376 1019 Smatcus
417 954 906 1021 Socinianorum
929 954 1384 1039 antesiqnanus
1407 976 1550 1021 cum
1572 955 1707 1018 suis
1736 954 1918 1019 sociis
1942 954 2242 1019 Ecclesia-3
2266 955 2383 1037 doq
2393 954 2663 1021 malibus
2692 976 2767 1021 ac
2790 955 3017 1042 iniqua

129 1042 360 1107 Unionis
409 1042 474 1108 ἃ
514 1040 865 1109 consensus
901 1044 1315 1125 postulatione
1338 1042 1644 1109 turbabat.
1669 1044 1740 1107 in
1763 1040 2017 1127 Synodo
2040 1040 2413 1107 Lublinensi
2436 1063 2611 1107 anno
2638 1044 2743 1109 12.
2767 1045 3019 1128 praesi-

121 1130 274 1195 dente
311 1130 649 1196 Franz-,isco
692 1130 736 1195 J
739 1131 1054 1210 eserziciO,
1101 1133 1430 1216 postulatis
1460 1133 1593 1197 suis
1618 1131 1955 1215 inscriptis
1979 1132 2141 1195 datis
2172 1152 2315 1196 cum
2344 1152 2473 1196 rem
2496 1144 2789 1217 urqerent
2812 1134 3019 1217 rejecit

123 1216 380 1303 Synodus
421 1221 632 1305 petita,
677 1220 1116 1307 responditque
1160 1221 1408 1305 scriptis
1453 1240 1722 1285 rursum
1745 1220 2096 1285 doctissime
2125 1218 2419 1303 Raphael
2441 1218 2667 1286 Comes
2692 1220 3024 1286 Leszcezi-

125 1307 243 1370 nius
283 1308 562 1373 Andreae
606 1310 713 1373 Fr.
765 1309 980 1374 Castel.
1011 1310 1418 1387 Calissiensis,
1450 1306 1513 1373 ἃ·
1543 1309 1694 1395 quia
1715 1309 2028 1394 quaedam
2052 1321 2460 1393 reposuerant
2488 1309 2711 1375 idcirco
2734 1314 2767 1375 ἐ
2794 1311 3023 1375 Proce-

123 1416 248 1459 rum
289 1418 552 1463 nurnero
598 1395 824 1461 Petrus
866 1396 1227 1462 Goraiscius
1259 1418 1488 1463 rursus
1511 1398 2029 1463 nervo-sissimum
2054 1417 2427 1481 responsum
2449 1399 2725 1463 sectariis
2754 1399 3021 1465 remisit.

125 1484 376 1569 deinoeps
420 1487 491 1551 in
532 1484 786 1570 Synodo
810 1483 1073 1550 Belcizii
1103 1508 1334 1552 rursus
1361 1487 1687 1551 irridentes
1711 1488 1895 1571 prius
1924 1486 2353 1552 Ortlwdoaeam
2376 1488 2727 1553 concionem
2753 1488 3026 1572 satiqare

127 1572 422 1640 Ecclesiam
454 1580 799 1658 coeperant,
824 1575 933 1639 sed
957 1573 1456 1659 christophorus
1479 1573 1853 1639 Krainscius
1882 1586 1947 1639 ut
1972 1586 2101 1639 erat
2130 1574 2549 1640 orthodoxiae
2567 1577 3027 1655 tenacissimus,

126 1658 352 1726 Domini
395 1662 693 1728 facessite
742 1662 909 1741 hinc,
948 1685 1029 1726 ne
1051 1664 1328 1727 turberis
1354 1686 1492 1743 nOS,
1517 1664 1704 1728 citius
1737 1663 1983 1728 coelum
2009 1686 2150 1727 cum
2176 1660 2338 1727 Orco
2364 1666 2740 1729 concordare
2766 1664 3029 1749 poterit,

129 1770 294 1831 quam
319 1774 432 1817 nos
457 1750 840 1835 Euangelici
865 1751 1222 1817 vobiscum!
1271 1751 1380 1835 qui
1406 1750 1614 1816 Deum
1647 1752 1855 1829 timet,
1886 1755 1920 1815 ὲ
1949 1752 2189 1835 templo
2212 1756 2415 1815 exeat.
2442 1756 2474 1817 ἐ
2500 1754 2872 1841 vestiqioque
2896 1754 3032 1839 ipse

127 1856 188 1900 ex
205 1843 413 1923 tempto
435 1840 661 1918 abibat,
687 1840 758 1903 in
787 1841 1227 1924 pomeridiana
1249 1842 1518 1906 sessione
1540 1861 1682 1905 cum
1715 1842 1942 1905 iterum
1967 1841 2288 1918 instarent,
2318 1842 2574 1906 nomine
2591 1843 2775 1908 totius
2792 1840 3035 1927 Synodi

131 1929 374 2007 qroeviter
413 1927 702 2013 Raphael
749 1927 1181 1994 Leszcezinius
1235 1930 1572 2013 respondit,
1616 1928 1842 2012 petitio
1876 1928 2032 1992 haec
2056 1950 2172 1993 uec
2196 1928 2388 2012 hujus
2415 1928 2558 2009 loci,
2586 1953 2700 1995 nec
2726 1930 3038 2015 temporis

132 2018 228 2094 est,
268 2017 584 2083 concernit
631 2016 958 2081 universas
984 2016 1390 2083 Reformatas
1421 2017 1762 2096 Ecclesias,
1789 2018 2169 2102 quibuscum
2194 2017 2517 2081 vinculum
2552 2019 2733 2083 nobis
2762 2020 3041 2083 interce-

133 2101 224 2165 dit.
269 2104 724 2171 instituendum
750 2110 918 2170 esset
941 2106 1297 2172 Concilium
1322 2107 1635 2191 generale.
1663 2106 1854 2170 fidem
1879 2110 1917 2170 {1
1950 2107 2127 2169 vobis
2152 2106 2411 2186 discere,
2439 2128 2584 2171 cum
2610 2108 2676 2171 in
2708 2129 2855 2172 vera
2883 2105 3036 2171 fun·

134 2189 245 2254 dati
263 2196 477 2273 simus,
499 2195 794 2258 nolumus
821 2207 956 2260 tum
979 2196 1330 2261 adversarii
1353 2195 1428 2259 de
1459 2193 1778 2259 Krainscii
1803 2196 1963 2261 dicto
1986 2195 2247 2281 quaesti,
2273 2199 2385 2278 qui
2418 2194 2602 2280 [pag.
2630 2196 2795 2281 520]
2824 2194 3039 2259 Deum

133 2278 288 2345 timet
311 2286 343 2346 ὲ
365 2283 608 2367 templo
633 2288 837 2359 exeat,
861 2285 1048 2369 quasi
1070 2285 1366 2369 indiqnos
1390 2285 1853 2349 conversatione
1873 2295 2157 2359 censeret,
2192 2283 2582 2367 subsumpsit
2608 2283 3038 2349 Leszcizinius

138 2366 338 2452 Comes,
383 2372 580 2437 timeo
629 2392 750 2457 ego
797 2370 1027 2453 Deum,
1074 2374 1275 2459 igitur
1297 2372 1509 2453 abibo,
1533 2373 1851 2460 simulque
1874 2394 2015 2439 cum
2042 2373 2201 2438 dicto
2232 2372 2417 2438 exivit
2446 2370 2509 2438 ἃ
2532 2390 2864 2440 conscenso
2892 2392 3036 2438 ear-

131 2471 288 2538 pemo
314 2463 607 2540 discessit,
641 2461 730 2525 sic
761 2462 916 2527 Unio
941 2462 1262 2548 deneqata.
