<?xml version="1.0" encoding="UTF-8"?>
<!DOCTYPE html PUBLIC "-//W3C//DTD XHTML 1.0 Transitional//EN"
    "http://www.w3.org/TR/xhtml1/DTD/xhtml1-transitional.dtd">
<html xmlns="http://www.w3.org/1999/xhtml" xml:lang="en" lang="en">
 <head>
  <title>
</title>
<meta http-equiv="Content-Type" content="text/html;charset=utf-8" />
  <meta name='ocr-system' content='tesseract 3.04.00' />
  <meta name='ocr-capabilities' content='ocr_page ocr_carea ocr_par ocr_line ocrx_word'/>
</head>
<body>
  <div class='ocr_page' id='page_1' title='image "./selectarumdispu00kuypgoog_0379.png"; bbox 0 0 3694 4871; ppageno 0'>
   <div class='ocr_carea' id='block_1_1' title="bbox 592 262 2866 351">
    <p class='ocr_par' dir='ltr' id='par_1_1' title="bbox 592 262 2866 351">
     <span class='ocr_line' id='line_1_1' title="bbox 592 262 2866 351; baseline -0.001 -3"><span class='ocrx_word' id='word_1_1' title='bbox 592 283 719 348; x_wconf 85' lang='lat'>348</span> <span class='ocrx_word' id='word_1_2' title='bbox 1090 340 1095 344; x_wconf 88' lang='lat'>.</span> <span class='ocrx_word' id='word_1_3' title='bbox 1252 262 2866 351; x_wconf 61' lang='lat' dir='ltr'>D1sp.X11.D1iLuenmEumoz1.1o.</span> 
     </span>
    </p>
   </div>
   <div class='ocr_carea' id='block_1_2' title="bbox 576 465 3546 2953">
    <p class='ocr_par' dir='ltr' id='par_1_2' title="bbox 590 465 3546 1266">
     <span class='ocr_line' id='line_1_2' title="bbox 590 465 3546 558; baseline -0.002 -22"><span class='ocrx_word' id='word_1_4' title='bbox 590 472 797 536; x_wconf 87' lang='lat' dir='ltr'>omnis</span> <span class='ocrx_word' id='word_1_5' title='bbox 820 471 1023 535; x_wconf 84' lang='lat' dir='ltr'>virtus</span> <span class='ocrx_word' id='word_1_6' title='bbox 1055 471 1100 536; x_wconf 80' lang='lat'>&amp;</span> <span class='ocrx_word' id='word_1_7' title='bbox 1124 493 1309 536; x_wconf 89' lang='lat' dir='ltr'>omne</span> <span class='ocrx_word' id='word_1_8' title='bbox 1332 472 1571 537; x_wconf 90' lang='lat' dir='ltr'>bonum</span> <span class='ocrx_word' id='word_1_9' title='bbox 1594 495 1751 556; x_wconf 90' lang='lat' dir='ltr'>opus</span> <span class='ocrx_word' id='word_1_10' title='bbox 1776 473 1918 558; x_wconf 83' lang='lat' dir='ltr'>lege</span> <span class='ocrx_word' id='word_1_11' title='bbox 1944 472 2358 557; x_wconf 60' lang='lat' dir='ltr'>praecipitum</span> <span class='ocrx_word' id='word_1_12' title='bbox 2393 472 2572 556; x_wconf 87' lang='lat' dir='ltr'>atqui</span> <span class='ocrx_word' id='word_1_13' title='bbox 2604 471 2758 536; x_wconf 89' lang='lat' dir='ltr'>fides</span> <span class='ocrx_word' id='word_1_14' title='bbox 2783 475 2880 536; x_wconf 87' lang='lat' dir='ltr'>est</span> <span class='ocrx_word' id='word_1_15' title='bbox 2905 471 3129 548; x_wconf 86' lang='lat' dir='ltr'>virtus,</span> <span class='ocrx_word' id='word_1_16' title='bbox 3179 469 3284 534; x_wconf 75' lang='lat'>810.</span> <span class='ocrx_word' id='word_1_17' title='bbox 3333 465 3546 551; x_wconf 81' lang='lat' dir='ltr'>Ergo.</span> 
     </span>
     <span class='ocr_line' id='line_1_3' title="bbox 590 556 3546 645; baseline -0.002 -21"><span class='ocrx_word' id='word_1_18' title='bbox 590 560 778 624; x_wconf 90' lang='lat' dir='ltr'>Prob.</span> <span class='ocrx_word' id='word_1_19' title='bbox 830 557 1074 624; x_wconf 87' lang='lat' dir='ltr'>Minor:</span> <span class='ocrx_word' id='word_1_20' title='bbox 1124 561 1275 644; x_wconf 87' lang='lat' dir='ltr'>quia</span> <span class='ocrx_word' id='word_1_21' title='bbox 1322 562 1490 645; x_wconf 91' lang='lat' dir='ltr'>apud</span> <span class='ocrx_word' id='word_1_22' title='bbox 1536 584 1755 626; x_wconf 90' lang='lat' dir='ltr'>omnes</span> <span class='ocrx_word' id='word_1_23' title='bbox 1800 561 1869 625; x_wconf 90' lang='lat' dir='ltr'>in</span> <span class='ocrx_word' id='word_1_24' title='bbox 1895 561 2179 626; x_wconf 90' lang='lat' dir='ltr'>confesso</span> <span class='ocrx_word' id='word_1_25' title='bbox 2206 566 2322 640; x_wconf 86' lang='lat' dir='ltr'>est,</span> <span class='ocrx_word' id='word_1_26' title='bbox 2349 562 2536 626; x_wconf 89' lang='lat' dir='ltr'>fidem</span> <span class='ocrx_word' id='word_1_27' title='bbox 2563 583 2700 626; x_wconf 90' lang='lat' dir='ltr'>esse</span> <span class='ocrx_word' id='word_1_28' title='bbox 2723 561 3028 624; x_wconf 80' lang='lat' dir='ltr'>virtutem</span> <span class='ocrx_word' id='word_1_29' title='bbox 3051 556 3546 642; x_wconf 75' lang='lat' dir='ltr'>theologicam3</span> 
     </span>
     <span class='ocr_line' id='line_1_4' title="bbox 592 638 3541 734; baseline -0.003 -20"><span class='ocrx_word' id='word_1_30' title='bbox 592 651 638 714; x_wconf 72' lang='grc'>81</span> <span class='ocrx_word' id='word_1_31' title='bbox 686 649 940 731; x_wconf 90' lang='lat' dir='ltr'>quidem</span> <span class='ocrx_word' id='word_1_32' title='bbox 988 672 1067 714; x_wconf 87' lang='lat' dir='ltr'>ex</span> <span class='ocrx_word' id='word_1_33' title='bbox 1110 650 1317 714; x_wconf 88' lang='lat' dir='ltr'>tribus</span> <span class='ocrx_word' id='word_1_34' title='bbox 1361 650 1743 734; x_wconf 76' lang='lat' dir='ltr'>capitalibus</span> <span class='ocrx_word' id='word_1_35' title='bbox 1776 651 2067 734; x_wconf 84' lang='lat' dir='ltr'><strong>primam.</strong></span> <span class='ocrx_word' id='word_1_36' title='bbox 2103 653 2126 712; x_wconf 92' lang='lat'>1</span> <span class='ocrx_word' id='word_1_37' title='bbox 2177 651 2452 716; x_wconf 80' lang='lat' dir='ltr'><strong><em>Corinth.</em></strong></span> <span class='ocrx_word' id='word_1_38' title='bbox 2485 651 2586 713; x_wconf 86' lang='lat'>13.</span> <span class='ocrx_word' id='word_1_39' title='bbox 2611 671 2668 713; x_wconf 86' lang='lat' dir='ltr'>v.</span> <span class='ocrx_word' id='word_1_40' title='bbox 2693 652 2806 715; x_wconf 81' lang='lat' dir='ltr'>ult.</span> <span class='ocrx_word' id='word_1_41' title='bbox 2836 648 3068 714; x_wconf 85' lang='lat' dir='ltr'>Confer</span> <span class='ocrx_word' id='word_1_42' title='bbox 3093 648 3132 709; x_wconf 86' lang='lat'><strong>2</strong></span> <span class='ocrx_word' id='word_1_43' title='bbox 3168 646 3354 711; x_wconf 87' lang='lat' dir='ltr'>Petr.</span> <span class='ocrx_word' id='word_1_44' title='bbox 3391 647 3454 708; x_wconf 92' lang='lat'>1.</span> <span class='ocrx_word' id='word_1_45' title='bbox 3481 638 3541 707; x_wconf 84' lang='lat'>3.</span> 
     </span>
     <span class='ocr_line' id='line_1_5' title="bbox 593 733 3542 824; baseline -0.002 -20"><span class='ocrx_word' id='word_1_46' title='bbox 593 740 729 804; x_wconf 82' lang='lat' dir='ltr'>Rat.</span> <span class='ocrx_word' id='word_1_47' title='bbox 784 737 952 816; x_wconf 83' lang='lat' dir='ltr'><em>Quia</em></span> <span class='ocrx_word' id='word_1_48' title='bbox 998 760 1215 803; x_wconf 85' lang='lat' dir='ltr'>omnes</span> <span class='ocrx_word' id='word_1_49' title='bbox 1270 741 1447 803; x_wconf 87' lang='lat' dir='ltr'>actus</span> <span class='ocrx_word' id='word_1_50' title='bbox 1502 739 1711 803; x_wconf 90' lang='lat' dir='ltr'>cultus</span> <span class='ocrx_word' id='word_1_51' title='bbox 1735 739 1976 818; x_wconf 85' lang='lat' dir='ltr'>&#39;divini,</span> <span class='ocrx_word' id='word_1_52' title='bbox 2033 740 2372 824; x_wconf 85' lang='lat' dir='ltr'>omniaque</span> <span class='ocrx_word' id='word_1_53' title='bbox 2396 739 2607 803; x_wconf 88' lang='lat' dir='ltr'>officia</span> <span class='ocrx_word' id='word_1_54' title='bbox 2637 738 2914 802; x_wconf 87' lang='lat' dir='ltr'>hominis</span> <span class='ocrx_word' id='word_1_55' title='bbox 2939 759 3094 822; x_wconf 87' lang='lat' dir='ltr'>erga</span> <span class='ocrx_word' id='word_1_56' title='bbox 3119 735 3367 812; x_wconf 81' lang='lat' dir='ltr'>Deum,</span> <span class='ocrx_word' id='word_1_57' title='bbox 3395 733 3542 818; x_wconf 74' lang='lat' dir='ltr'>lege</span> 
     </span>
     <span class='ocr_line' id='line_1_6' title="bbox 595 821 3543 912; baseline -0.002 -21"><span class='ocrx_word' id='word_1_58' title='bbox 595 826 1133 911; x_wconf 88' lang='lat' dir='ltr'>praescribuntur.</span> <span class='ocrx_word' id='word_1_59' title='bbox 1184 827 1387 911; x_wconf 86' lang='lat' dir='ltr'>Atqui</span> <span class='ocrx_word' id='word_1_60' title='bbox 1441 827 1595 892; x_wconf 90' lang='lat' dir='ltr'>fides</span> <span class='ocrx_word' id='word_1_61' title='bbox 1652 831 1749 891; x_wconf 91' lang='lat' dir='ltr'>est</span> <span class='ocrx_word' id='word_1_62' title='bbox 1794 831 1974 892; x_wconf 87' lang='lat' dir='ltr'>actus</span> <span class='ocrx_word' id='word_1_63' title='bbox 2020 829 2227 892; x_wconf 88' lang='lat' dir='ltr'>cultus</span> <span class='ocrx_word' id='word_1_64' title='bbox 2255 829 2471 906; x_wconf 87' lang='lat' dir='ltr'>divini,</span> <span class='ocrx_word' id='word_1_65' title='bbox 2499 829 2544 893; x_wconf 81' lang='lat'>&amp;</span> <span class='ocrx_word' id='word_1_66' title='bbox 2569 827 2823 910; x_wconf 87' lang='lat' dir='ltr'>quidem</span> <span class='ocrx_word' id='word_1_67' title='bbox 2849 826 2998 890; x_wconf 85' lang='lat' dir='ltr'>talis</span> <span class='ocrx_word' id='word_1_68' title='bbox 3025 826 3210 912; x_wconf 85' lang='lat' dir='ltr'>[pag.</span> <span class='ocrx_word' id='word_1_69' title='bbox 3245 822 3379 909; x_wconf 87' lang='lat'>26]</span> <span class='ocrx_word' id='word_1_70' title='bbox 3428 821 3543 905; x_wconf 88' lang='lat' dir='ltr'>qui</span> 
     </span>
     <span class='ocr_line' id='line_1_7' title="bbox 592 913 3540 1004; baseline -0.002 -26"><span class='ocrx_word' id='word_1_71' title='bbox 592 916 677 1004; x_wconf 77' lang='lat' dir='ltr'>sit</span> <span class='ocrx_word' id='word_1_72' title='bbox 708 915 909 989; x_wconf 84' lang='lat' dir='ltr'>radix,</span> <span class='ocrx_word' id='word_1_73' title='bbox 935 915 1339 999; x_wconf 88' lang='lat' dir='ltr'>principium,</span> <span class='ocrx_word' id='word_1_74' title='bbox 1364 915 1527 992; x_wconf 90' lang='lat' dir='ltr'>fons,</span> <span class='ocrx_word' id='word_1_75' title='bbox 1555 917 1689 980; x_wconf 85' lang='lat' dir='ltr'>vita</span> <span class='ocrx_word' id='word_1_76' title='bbox 1714 915 1996 980; x_wconf 88' lang='lat' dir='ltr'>omnium</span> <span class='ocrx_word' id='word_1_77' title='bbox 2023 917 2292 981; x_wconf 88' lang='lat' dir='ltr'>aliorum</span> <span class='ocrx_word' id='word_1_78' title='bbox 2325 921 2575 981; x_wconf 77' lang='lat' dir='ltr'>actuum</span> <span class='ocrx_word' id='word_1_79' title='bbox 2600 941 2614 993; x_wconf 91' lang='lat'><strong>;</strong></span> <span class='ocrx_word' id='word_1_80' title='bbox 2655 917 2792 980; x_wconf 87' lang='lat' dir='ltr'>sine</span> <span class='ocrx_word' id='word_1_81' title='bbox 2815 915 3048 999; x_wconf 89' lang='lat' dir='ltr'>quibus</span> <span class='ocrx_word' id='word_1_82' title='bbox 3079 913 3338 976; x_wconf 90' lang='lat' dir='ltr'>illinon</span> <span class='ocrx_word' id='word_1_83' title='bbox 3365 915 3540 986; x_wconf 82' lang='lat' dir='ltr'>sunt,</span> 
     </span>
     <span class='ocr_line' id='line_1_8' title="bbox 593 1000 3537 1090; baseline -0.003 -22"><span class='ocrx_word' id='word_1_84' title='bbox 593 1027 707 1068; x_wconf 91' lang='lat' dir='ltr'>nec</span> <span class='ocrx_word' id='word_1_85' title='bbox 753 1026 889 1068; x_wconf 89' lang='lat' dir='ltr'>esse</span> <span class='ocrx_word' id='word_1_86' title='bbox 935 1009 1219 1087; x_wconf 90' lang='lat' dir='ltr'>possunt.</span> <span class='ocrx_word' id='word_1_87' title='bbox 1266 1005 1452 1069; x_wconf 81' lang='lat' dir='ltr'>Hebr.</span> <span class='ocrx_word' id='word_1_88' title='bbox 1513 1007 1614 1068; x_wconf 95' lang='grc'>11.</span> <span class='ocrx_word' id='word_1_89' title='bbox 1648 1027 1761 1088; x_wconf 90' lang='lat' dir='ltr'>per</span> <span class='ocrx_word' id='word_1_90' title='bbox 1782 1008 2012 1083; x_wconf 83' lang='lat' dir='ltr'>totum,</span> <span class='ocrx_word' id='word_1_91' title='bbox 2038 1008 2084 1072; x_wconf 76' lang='grc'>81</span> <span class='ocrx_word' id='word_1_92' title='bbox 2115 1006 2366 1090; x_wconf 74' lang='lat' dir='ltr'>signate</span> <span class='ocrx_word' id='word_1_93' title='bbox 2392 1028 2451 1070; x_wconf 84' lang='lat' dir='ltr'>v.</span> <span class='ocrx_word' id='word_1_94' title='bbox 2480 1009 2538 1070; x_wconf 88' lang='grc'>6.</span> <span class='ocrx_word' id='word_1_95' title='bbox 2565 1006 2708 1069; x_wconf 90' lang='grc'><strong>6611.</strong></span> <span class='ocrx_word' id='word_1_96' title='bbox 2735 1027 2878 1070; x_wconf 84' lang='grc'><strong>611111</strong></span> <span class='ocrx_word' id='word_1_97' title='bbox 2905 1006 3083 1070; x_wconf 82' lang='lat' dir='ltr'>Rom.</span> <span class='ocrx_word' id='word_1_98' title='bbox 3113 1002 3218 1065; x_wconf 81' lang='lat'>14.</span> <span class='ocrx_word' id='word_1_99' title='bbox 3243 1021 3302 1064; x_wconf 84' lang='lat' dir='ltr'>v.</span> <span class='ocrx_word' id='word_1_100' title='bbox 3337 1000 3450 1064; x_wconf 85' lang='lat'>23.</span> <span class='ocrx_word' id='word_1_101' title='bbox 3478 1000 3537 1061; x_wconf 87' lang='grc'>4.</span> 
     </span>
     <span class='ocr_line' id='line_1_9' title="bbox 598 1087 3536 1174; baseline -0.002 -16"><span class='ocrx_word' id='word_1_102' title='bbox 598 1095 737 1158; x_wconf 83' lang='lat' dir='ltr'>Bat.</span> <span class='ocrx_word' id='word_1_103' title='bbox 787 1091 951 1167; x_wconf 82' lang='lat' dir='ltr'>Quia</span> <span class='ocrx_word' id='word_1_104' title='bbox 998 1093 1337 1157; x_wconf 75' lang='lat' dir='ltr'>essentiale</span> <span class='ocrx_word' id='word_1_105' title='bbox 1390 1094 1819 1158; x_wconf 80' lang='lat' dir='ltr'>concomitans</span> <span class='ocrx_word' id='word_1_106' title='bbox 1846 1115 1958 1157; x_wconf 92' lang='lat' dir='ltr'>seu</span> <span class='ocrx_word' id='word_1_107' title='bbox 1981 1095 2451 1159; x_wconf 83' lang='lat' dir='ltr'>consecutivum</span> <span class='ocrx_word' id='word_1_108' title='bbox 2475 1093 2644 1173; x_wconf 91' lang='lat' dir='ltr'>fidei,</span> <span class='ocrx_word' id='word_1_109' title='bbox 2669 1093 2900 1158; x_wconf 88' lang='lat' dir='ltr'>fiducia</span> <span class='ocrx_word' id='word_1_110' title='bbox 2923 1093 3084 1171; x_wconf 77' lang='grc'><strong>3611,</strong></span> <span class='ocrx_word' id='word_1_111' title='bbox 3109 1090 3256 1174; x_wconf 90' lang='grc'><strong>1636</strong></span> <span class='ocrx_word' id='word_1_112' title='bbox 3276 1087 3536 1172; x_wconf 83' lang='lat' dir='ltr'>praeci-</span> 
     </span>
     <span class='ocr_line' id='line_1_10' title="bbox 595 1181 2398 1266; baseline 0.002 -22"><span class='ocrx_word' id='word_1_113' title='bbox 595 1181 787 1265; x_wconf 91' lang='lat' dir='ltr'>pitur.</span> <span class='ocrx_word' id='word_1_114' title='bbox 834 1181 1009 1266; x_wconf 83' lang='lat' dir='ltr'>Ergo</span> <span class='ocrx_word' id='word_1_115' title='bbox 1032 1182 1079 1246; x_wconf 69' lang='grc'>81</span> <span class='ocrx_word' id='word_1_116' title='bbox 1102 1181 1241 1264; x_wconf 89' lang='lat' dir='ltr'>ipsa</span> <span class='ocrx_word' id='word_1_117' title='bbox 1264 1182 1439 1246; x_wconf 80' lang='lat' dir='ltr'>fides,</span> <span class='ocrx_word' id='word_1_118' title='bbox 2391 1217 2398 1222; x_wconf 95' lang='lat'>·</span> 
     </span>
    </p>

    <p class='ocr_par' dir='ltr' id='par_1_3' title="bbox 595 1269 3534 1533">
     <span class='ocr_line' id='line_1_11' title="bbox 685 1269 3534 1353; baseline -0.001 -19"><span class='ocrx_word' id='word_1_119' title='bbox 685 1270 999 1335; x_wconf 64' lang='lat' dir='ltr'>Ira-stantia</span> <span class='ocrx_word' id='word_1_120' title='bbox 1050 1271 1105 1332; x_wconf 91' lang='lat'>1.</span> <span class='ocrx_word' id='word_1_121' title='bbox 1157 1269 1357 1353; x_wconf 91' lang='lat' dir='ltr'>Atqui</span> <span class='ocrx_word' id='word_1_122' title='bbox 1406 1275 1651 1336; x_wconf 82' lang='lat' dir='ltr'>exserte</span> <span class='ocrx_word' id='word_1_123' title='bbox 1699 1295 1824 1337; x_wconf 91' lang='lat' dir='ltr'>non</span> <span class='ocrx_word' id='word_1_124' title='bbox 1874 1273 2026 1336; x_wconf 81' lang='lat' dir='ltr'>(licit</span> <span class='ocrx_word' id='word_1_125' title='bbox 2064 1273 2186 1348; x_wconf 88' lang='lat' dir='ltr'>lex,</span> <span class='ocrx_word' id='word_1_126' title='bbox 2227 1273 2607 1338; x_wconf 87' lang='lat' dir='ltr'>credendum</span> <span class='ocrx_word' id='word_1_127' title='bbox 2630 1273 2696 1335; x_wconf 90' lang='lat' dir='ltr'>iu</span> <span class='ocrx_word' id='word_1_128' title='bbox 2728 1271 3060 1337; x_wconf 84' lang='lat' dir='ltr'>Christum</span> <span class='ocrx_word' id='word_1_129' title='bbox 3084 1269 3534 1336; x_wconf 76' lang='lat' dir='ltr'>Mediatorem.</span> 
     </span>
     <span class='ocr_line' id='line_1_12' title="bbox 600 1357 3530 1446; baseline -0.002 -21"><span class='ocrx_word' id='word_1_130' title='bbox 600 1361 779 1442; x_wconf 78' lang='lat' dir='ltr'>Hesp.</span> <span class='ocrx_word' id='word_1_131' title='bbox 804 1357 1009 1442; x_wconf 81' lang='lat' dir='ltr'>siper</span> <span class='ocrx_word' id='word_1_132' title='bbox 1034 1359 1243 1444; x_wconf 84' lang='lat' dir='ltr'>legem</span> <span class='ocrx_word' id='word_1_133' title='bbox 1275 1360 1587 1445; x_wconf 85' lang='lat' dir='ltr'>intelligis</span> <span class='ocrx_word' id='word_1_134' title='bbox 1614 1382 1928 1424; x_wconf 89' lang='lat' dir='ltr'>summam</span> <span class='ocrx_word' id='word_1_135' title='bbox 1954 1361 2138 1445; x_wconf 82' lang='lat' dir='ltr'>legis,</span> <span class='ocrx_word' id='word_1_136' title='bbox 2166 1385 2359 1445; x_wconf 89' lang='lat' dir='ltr'>quam</span> <span class='ocrx_word' id='word_1_137' title='bbox 2383 1361 2754 1446; x_wconf 84' lang='lat' dir='ltr'>decalogum</span> <span class='ocrx_word' id='word_1_138' title='bbox 2778 1383 3099 1438; x_wconf 78' lang='lat' dir='ltr'>vocamuS,</span> <span class='ocrx_word' id='word_1_139' title='bbox 3125 1357 3530 1425; x_wconf 75' lang='lat' dir='ltr'>concedimus</span> 
     </span>
     <span class='ocr_line' id='line_1_13' title="bbox 595 1447 3526 1533; baseline -0.001 -22"><span class='ocrx_word' id='word_1_140' title='bbox 595 1447 728 1512; x_wconf 89' lang='lat' dir='ltr'>illic</span> <span class='ocrx_word' id='word_1_141' title='bbox 768 1451 1012 1512; x_wconf 81' lang='lat' dir='ltr'>exserte</span> <span class='ocrx_word' id='word_1_142' title='bbox 1059 1469 1185 1511; x_wconf 87' lang='lat' dir='ltr'>non</span> <span class='ocrx_word' id='word_1_143' title='bbox 1217 1448 1521 1532; x_wconf 84' lang='lat' dir='ltr'>praecipi,</span> <span class='ocrx_word' id='word_1_144' title='bbox 1554 1453 1625 1512; x_wconf 88' lang='lat' dir='ltr'>ut</span> <span class='ocrx_word' id='word_1_145' title='bbox 1650 1472 1763 1513; x_wconf 89' lang='grc'><strong>1166</strong></span> <span class='ocrx_word' id='word_1_146' title='bbox 1787 1454 2084 1513; x_wconf 87' lang='lat' dir='ltr'>sexcenta</span> <span class='ocrx_word' id='word_1_147' title='bbox 2107 1451 2252 1525; x_wconf 88' lang='lat' dir='ltr'>alia,</span> <span class='ocrx_word' id='word_1_148' title='bbox 2279 1472 2444 1533; x_wconf 89' lang='lat' dir='ltr'>quae</span> <span class='ocrx_word' id='word_1_149' title='bbox 2469 1454 2686 1514; x_wconf 87' lang='lat' dir='ltr'>tamen</span> <span class='ocrx_word' id='word_1_150' title='bbox 2710 1454 2784 1514; x_wconf 77' lang='lat' dir='ltr'>eo</span> <span class='ocrx_word' id='word_1_151' title='bbox 2809 1471 2922 1532; x_wconf 87' lang='lat' dir='ltr'>per</span> <span class='ocrx_word' id='word_1_152' title='bbox 2946 1449 3316 1533; x_wconf 85' lang='lat' dir='ltr'>analogiam</span> <span class='ocrx_word' id='word_1_153' title='bbox 3341 1447 3526 1510; x_wconf 83' lang='lat' dir='ltr'>redu-</span> 
     </span>
    </p>

    <p class='ocr_par' dir='ltr' id='par_1_4' title="bbox 576 1535 3528 1710">
     <span class='ocr_line' id='line_1_14' title="bbox 576 1535 3528 1622; baseline 0.001 -27"><span class='ocrx_word' id='word_1_154' title='bbox 576 1542 843 1614; x_wconf 72' lang='lat' dir='ltr'>cuntur,</span> <span class='ocrx_word' id='word_1_155' title='bbox 872 1541 983 1600; x_wconf 89' lang='lat' dir='ltr'>aut</span> <span class='ocrx_word' id='word_1_156' title='bbox 1007 1539 1313 1621; x_wconf 87' lang='lat' dir='ltr'>tanquam</span> <span class='ocrx_word' id='word_1_157' title='bbox 1338 1559 1563 1601; x_wconf 90' lang='lat' dir='ltr'>causae</span> <span class='ocrx_word' id='word_1_158' title='bbox 1590 1539 1667 1600; x_wconf 89' lang='lat' dir='ltr'>ad</span> <span class='ocrx_word' id='word_1_159' title='bbox 1694 1539 1918 1602; x_wconf 85' lang='lat' dir='ltr'>effecta</span> <span class='ocrx_word' id='word_1_160' title='bbox 1939 1539 1986 1603; x_wconf 73' lang='grc'>81</span> <span class='ocrx_word' id='word_1_161' title='bbox 2011 1539 2141 1602; x_wconf 78' lang='lat' dir='ltr'>vice</span> <span class='ocrx_word' id='word_1_162' title='bbox 2167 1561 2367 1617; x_wconf 80' lang='lat' dir='ltr'>versa,</span> <span class='ocrx_word' id='word_1_163' title='bbox 2394 1543 2506 1603; x_wconf 89' lang='lat' dir='ltr'>aut</span> <span class='ocrx_word' id='word_1_164' title='bbox 2523 1544 2830 1622; x_wconf 79' lang='lat' dir='ltr'>tanquam</span> <span class='ocrx_word' id='word_1_165' title='bbox 2847 1538 3262 1621; x_wconf 86' lang='lat' dir='ltr'>particularia</span> <span class='ocrx_word' id='word_1_166' title='bbox 3279 1535 3410 1600; x_wconf 87' lang='lat' dir='ltr'>sub</span> <span class='ocrx_word' id='word_1_167' title='bbox 3427 1557 3528 1620; x_wconf 86' lang='lat' dir='ltr'>ge-</span> 
     </span>
     <span class='ocr_line' id='line_1_15' title="bbox 592 1625 3526 1710; baseline -0.001 -22"><span class='ocrx_word' id='word_1_168' title='bbox 592 1625 916 1688; x_wconf 85' lang='lat' dir='ltr'>neralibus</span> <span class='ocrx_word' id='word_1_169' title='bbox 940 1625 1415 1703; x_wconf 76' lang='lat' dir='ltr'>subsumantur,</span> <span class='ocrx_word' id='word_1_170' title='bbox 1436 1648 1633 1708; x_wconf 90' lang='lat' dir='ltr'>eoque</span> <span class='ocrx_word' id='word_1_171' title='bbox 1648 1626 2074 1691; x_wconf 87' lang='lat' dir='ltr'>continentur.</span> <span class='ocrx_word' id='word_1_172' title='bbox 2099 1625 2272 1691; x_wconf 88' lang='lat' dir='ltr'>Nota</span> <span class='ocrx_word' id='word_1_173' title='bbox 2289 1632 2385 1692; x_wconf 89' lang='lat' dir='ltr'>est</span> <span class='ocrx_word' id='word_1_174' title='bbox 2403 1627 2736 1692; x_wconf 87' lang='lat' dir='ltr'>methodus</span> <span class='ocrx_word' id='word_1_175' title='bbox 2755 1627 3116 1710; x_wconf 86' lang='lat' dir='ltr'>explicandi</span> <span class='ocrx_word' id='word_1_176' title='bbox 3133 1625 3526 1708; x_wconf 82' lang='lat' dir='ltr'>decalogum.</span> 
     </span>
    </p>

    <p class='ocr_par' dir='ltr' id='par_1_5' title="bbox 592 1711 3525 2421">
     <span class='ocr_line' id='line_1_16' title="bbox 682 1711 3524 1799; baseline -0.001 -21"><span class='ocrx_word' id='word_1_177' title='bbox 682 1715 949 1778; x_wconf 77' lang='lat' dir='ltr'>Instant.</span> <span class='ocrx_word' id='word_1_178' title='bbox 1001 1715 1059 1776; x_wconf 80' lang='lat'>2.</span> <span class='ocrx_word' id='word_1_179' title='bbox 1111 1711 1179 1776; x_wconf 82' lang='lat' dir='ltr'>Si</span> <span class='ocrx_word' id='word_1_180' title='bbox 1211 1713 1365 1777; x_wconf 89' lang='lat' dir='ltr'>fides</span> <span class='ocrx_word' id='word_1_181' title='bbox 1407 1715 1551 1799; x_wconf 86' lang='lat' dir='ltr'>lege</span> <span class='ocrx_word' id='word_1_182' title='bbox 1598 1716 2088 1798; x_wconf 86' lang='lat' dir='ltr'>praeciperetur,</span> <span class='ocrx_word' id='word_1_183' title='bbox 2143 1719 2280 1780; x_wconf 89' lang='lat' dir='ltr'>tum</span> <span class='ocrx_word' id='word_1_184' title='bbox 2337 1717 2532 1780; x_wconf 88' lang='lat' dir='ltr'>etiam</span> <span class='ocrx_word' id='word_1_185' title='bbox 2579 1738 2795 1780; x_wconf 87' lang='lat' dir='ltr'>omnes</span> <span class='ocrx_word' id='word_1_186' title='bbox 2841 1715 2989 1778; x_wconf 89' lang='lat' dir='ltr'>fidei</span> <span class='ocrx_word' id='word_1_187' title='bbox 3016 1713 3270 1778; x_wconf 90' lang='lat' dir='ltr'>articuli</span> <span class='ocrx_word' id='word_1_188' title='bbox 3301 1713 3524 1776; x_wconf 82' lang='lat' dir='ltr'>eadem</span> 
     </span>
     <span class='ocr_line' id='line_1_17' title="bbox 595 1801 3522 1888; baseline 0 -24"><span class='ocrx_word' id='word_1_189' title='bbox 595 1802 737 1886; x_wconf 85' lang='grc'><strong>1636</strong></span> <span class='ocrx_word' id='word_1_190' title='bbox 762 1801 1293 1886; x_wconf 86' lang='lat' dir='ltr'>praeciperentur.</span> <span class='ocrx_word' id='word_1_191' title='bbox 1344 1801 1471 1866; x_wconf 88' lang='lat' dir='ltr'>Sed</span> <span class='ocrx_word' id='word_1_192' title='bbox 1504 1803 1817 1886; x_wconf 82' lang='lat' dir='ltr'>posterius</span> <span class='ocrx_word' id='word_1_193' title='bbox 1852 1808 1949 1868; x_wconf 87' lang='lat' dir='ltr'>est</span> <span class='ocrx_word' id='word_1_194' title='bbox 1973 1803 2237 1868; x_wconf 85' lang='lat' dir='ltr'>falsum:</span> <span class='ocrx_word' id='word_1_195' title='bbox 2292 1805 2444 1887; x_wconf 88' lang='lat' dir='ltr'>quia</span> <span class='ocrx_word' id='word_1_196' title='bbox 2490 1805 2658 1888; x_wconf 90' lang='lat' dir='ltr'>quod</span> <span class='ocrx_word' id='word_1_197' title='bbox 2681 1803 3074 1887; x_wconf 87' lang='lat' dir='ltr'>praecipitur</span> <span class='ocrx_word' id='word_1_198' title='bbox 3106 1803 3262 1866; x_wconf 86' lang='lat' dir='ltr'>illud</span> <span class='ocrx_word' id='word_1_199' title='bbox 3289 1823 3522 1885; x_wconf 85' lang='lat' dir='ltr'>propo-</span> 
     </span>
     <span class='ocr_line' id='line_1_18' title="bbox 593 1889 3525 1976; baseline 0 -24"><span class='ocrx_word' id='word_1_200' title='bbox 593 1890 769 1954; x_wconf 89' lang='lat' dir='ltr'>nitur</span> <span class='ocrx_word' id='word_1_201' title='bbox 816 1891 862 1955; x_wconf 83' lang='lat'><strong>&amp;</strong></span> <span class='ocrx_word' id='word_1_202' title='bbox 911 1889 1283 1972; x_wconf 86' lang='lat' dir='ltr'>explicatur.</span> <span class='ocrx_word' id='word_1_203' title='bbox 1334 1889 1535 1974; x_wconf 88' lang='lat' dir='ltr'>Atqui</span> <span class='ocrx_word' id='word_1_204' title='bbox 1582 1891 1835 1956; x_wconf 87' lang='lat' dir='ltr'>articuli</span> <span class='ocrx_word' id='word_1_205' title='bbox 1883 1893 2028 1956; x_wconf 84' lang='lat' dir='ltr'>fidei</span> <span class='ocrx_word' id='word_1_206' title='bbox 2077 1893 2150 1957; x_wconf 88' lang='lat' dir='ltr'>de</span> <span class='ocrx_word' id='word_1_207' title='bbox 2197 1894 2402 1958; x_wconf 84' lang='lat' dir='ltr'>salute</span> <span class='ocrx_word' id='word_1_208' title='bbox 2441 1916 2554 1975; x_wconf 88' lang='lat' dir='ltr'>per</span> <span class='ocrx_word' id='word_1_209' title='bbox 2578 1892 2904 1958; x_wconf 87' lang='lat' dir='ltr'>Christum</span> <span class='ocrx_word' id='word_1_210' title='bbox 2936 1913 3066 1956; x_wconf 93' lang='lat' dir='ltr'>non</span> <span class='ocrx_word' id='word_1_211' title='bbox 3092 1895 3525 1976; x_wconf 77' lang='lat' dir='ltr'>proponuntur</span> 
     </span>
     <span class='ocr_line' id='line_1_19' title="bbox 595 1977 3523 2066; baseline -0 -24"><span class='ocrx_word' id='word_1_212' title='bbox 595 1978 759 2063; x_wconf 86' lang='grc'><strong>1636,</strong></span> <span class='ocrx_word' id='word_1_213' title='bbox 802 1979 909 2044; x_wconf 89' lang='lat' dir='ltr'>sed</span> <span class='ocrx_word' id='word_1_214' title='bbox 957 1977 1335 2063; x_wconf 82' lang='lat' dir='ltr'>EuangeliO.</span> <span class='ocrx_word' id='word_1_215' title='bbox 1384 1977 1580 2064; x_wconf 85' lang='lat' dir='ltr'>ErgO.</span> <span class='ocrx_word' id='word_1_216' title='bbox 1616 1982 1795 2064; x_wconf 81' lang='lat' dir='ltr'>Resp.</span> <span class='ocrx_word' id='word_1_217' title='bbox 1828 1983 2277 2066; x_wconf 88' lang='lat' dir='ltr'>consequentia</span> <span class='ocrx_word' id='word_1_218' title='bbox 2305 1983 2451 2066; x_wconf 73' lang='lat' dir='ltr'>Ney.</span> <span class='ocrx_word' id='word_1_219' title='bbox 2503 1980 2667 2057; x_wconf 83' lang='lat' dir='ltr'>Quia</span> <span class='ocrx_word' id='word_1_220' title='bbox 2691 1980 2865 2046; x_wconf 89' lang='lat' dir='ltr'>aliud</span> <span class='ocrx_word' id='word_1_221' title='bbox 2889 1984 2990 2044; x_wconf 90' lang='lat' dir='ltr'>est</span> <span class='ocrx_word' id='word_1_222' title='bbox 3011 1979 3186 2057; x_wconf 84' lang='lat' dir='ltr'>fides,</span> <span class='ocrx_word' id='word_1_223' title='bbox 3212 1979 3392 2043; x_wconf 86' lang='lat' dir='ltr'>aliud</span> <span class='ocrx_word' id='word_1_224' title='bbox 3415 1978 3523 2042; x_wconf 78' lang='lat' dir='ltr'>ob-</span> 
     </span>
     <span class='ocr_line' id='line_1_20' title="bbox 592 2066 3522 2154; baseline -0.001 -22"><span class='ocrx_word' id='word_1_225' title='bbox 592 2069 824 2150; x_wconf 86' lang='lat' dir='ltr'>jectum</span> <span class='ocrx_word' id='word_1_226' title='bbox 876 2066 1044 2146; x_wconf 91' lang='lat' dir='ltr'>fidei,</span> <span class='ocrx_word' id='word_1_227' title='bbox 1095 2067 1545 2151; x_wconf 86' lang='lat' dir='ltr'>promissiones</span> <span class='ocrx_word' id='word_1_228' title='bbox 1592 2069 1730 2133; x_wconf 89' lang='lat' dir='ltr'>scil.</span> <span class='ocrx_word' id='word_1_229' title='bbox 1775 2070 2138 2154; x_wconf 85' lang='lat' dir='ltr'>Euangelii,</span> <span class='ocrx_word' id='word_1_230' title='bbox 2172 2091 2332 2153; x_wconf 86' lang='lat' dir='ltr'>quae</span> <span class='ocrx_word' id='word_1_231' title='bbox 2357 2075 2506 2134; x_wconf 89' lang='lat' dir='ltr'>sunt</span> <span class='ocrx_word' id='word_1_232' title='bbox 2540 2071 2836 2134; x_wconf 84' lang='lat' dir='ltr'>veritates</span> <span class='ocrx_word' id='word_1_233' title='bbox 2863 2068 3171 2133; x_wconf 82' lang='lat' dir='ltr'>divinitus</span> <span class='ocrx_word' id='word_1_234' title='bbox 3187 2067 3522 2144; x_wconf 76' lang='lat' dir='ltr'>revelatae,</span> 
     </span>
     <span class='ocr_line' id='line_1_21' title="bbox 597 2154 3516 2243; baseline -0.002 -20"><span class='ocrx_word' id='word_1_235' title='bbox 597 2158 642 2223; x_wconf 80' lang='lat'>&amp;</span> <span class='ocrx_word' id='word_1_236' title='bbox 682 2160 1138 2239; x_wconf 86' lang='lat' dir='ltr'>consequenter</span> <span class='ocrx_word' id='word_1_237' title='bbox 1168 2155 1289 2219; x_wconf 89' lang='lat' dir='ltr'>fide</span> <span class='ocrx_word' id='word_1_238' title='bbox 1326 2156 1541 2220; x_wconf 86' lang='lat' dir='ltr'>divina</span> <span class='ocrx_word' id='word_1_239' title='bbox 1586 2159 1953 2222; x_wconf 89' lang='lat' dir='ltr'>credendae.</span> <span class='ocrx_word' id='word_1_240' title='bbox 1999 2158 2190 2223; x_wconf 89' lang='lat' dir='ltr'>Fides</span> <span class='ocrx_word' id='word_1_241' title='bbox 2235 2159 2623 2243; x_wconf 88' lang='lat' dir='ltr'>praecipitur</span> <span class='ocrx_word' id='word_1_242' title='bbox 2654 2159 2830 2243; x_wconf 77' lang='lat' dir='ltr'>lege3</span> <span class='ocrx_word' id='word_1_243' title='bbox 2855 2157 3178 2240; x_wconf 87' lang='lat' dir='ltr'>objectum</span> <span class='ocrx_word' id='word_1_244' title='bbox 3198 2154 3342 2220; x_wconf 81' lang='lat' dir='ltr'>fidei</span> <span class='ocrx_word' id='word_1_245' title='bbox 3369 2155 3436 2218; x_wconf 91' lang='lat' dir='ltr'>h.</span> <span class='ocrx_word' id='word_1_246' title='bbox 3469 2177 3516 2219; x_wconf 83' lang='lat' dir='ltr'>e.</span> 
     </span>
     <span class='ocr_line' id='line_1_22' title="bbox 595 2243 3520 2331; baseline -0 -22"><span class='ocrx_word' id='word_1_247' title='bbox 595 2244 1046 2329; x_wconf 88' lang='lat' dir='ltr'>promissiones</span> <span class='ocrx_word' id='word_1_248' title='bbox 1081 2243 1229 2308; x_wconf 86' lang='lat' dir='ltr'>novi</span> <span class='ocrx_word' id='word_1_249' title='bbox 1252 2243 1523 2309; x_wconf 83' lang='lat' dir='ltr'>foederis</span> <span class='ocrx_word' id='word_1_250' title='bbox 1555 2247 1920 2311; x_wconf 85' lang='lat' dir='ltr'>revelantur</span> <span class='ocrx_word' id='word_1_251' title='bbox 1945 2247 1988 2311; x_wconf 81' lang='lat'>&amp;</span> <span class='ocrx_word' id='word_1_252' title='bbox 2007 2253 2445 2330; x_wconf 87' lang='lat' dir='ltr'>proponuntur</span> <span class='ocrx_word' id='word_1_253' title='bbox 2468 2247 2534 2310; x_wconf 92' lang='lat' dir='ltr'>in</span> <span class='ocrx_word' id='word_1_254' title='bbox 2559 2245 2949 2331; x_wconf 79' lang='lat' dir='ltr'>Euangeli03</span> <span class='ocrx_word' id='word_1_255' title='bbox 2990 2267 3118 2311; x_wconf 89' lang='grc'><strong>11611</strong></span> <span class='ocrx_word' id='word_1_256' title='bbox 3142 2246 3206 2309; x_wconf 85' lang='grc'>111</span> <span class='ocrx_word' id='word_1_257' title='bbox 3230 2245 3404 2328; x_wconf 86' lang='lat' dir='ltr'>lege:</span> <span class='ocrx_word' id='word_1_258' title='bbox 3431 2243 3520 2308; x_wconf 79' lang='lat' dir='ltr'>uti</span> 
     </span>
     <span class='ocr_line' id='line_1_23' title="bbox 594 2332 2190 2421; baseline -0.001 -21"><span class='ocrx_word' id='word_1_259' title='bbox 594 2355 701 2421; x_wconf 81' lang='lat' dir='ltr'>qu.</span> <span class='ocrx_word' id='word_1_260' title='bbox 735 2333 835 2396; x_wconf 87' lang='lat'>19.</span> <span class='ocrx_word' id='word_1_261' title='bbox 868 2332 931 2398; x_wconf 73' lang='grc' dir='ltr'>ἃ·</span> <span class='ocrx_word' id='word_1_262' title='bbox 957 2335 1060 2396; x_wconf 84' lang='grc'><strong>22.</strong></span> <span class='ocrx_word' id='word_1_263' title='bbox 1084 2333 1369 2398; x_wconf 71' lang='grc'><strong>6616131168.</strong></span> <span class='ocrx_word' id='word_1_264' title='bbox 1394 2338 1650 2398; x_wconf 88' lang='lat' dir='ltr'>nostrae</span> <span class='ocrx_word' id='word_1_265' title='bbox 1674 2334 1793 2398; x_wconf 91' lang='lat' dir='ltr'>hoc</span> <span class='ocrx_word' id='word_1_266' title='bbox 1817 2336 2190 2419; x_wconf 85' lang='lat' dir='ltr'>explicatur.</span> 
     </span>
    </p>

    <p class='ocr_par' dir='ltr' id='par_1_6' title="bbox 595 2420 3518 2953">
     <span class='ocr_line' id='line_1_24' title="bbox 684 2420 3518 2508; baseline 0 -21"><span class='ocrx_word' id='word_1_267' title='bbox 684 2420 766 2487; x_wconf 91' lang='lat' dir='ltr'>II.</span> <span class='ocrx_word' id='word_1_268' title='bbox 824 2424 1045 2508; x_wconf 81' lang='lat' dir='ltr'>object.</span> <span class='ocrx_word' id='word_1_269' title='bbox 1091 2421 1527 2506; x_wconf 86' lang='lat' dir='ltr'>Euangelium</span> <span class='ocrx_word' id='word_1_270' title='bbox 1566 2422 1888 2507; x_wconf 87' lang='lat' dir='ltr'>promittit</span> <span class='ocrx_word' id='word_1_271' title='bbox 1933 2424 2051 2489; x_wconf 92' lang='lat' dir='ltr'>sub</span> <span class='ocrx_word' id='word_1_272' title='bbox 2100 2423 2490 2489; x_wconf 86' lang='lat' dir='ltr'>conditione:</span> <span class='ocrx_word' id='word_1_273' title='bbox 2539 2423 2813 2489; x_wconf 88' lang='lat' dir='ltr'>conditio</span> <span class='ocrx_word' id='word_1_274' title='bbox 2852 2427 3070 2489; x_wconf 87' lang='lat' dir='ltr'>autem</span> <span class='ocrx_word' id='word_1_275' title='bbox 3095 2423 3208 2487; x_wconf 88' lang='lat' dir='ltr'>illa</span> <span class='ocrx_word' id='word_1_276' title='bbox 3229 2425 3324 2487; x_wconf 88' lang='lat' dir='ltr'>est</span> <span class='ocrx_word' id='word_1_277' title='bbox 3343 2421 3518 2499; x_wconf 73' lang='lat' dir='ltr'>fides,</span> 
     </span>
     <span class='ocr_line' id='line_1_25' title="bbox 596 2512 3518 2598; baseline -0.001 -21"><span class='ocrx_word' id='word_1_278' title='bbox 596 2534 788 2598; x_wconf 89' lang='lat' dir='ltr'>quam</span> <span class='ocrx_word' id='word_1_279' title='bbox 816 2512 1129 2596; x_wconf 87' lang='lat' dir='ltr'>postulat:</span> <span class='ocrx_word' id='word_1_280' title='bbox 1160 2531 1310 2595; x_wconf 87' lang='lat' dir='ltr'>ergo</span> <span class='ocrx_word' id='word_1_281' title='bbox 1334 2513 1598 2576; x_wconf 89' lang='lat' dir='ltr'>eandem</span> <span class='ocrx_word' id='word_1_282' title='bbox 1620 2513 1954 2596; x_wconf 85' lang='lat' dir='ltr'>praecipit.</span> <span class='ocrx_word' id='word_1_283' title='bbox 2002 2515 2182 2597; x_wconf 79' lang='lat' dir='ltr'>Resp.</span> <span class='ocrx_word' id='word_1_284' title='bbox 2229 2512 2514 2596; x_wconf 77' lang='lat' dir='ltr'>Proprie,</span> <span class='ocrx_word' id='word_1_285' title='bbox 2564 2514 2819 2591; x_wconf 87' lang='lat' dir='ltr'>directe,</span> <span class='ocrx_word' id='word_1_286' title='bbox 2857 2512 2904 2577; x_wconf 66' lang='grc'>81</span> <span class='ocrx_word' id='word_1_287' title='bbox 2950 2512 3303 2577; x_wconf 78' lang='lat' dir='ltr'>formaliter</span> <span class='ocrx_word' id='word_1_288' title='bbox 3337 2534 3518 2595; x_wconf 81' lang='lat' dir='ltr'>prae-</span> 
     </span>
     <span class='ocr_line' id='line_1_26' title="bbox 598 2598 3514 2685; baseline -0.002 -18"><span class='ocrx_word' id='word_1_289' title='bbox 598 2604 849 2685; x_wconf 89' lang='lat' dir='ltr'>ceptum</span> <span class='ocrx_word' id='word_1_290' title='bbox 901 2600 1066 2685; x_wconf 85' lang='lat' dir='ltr'>legis</span> <span class='ocrx_word' id='word_1_291' title='bbox 1098 2598 1249 2663; x_wconf 89' lang='lat' dir='ltr'>dicit</span> <span class='ocrx_word' id='word_1_292' title='bbox 1302 2622 1429 2664; x_wconf 89' lang='lat' dir='ltr'>non</span> <span class='ocrx_word' id='word_1_293' title='bbox 1478 2602 1713 2665; x_wconf 88' lang='lat' dir='ltr'>nudam</span> <span class='ocrx_word' id='word_1_294' title='bbox 1745 2601 2278 2685; x_wconf 77' lang='lat' dir='ltr'>propositionem,</span> <span class='ocrx_word' id='word_1_295' title='bbox 2320 2606 2433 2666; x_wconf 89' lang='lat' dir='ltr'>aut</span> <span class='ocrx_word' id='word_1_296' title='bbox 2471 2602 2978 2685; x_wconf 84' lang='lat' dir='ltr'>explicationem.</span> <span class='ocrx_word' id='word_1_297' title='bbox 3006 2604 3120 2664; x_wconf 87' lang='lat' dir='ltr'>aut</span> <span class='ocrx_word' id='word_1_298' title='bbox 3143 2600 3514 2664; x_wconf 84' lang='lat' dir='ltr'>additionem</span> 
     </span>
     <span class='ocr_line' id='line_1_27' title="bbox 595 2688 3514 2774; baseline -0.002 -19"><span class='ocrx_word' id='word_1_299' title='bbox 595 2689 1009 2771; x_wconf 79' lang='lat' dir='ltr'>comlitionis3</span> <span class='ocrx_word' id='word_1_300' title='bbox 1044 2689 1153 2753; x_wconf 88' lang='lat' dir='ltr'>sed</span> <span class='ocrx_word' id='word_1_301' title='bbox 1176 2688 1372 2752; x_wconf 87' lang='lat' dir='ltr'>officii</span> <span class='ocrx_word' id='word_1_302' title='bbox 1395 2689 1981 2772; x_wconf 84' lang='lat' dir='ltr'>praescriptionem.</span> <span class='ocrx_word' id='word_1_303' title='bbox 2030 2689 2073 2757; x_wconf 85' lang='lat' dir='ltr'><strong>J</strong></span> <span class='ocrx_word' id='word_1_304' title='bbox 2077 2713 2180 2754; x_wconf 89' lang='lat' dir='ltr'>am</span> <span class='ocrx_word' id='word_1_305' title='bbox 2209 2712 2356 2754; x_wconf 85' lang='lat' dir='ltr'>vero</span> <span class='ocrx_word' id='word_1_306' title='bbox 2403 2688 2832 2774; x_wconf 87' lang='lat' dir='ltr'>Euangelium</span> <span class='ocrx_word' id='word_1_307' title='bbox 2865 2690 3088 2754; x_wconf 87' lang='lat' dir='ltr'>stricte</span> <span class='ocrx_word' id='word_1_308' title='bbox 3111 2690 3362 2763; x_wconf 84' lang='lat' dir='ltr'>dictum,</span> <span class='ocrx_word' id='word_1_309' title='bbox 3391 2692 3462 2751; x_wconf 85' lang='lat' dir='ltr'>ut</span> <span class='ocrx_word' id='word_1_310' title='bbox 3481 2690 3514 2750; x_wconf 73' lang='grc'>11</span> 
     </span>
     <span class='ocr_line' id='line_1_28' title="bbox 597 2776 3514 2863; baseline -0.001 -21"><span class='ocrx_word' id='word_1_311' title='bbox 597 2779 740 2863; x_wconf 90' lang='grc'><strong>1636</strong></span> <span class='ocrx_word' id='word_1_312' title='bbox 774 2778 1210 2863; x_wconf 81' lang='lat' dir='ltr'>distinguitur,</span> <span class='ocrx_word' id='word_1_313' title='bbox 1254 2776 1489 2841; x_wconf 87' lang='lat' dir='ltr'>directe</span> <span class='ocrx_word' id='word_1_314' title='bbox 1521 2780 1565 2843; x_wconf 83' lang='lat'>&amp;</span> <span class='ocrx_word' id='word_1_315' title='bbox 1602 2799 1718 2861; x_wconf 87' lang='lat' dir='ltr'>per</span> <span class='ocrx_word' id='word_1_316' title='bbox 1741 2800 1808 2841; x_wconf 89' lang='lat' dir='ltr'>se</span> <span class='ocrx_word' id='word_1_317' title='bbox 1832 2800 1958 2842; x_wconf 91' lang='lat' dir='ltr'>non</span> <span class='ocrx_word' id='word_1_318' title='bbox 1982 2778 2359 2862; x_wconf 83' lang='lat' dir='ltr'>praescribit</span> <span class='ocrx_word' id='word_1_319' title='bbox 2382 2778 2566 2842; x_wconf 91' lang='lat' dir='ltr'>nobis</span> <span class='ocrx_word' id='word_1_320' title='bbox 2590 2776 2874 2842; x_wconf 88' lang='lat' dir='ltr'>officium</span> <span class='ocrx_word' id='word_1_321' title='bbox 2898 2781 3208 2855; x_wconf 89' lang='lat' dir='ltr'>nostrum,</span> <span class='ocrx_word' id='word_1_322' title='bbox 3231 2782 3340 2841; x_wconf 88' lang='lat' dir='ltr'>aut</span> <span class='ocrx_word' id='word_1_323' title='bbox 3369 2776 3514 2859; x_wconf 80' lang='lat' dir='ltr'>quid</span> 
     </span>
     <span class='ocr_line' id='line_1_29' title="bbox 596 2865 3511 2953; baseline -0 -23"><span class='ocrx_word' id='word_1_324' title='bbox 596 2888 711 2931; x_wconf 90' lang='lat' dir='ltr'>nos</span> <span class='ocrx_word' id='word_1_325' title='bbox 758 2866 993 2930; x_wconf 82' lang='lat' dir='ltr'>facere‘</span> <span class='ocrx_word' id='word_1_326' title='bbox 1016 2865 1377 2944; x_wconf 84' lang='lat' dir='ltr'>debeamus,</span> <span class='ocrx_word' id='word_1_327' title='bbox 1427 2865 1709 2943; x_wconf 86' lang='lat' dir='ltr'>dicendo,</span> <span class='ocrx_word' id='word_1_328' title='bbox 1760 2866 1874 2932; x_wconf 82' lang='grc'><strong>1166</strong></span> <span class='ocrx_word' id='word_1_329' title='bbox 1916 2868 2036 2952; x_wconf 80' lang='lat' dir='ltr'>fae,</span> <span class='ocrx_word' id='word_1_330' title='bbox 2085 2872 2196 2931; x_wconf 92' lang='lat' dir='ltr'>aut</span> <span class='ocrx_word' id='word_1_331' title='bbox 2241 2866 2433 2945; x_wconf 86' lang='lat' dir='ltr'>crede,</span> <span class='ocrx_word' id='word_1_332' title='bbox 2483 2871 2594 2931; x_wconf 88' lang='lat' dir='ltr'>aut</span> <span class='ocrx_word' id='word_1_333' title='bbox 2616 2868 2893 2953; x_wconf 77' lang='lat' dir='ltr'>confide;</span> <span class='ocrx_word' id='word_1_334' title='bbox 2915 2889 3044 2930; x_wconf 89' lang='lat' dir='ltr'>non</span> <span class='ocrx_word' id='word_1_335' title='bbox 3076 2866 3280 2951; x_wconf 84' lang='grc'><strong>1116313</strong></span> <span class='ocrx_word' id='word_1_336' title='bbox 3309 2886 3511 2948; x_wconf 78' lang='lat' dir='ltr'>quam,</span> 
     </span>
    </p>
   </div>
   <div class='ocr_carea' id='block_1_3' title="bbox 479 2954 3512 3041">
    <p class='ocr_par' dir='ltr' id='par_1_7' title="bbox 479 2954 3512 3041">
     <span class='ocr_line' id='line_1_30' title="bbox 479 2954 3512 3041; baseline -0.001 -22"><span class='ocrx_word' id='word_1_337' title='bbox 479 3030 485 3037; x_wconf 40' lang='grc'><strong>,</strong></span> <span class='ocrx_word' id='word_1_338' title='bbox 601 2976 785 3038; x_wconf 79' lang='lat' dir='ltr'>spera</span> <span class='ocrx_word' id='word_1_339' title='bbox 812 2955 881 3017; x_wconf 81' lang='lat' dir='ltr'>in</span> <span class='ocrx_word' id='word_1_340' title='bbox 913 2955 1266 3031; x_wconf 76' lang='lat' dir='ltr'>dominum,</span> <span class='ocrx_word' id='word_1_341' title='bbox 1290 2967 1567 3039; x_wconf 74' lang='lat' dir='ltr'>exspecta</span> <span class='ocrx_word' id='word_1_342' title='bbox 1598 2954 1972 3035; x_wconf 80' lang='lat' dir='ltr'>Dominum,</span> <span class='ocrx_word' id='word_1_343' title='bbox 1995 2956 2201 3041; x_wconf 72' lang='lat' dir='ltr'>quade</span> <span class='ocrx_word' id='word_1_344' title='bbox 2223 2956 2290 3019; x_wconf 79' lang='lat' dir='ltr'>in</span> <span class='ocrx_word' id='word_1_345' title='bbox 2311 2957 2612 3033; x_wconf 79' lang='lat' dir='ltr'>Domina,</span> <span class='ocrx_word' id='word_1_346' title='bbox 2637 2956 2824 3040; x_wconf 72' lang='lat' dir='ltr'>diliye</span> <span class='ocrx_word' id='word_1_347' title='bbox 2853 2956 3228 3033; x_wconf 74' lang='lat' dir='ltr'>Dominum,</span> <span class='ocrx_word' id='word_1_348' title='bbox 3245 2972 3512 3039; x_wconf 67' lang='lat' dir='ltr'>coquom</span> 
     </span>
    </p>
   </div>
   <div class='ocr_carea' id='block_1_4' title="bbox 597 3042 3510 4455">
    <p class='ocr_par' dir='ltr' id='par_1_8' title="bbox 597 3042 3510 3374">
     <span class='ocr_line' id='line_1_31' title="bbox 598 3042 3510 3127; baseline -0.001 -20"><span class='ocrx_word' id='word_1_349' title='bbox 598 3043 954 3121; x_wconf 76' lang='lat' dir='ltr'>dominum,</span> <span class='ocrx_word' id='word_1_350' title='bbox 982 3042 1378 3126; x_wconf 78' lang='lat' dir='ltr'>apprehende</span> <span class='ocrx_word' id='word_1_351' title='bbox 1400 3046 1595 3111; x_wconf 83' lang='lat' dir='ltr'>vitam</span> <span class='ocrx_word' id='word_1_352' title='bbox 1619 3055 1957 3121; x_wconf 76' lang='lat' dir='ltr'>aeternam,</span> <span class='ocrx_word' id='word_1_353' title='bbox 1989 3046 2206 3110; x_wconf 78' lang='lat' dir='ltr'>invoca</span> <span class='ocrx_word' id='word_1_354' title='bbox 2230 3045 2584 3121; x_wconf 74' lang='lat' dir='ltr'>dominum,</span> <span class='ocrx_word' id='word_1_355' title='bbox 2616 3046 2956 3121; x_wconf 72' lang='lat' dir='ltr'>consolare,</span> <span class='ocrx_word' id='word_1_356' title='bbox 2989 3064 3308 3127; x_wconf 74' lang='lat' dir='ltr'>persevera</span> <span class='ocrx_word' id='word_1_357' title='bbox 3330 3062 3510 3127; x_wconf 72' lang='lat' dir='ltr'>usque</span> 
     </span>
     <span class='ocr_line' id='line_1_32' title="bbox 597 3128 3506 3219; baseline -0.001 -23"><span class='ocrx_word' id='word_1_358' title='bbox 597 3133 683 3198; x_wconf 89' lang='lat' dir='ltr'>ad</span> <span class='ocrx_word' id='word_1_359' title='bbox 725 3134 937 3219; x_wconf 81' lang='lat' dir='ltr'>finem,</span> <span class='ocrx_word' id='word_1_360' title='bbox 970 3142 1135 3195; x_wconf 80' lang='lat' dir='ltr'>certa</span> <span class='ocrx_word' id='word_1_361' title='bbox 1167 3134 1566 3213; x_wconf 72' lang='lat' dir='ltr'>praeclarum</span> <span class='ocrx_word' id='word_1_362' title='bbox 1594 3145 1925 3211; x_wconf 77' lang='lat' dir='ltr'>certamen,</span> <span class='ocrx_word' id='word_1_363' title='bbox 1979 3134 2078 3197; x_wconf 75' lang='grc'><strong>816.</strong></span> <span class='ocrx_word' id='word_1_364' title='bbox 2106 3131 2224 3198; x_wconf 90' lang='lat' dir='ltr'>Sed</span> <span class='ocrx_word' id='word_1_365' title='bbox 2253 3133 2467 3211; x_wconf 84' lang='lat' dir='ltr'>refert,</span> <span class='ocrx_word' id='word_1_366' title='bbox 2494 3132 2768 3211; x_wconf 88' lang='lat' dir='ltr'>nuntiat,</span> <span class='ocrx_word' id='word_1_367' title='bbox 2801 3131 3126 3217; x_wconf 86' lang='lat' dir='ltr'>significat</span> <span class='ocrx_word' id='word_1_368' title='bbox 3150 3132 3343 3208; x_wconf 87' lang='lat' dir='ltr'>nobis,</span> <span class='ocrx_word' id='word_1_369' title='bbox 3365 3128 3506 3211; x_wconf 89' lang='lat' dir='ltr'>quid</span> 
     </span>
     <span class='ocr_line' id='line_1_33' title="bbox 597 3218 3508 3304; baseline -0.001 -18"><span class='ocrx_word' id='word_1_370' title='bbox 597 3220 887 3286; x_wconf 84' lang='lat' dir='ltr'>Christus</span> <span class='ocrx_word' id='word_1_371' title='bbox 932 3241 1049 3302; x_wconf 90' lang='lat' dir='ltr'>pro</span> <span class='ocrx_word' id='word_1_372' title='bbox 1103 3218 1283 3282; x_wconf 90' lang='lat' dir='ltr'>nobis</span> <span class='ocrx_word' id='word_1_373' title='bbox 1332 3219 1575 3302; x_wconf 88' lang='lat' dir='ltr'>fecerit,</span> <span class='ocrx_word' id='word_1_374' title='bbox 1602 3221 1880 3304; x_wconf 89' lang='lat' dir='ltr'>quidque</span> <span class='ocrx_word' id='word_1_375' title='bbox 1912 3220 2086 3287; x_wconf 89' lang='lat' dir='ltr'>Deus</span> <span class='ocrx_word' id='word_1_376' title='bbox 2111 3221 2176 3285; x_wconf 90' lang='lat' dir='ltr'>in</span> <span class='ocrx_word' id='word_1_377' title='bbox 2203 3221 2454 3286; x_wconf 88' lang='lat' dir='ltr'>Christo</span> <span class='ocrx_word' id='word_1_378' title='bbox 2478 3221 2831 3303; x_wconf 87' lang='lat' dir='ltr'>promittat,</span> <span class='ocrx_word' id='word_1_379' title='bbox 2857 3220 3013 3304; x_wconf 89' lang='lat' dir='ltr'>quid</span> <span class='ocrx_word' id='word_1_380' title='bbox 3044 3218 3252 3284; x_wconf 86' lang='lat' dir='ltr'>facere</span> <span class='ocrx_word' id='word_1_381' title='bbox 3273 3218 3438 3295; x_wconf 76' lang='lat' dir='ltr'>velit,</span> <span class='ocrx_word' id='word_1_382' title='bbox 3467 3219 3508 3283; x_wconf 66' lang='grc' dir='ltr'>ἃ</span> 
     </span>
     <span class='ocr_line' id='line_1_34' title="bbox 598 3308 1900 3374; baseline -0.001 0"><span class='ocrx_word' id='word_1_383' title='bbox 598 3309 883 3374; x_wconf 86' lang='lat' dir='ltr'>facturus</span> <span class='ocrx_word' id='word_1_384' title='bbox 908 3308 1011 3373; x_wconf 87' lang='lat' dir='ltr'>sit.</span> <span class='ocrx_word' id='word_1_385' title='bbox 1897 3368 1900 3373; x_wconf 91' lang='lat'>.</span> 
     </span>
    </p>

    <p class='ocr_par' dir='ltr' id='par_1_9' title="bbox 600 3395 3506 4455">
     <span class='ocr_line' id='line_1_35' title="bbox 689 3395 3506 3481; baseline -0.002 -18"><span class='ocrx_word' id='word_1_386' title='bbox 689 3398 1001 3463; x_wconf 77' lang='lat' dir='ltr'>[nstantia</span> <span class='ocrx_word' id='word_1_387' title='bbox 1054 3397 1109 3460; x_wconf 91' lang='lat'>1.</span> <span class='ocrx_word' id='word_1_388' title='bbox 1158 3396 1361 3481; x_wconf 84' lang='lat' dir='ltr'>Atqui</span> <span class='ocrx_word' id='word_1_389' title='bbox 1406 3422 1551 3465; x_wconf 90' lang='lat' dir='ltr'>cum</span> <span class='ocrx_word' id='word_1_390' title='bbox 1598 3398 1747 3462; x_wconf 87' lang='lat' dir='ltr'>fidei</span> <span class='ocrx_word' id='word_1_391' title='bbox 1792 3398 2070 3463; x_wconf 88' lang='lat' dir='ltr'>conditio</span> <span class='ocrx_word' id='word_1_392' title='bbox 2109 3398 2176 3461; x_wconf 92' lang='lat' dir='ltr'>in</span> <span class='ocrx_word' id='word_1_393' title='bbox 2201 3397 2612 3481; x_wconf 87' lang='lat' dir='ltr'>Euangelicis</span> <span class='ocrx_word' id='word_1_394' title='bbox 2636 3397 3164 3481; x_wconf 86' lang='lat' dir='ltr'>promissionibus</span> <span class='ocrx_word' id='word_1_395' title='bbox 3189 3395 3506 3463; x_wconf 82' lang='lat' dir='ltr'>inc-luditur</span> 
     </span>
     <span class='ocr_line' id='line_1_36' title="bbox 600 3483 3502 3571; baseline -0.002 -19"><span class='ocrx_word' id='word_1_396' title='bbox 600 3511 673 3553; x_wconf 89' lang='lat' dir='ltr'>ac</span> <span class='ocrx_word' id='word_1_397' title='bbox 698 3486 1249 3571; x_wconf 87' lang='lat' dir='ltr'>praesupponitur,</span> <span class='ocrx_word' id='word_1_398' title='bbox 1301 3488 1589 3571; x_wconf 87' lang='lat' dir='ltr'>sequitur</span> <span class='ocrx_word' id='word_1_399' title='bbox 1636 3508 1777 3551; x_wconf 90' lang='lat' dir='ltr'>eam</span> <span class='ocrx_word' id='word_1_400' title='bbox 1802 3487 2115 3570; x_wconf 90' lang='lat' dir='ltr'>postulari</span> <span class='ocrx_word' id='word_1_401' title='bbox 2139 3485 2478 3571; x_wconf 85' lang='lat' dir='ltr'>&amp;praecipi</span> <span class='ocrx_word' id='word_1_402' title='bbox 2509 3486 2888 3570; x_wconf 86' lang='lat' dir='ltr'>Euangelio.</span> <span class='ocrx_word' id='word_1_403' title='bbox 2937 3486 3124 3562; x_wconf 81' lang='lat' dir='ltr'>Quod</span> <span class='ocrx_word' id='word_1_404' title='bbox 3155 3486 3318 3551; x_wconf 88' lang='lat' dir='ltr'>enim</span> <span class='ocrx_word' id='word_1_405' title='bbox 3341 3483 3502 3548; x_wconf 81' lang='lat' dir='ltr'>nobis</span> 
     </span>
     <span class='ocr_line' id='line_1_37' title="bbox 600 3573 3500 3661; baseline -0.002 -20"><span class='ocrx_word' id='word_1_406' title='bbox 600 3576 957 3661; x_wconf 84' lang='lat' dir='ltr'>Euangelio</span> <span class='ocrx_word' id='word_1_407' title='bbox 997 3576 1337 3654; x_wconf 85' lang='lat' dir='ltr'>revelatur,</span> <span class='ocrx_word' id='word_1_408' title='bbox 1386 3580 1695 3659; x_wconf 85' lang='lat' dir='ltr'>tanquam</span> <span class='ocrx_word' id='word_1_409' title='bbox 1739 3576 2096 3640; x_wconf 87' lang='lat' dir='ltr'>necessaria</span> <span class='ocrx_word' id='word_1_410' title='bbox 2126 3575 2420 3653; x_wconf 87' lang='lat' dir='ltr'>conditio,</span> <span class='ocrx_word' id='word_1_411' title='bbox 2446 3573 2583 3639; x_wconf 90' lang='lat' dir='ltr'>sine</span> <span class='ocrx_word' id='word_1_412' title='bbox 2608 3580 2735 3658; x_wconf 75' lang='lat' dir='ltr'>qua</span> <span class='ocrx_word' id='word_1_413' title='bbox 2756 3575 3208 3658; x_wconf 89' lang='lat' dir='ltr'>promissiones</span> <span class='ocrx_word' id='word_1_414' title='bbox 3231 3574 3500 3657; x_wconf 82' lang='lat' dir='ltr'>Euange-</span> 
     </span>
     <span class='ocr_line' id='line_1_38' title="bbox 600 3659 3500 3747; baseline -0.002 -18"><span class='ocrx_word' id='word_1_415' title='bbox 600 3666 759 3730; x_wconf 87' lang='lat' dir='ltr'>licae</span> <span class='ocrx_word' id='word_1_416' title='bbox 804 3665 985 3729; x_wconf 88' lang='lat' dir='ltr'>nobis</span> <span class='ocrx_word' id='word_1_417' title='bbox 1027 3686 1149 3728; x_wconf 91' lang='lat' dir='ltr'>non</span> <span class='ocrx_word' id='word_1_418' title='bbox 1199 3669 1387 3728; x_wconf 86' lang='lat' dir='ltr'>erunt</span> <span class='ocrx_word' id='word_1_419' title='bbox 1418 3665 1601 3743; x_wconf 80' lang='lat' dir='ltr'>taleS,</span> <span class='ocrx_word' id='word_1_420' title='bbox 1640 3663 1719 3727; x_wconf 87' lang='lat' dir='ltr'>ad</span> <span class='ocrx_word' id='word_1_421' title='bbox 1765 3662 1922 3727; x_wconf 89' lang='lat' dir='ltr'>illud</span> <span class='ocrx_word' id='word_1_422' title='bbox 1972 3664 2444 3747; x_wconf 53' lang='lat' dir='ltr'>praestandum,</span> <span class='ocrx_word' id='word_1_423' title='bbox 2495 3663 2615 3727; x_wconf 89' lang='lat' dir='ltr'>hoc</span> <span class='ocrx_word' id='word_1_424' title='bbox 2668 3666 2766 3727; x_wconf 87' lang='lat' dir='ltr'>est</span> <span class='ocrx_word' id='word_1_425' title='bbox 2789 3664 2868 3726; x_wconf 91' lang='lat' dir='ltr'>ad</span> <span class='ocrx_word' id='word_1_426' title='bbox 2892 3667 3039 3727; x_wconf 87' lang='lat' dir='ltr'>actu</span> <span class='ocrx_word' id='word_1_427' title='bbox 3065 3662 3428 3727; x_wconf 87' lang='lat' dir='ltr'>credendum</span> <span class='ocrx_word' id='word_1_428' title='bbox 3451 3659 3500 3723; x_wconf 71' lang='lat' dir='ltr'>vi</span> 
     </span>
     <span class='ocr_line' id='line_1_39' title="bbox 600 3750 3501 3837; baseline -0.002 -20"><span class='ocrx_word' id='word_1_429' title='bbox 600 3752 943 3837; x_wconf 82' lang='lat' dir='ltr'>Euangelii</span> <span class='ocrx_word' id='word_1_430' title='bbox 970 3753 1369 3837; x_wconf 87' lang='lat' dir='ltr'>obligamur:</span> <span class='ocrx_word' id='word_1_431' title='bbox 1420 3754 1465 3817; x_wconf 74' lang='grc'>81</span> <span class='ocrx_word' id='word_1_432' title='bbox 1498 3753 1551 3817; x_wconf 88' lang='lat' dir='ltr'>si</span> <span class='ocrx_word' id='word_1_433' title='bbox 1573 3751 2008 3835; x_wconf 86' lang='lat' dir='ltr'>Euangelium</span> <span class='ocrx_word' id='word_1_434' title='bbox 2045 3774 2159 3817; x_wconf 90' lang='lat' dir='ltr'>nos</span> <span class='ocrx_word' id='word_1_435' title='bbox 2186 3751 2448 3836; x_wconf 85' lang='lat' dir='ltr'>obligat,</span> <span class='ocrx_word' id='word_1_436' title='bbox 2476 3774 2630 3836; x_wconf 87' lang='lat' dir='ltr'>ergo</span> <span class='ocrx_word' id='word_1_437' title='bbox 2655 3754 2700 3818; x_wconf 73' lang='grc'>81</span> <span class='ocrx_word' id='word_1_438' title='bbox 2725 3750 3058 3835; x_wconf 88' lang='lat' dir='ltr'>praecipit.</span> <span class='ocrx_word' id='word_1_439' title='bbox 3107 3751 3285 3837; x_wconf 78' lang='lat' dir='ltr'>Hesp.</span> <span class='ocrx_word' id='word_1_440' title='bbox 3313 3770 3501 3814; x_wconf 84' lang='lat' dir='ltr'>conse-</span> 
     </span>
     <span class='ocr_line' id='line_1_40' title="bbox 601 3836 3497 3925; baseline -0.001 -21"><span class='ocrx_word' id='word_1_441' title='bbox 601 3842 863 3924; x_wconf 88' lang='lat' dir='ltr'>quentia</span> <span class='ocrx_word' id='word_1_442' title='bbox 911 3842 1059 3925; x_wconf 79' lang='grc' dir='ltr'><strong>Ν69.</strong></span> <span class='ocrx_word' id='word_1_443' title='bbox 1106 3840 1281 3905; x_wconf 89' lang='grc' dir='ltr'><strong>Η666</strong></span> <span class='ocrx_word' id='word_1_444' title='bbox 1332 3840 1499 3905; x_wconf 86' lang='grc'><strong>6111111</strong></span> <span class='ocrx_word' id='word_1_445' title='bbox 1527 3841 1662 3923; x_wconf 89' lang='lat' dir='ltr'>ejus</span> <span class='ocrx_word' id='word_1_446' title='bbox 1685 3838 1850 3903; x_wconf 87' lang='lat' dir='ltr'>ratio</span> <span class='ocrx_word' id='word_1_447' title='bbox 1878 3845 1973 3904; x_wconf 88' lang='lat' dir='ltr'>est</span> <span class='ocrx_word' id='word_1_448' title='bbox 1997 3846 2122 3923; x_wconf 76' lang='lat' dir='ltr'>qua</span> <span class='ocrx_word' id='word_1_449' title='bbox 2146 3840 2406 3905; x_wconf 89' lang='lat' dir='ltr'>nititur:</span> <span class='ocrx_word' id='word_1_450' title='bbox 2455 3839 2884 3922; x_wconf 84' lang='lat' dir='ltr'>Quodcunque</span> <span class='ocrx_word' id='word_1_451' title='bbox 2909 3836 3088 3904; x_wconf 91' lang='lat' dir='ltr'>Deus</span> <span class='ocrx_word' id='word_1_452' title='bbox 3113 3840 3349 3904; x_wconf 78' lang='lat' dir='ltr'>revelat</span> <span class='ocrx_word' id='word_1_453' title='bbox 3369 3840 3410 3904; x_wconf 70' lang='grc' dir='ltr'>ἃ</span> <span class='ocrx_word' id='word_1_454' title='bbox 3427 3837 3497 3901; x_wconf 84' lang='lat' dir='ltr'>si·</span> 
     </span>
     <span class='ocr_line' id='line_1_41' title="bbox 601 3927 3498 4014; baseline -0.001 -21"><span class='ocrx_word' id='word_1_455' title='bbox 601 3929 885 4013; x_wconf 85' lang='lat' dir='ltr'>gnificat,</span> <span class='ocrx_word' id='word_1_456' title='bbox 940 3929 1100 3993; x_wconf 89' lang='lat' dir='ltr'>illud</span> <span class='ocrx_word' id='word_1_457' title='bbox 1124 3952 1195 3993; x_wconf 91' lang='lat' dir='ltr'>eo</span> <span class='ocrx_word' id='word_1_458' title='bbox 1221 3930 1359 4014; x_wconf 90' lang='lat' dir='ltr'>ipso</span> <span class='ocrx_word' id='word_1_459' title='bbox 1384 3930 1677 3995; x_wconf 77' lang='lat' dir='ltr'>&amp;iisdem</span> <span class='ocrx_word' id='word_1_460' title='bbox 1704 3928 1915 3991; x_wconf 67' lang='lat' dir='ltr'>verbis</span> <span class='ocrx_word' id='word_1_461' title='bbox 1939 3930 2220 3994; x_wconf 84' lang='lat' dir='ltr'>mandat.</span> <span class='ocrx_word' id='word_1_462' title='bbox 2265 3928 2404 3992; x_wconf 92' lang='lat' dir='ltr'>Hoc</span> <span class='ocrx_word' id='word_1_463' title='bbox 2435 3927 2882 3994; x_wconf 81' lang='lat' dir='ltr'>universaliter</span> <span class='ocrx_word' id='word_1_464' title='bbox 2921 3950 3140 3993; x_wconf 83' lang='lat' dir='ltr'>verum</span> <span class='ocrx_word' id='word_1_465' title='bbox 3177 3950 3312 3993; x_wconf 89' lang='lat' dir='ltr'>esse</span> <span class='ocrx_word' id='word_1_466' title='bbox 3331 3946 3498 4009; x_wconf 69' lang='lat' dir='ltr'>nega·</span> 
     </span>
     <span class='ocr_line' id='line_1_42' title="bbox 602 4014 3502 4101; baseline -0.002 -20"><span class='ocrx_word' id='word_1_467' title='bbox 602 4040 767 4081; x_wconf 80' lang='lat' dir='ltr'>mus,</span> <span class='ocrx_word' id='word_1_468' title='bbox 813 4016 1039 4100; x_wconf 89' lang='lat' dir='ltr'>Neque</span> <span class='ocrx_word' id='word_1_469' title='bbox 1102 4018 1270 4082; x_wconf 91' lang='lat' dir='ltr'>enim</span> <span class='ocrx_word' id='word_1_470' title='bbox 1319 4018 1487 4081; x_wconf 89' lang='lat' dir='ltr'>idem</span> <span class='ocrx_word' id='word_1_471' title='bbox 1534 4022 1684 4081; x_wconf 89' lang='lat' dir='ltr'>sunt</span> <span class='ocrx_word' id='word_1_472' title='bbox 1729 4016 2024 4080; x_wconf 87' lang='lat' dir='ltr'>voluntas</span> <span class='ocrx_word' id='word_1_473' title='bbox 2071 4016 2259 4101; x_wconf 86' lang='lat' dir='ltr'>signi,</span> <span class='ocrx_word' id='word_1_474' title='bbox 2293 4018 2338 4083; x_wconf 75' lang='grc'>81</span> <span class='ocrx_word' id='word_1_475' title='bbox 2369 4016 2686 4080; x_wconf 88' lang='lat' dir='ltr'>mandati:</span> <span class='ocrx_word' id='word_1_476' title='bbox 2715 4017 2864 4101; x_wconf 89' lang='lat' dir='ltr'>qui-a</span> <span class='ocrx_word' id='word_1_477' title='bbox 2887 4016 3098 4081; x_wconf 86' lang='lat' dir='ltr'>omnis</span> <span class='ocrx_word' id='word_1_478' title='bbox 3130 4014 3502 4081; x_wconf 77' lang='lat' dir='ltr'>mandatiest</span> 
     </span>
     <span class='ocr_line' id='line_1_43' title="bbox 603 4100 3500 4192; baseline -0.001 -25"><span class='ocrx_word' id='word_1_479' title='bbox 603 4103 799 4167; x_wconf 89' lang='lat' dir='ltr'>etiam</span> <span class='ocrx_word' id='word_1_480' title='bbox 853 4105 1054 4189; x_wconf 80' lang='lat' dir='ltr'>signi3</span> <span class='ocrx_word' id='word_1_481' title='bbox 1104 4107 1212 4171; x_wconf 89' lang='lat' dir='ltr'>sed</span> <span class='ocrx_word' id='word_1_482' title='bbox 1261 4107 1442 4192; x_wconf 86' lang='lat' dir='ltr'>[pag.</span> <span class='ocrx_word' id='word_1_483' title='bbox 1485 4106 1602 4192; x_wconf 80' lang='lat'>27]</span> <span class='ocrx_word' id='word_1_484' title='bbox 1628 4128 1755 4171; x_wconf 89' lang='lat' dir='ltr'>non</span> <span class='ocrx_word' id='word_1_485' title='bbox 1780 4104 1915 4169; x_wconf 88' lang='lat' dir='ltr'>vice</span> <span class='ocrx_word' id='word_1_486' title='bbox 1945 4127 2143 4169; x_wconf 88' lang='lat' dir='ltr'>versa.</span> <span class='ocrx_word' id='word_1_487' title='bbox 2191 4104 2294 4170; x_wconf 88' lang='lat' dir='ltr'>Sic</span> <span class='ocrx_word' id='word_1_488' title='bbox 2318 4106 2521 4169; x_wconf 88' lang='lat' dir='ltr'>multa</span> <span class='ocrx_word' id='word_1_489' title='bbox 2545 4104 2718 4169; x_wconf 90' lang='lat' dir='ltr'>Deus</span> <span class='ocrx_word' id='word_1_490' title='bbox 2743 4104 3066 4189; x_wconf 80' lang='lat' dir='ltr'>significat</span> <span class='ocrx_word' id='word_1_491' title='bbox 3096 4106 3146 4170; x_wconf 72' lang='grc'>81</span> <span class='ocrx_word' id='word_1_492' title='bbox 3169 4100 3500 4169; x_wconf 62' lang='grc'><strong>1616161111-</strong></span> 
     </span>
     <span class='ocr_line' id='line_1_44' title="bbox 601 4189 3498 4278; baseline -0.001 -23"><span class='ocrx_word' id='word_1_493' title='bbox 601 4195 767 4268; x_wconf 87' lang='lat' dir='ltr'>tura,</span> <span class='ocrx_word' id='word_1_494' title='bbox 818 4213 979 4273; x_wconf 89' lang='lat' dir='ltr'>quae</span> <span class='ocrx_word' id='word_1_495' title='bbox 1017 4198 1231 4257; x_wconf 85' lang='lat' dir='ltr'>tamen</span> <span class='ocrx_word' id='word_1_496' title='bbox 1280 4217 1353 4258; x_wconf 90' lang='lat' dir='ltr'>eo</span> <span class='ocrx_word' id='word_1_497' title='bbox 1401 4195 1537 4278; x_wconf 89' lang='lat' dir='ltr'>ipso</span> <span class='ocrx_word' id='word_1_498' title='bbox 1575 4216 1701 4257; x_wconf 90' lang='lat' dir='ltr'>non</span> <span class='ocrx_word' id='word_1_499' title='bbox 1726 4194 1989 4257; x_wconf 88' lang='lat' dir='ltr'>mandat</span> <span class='ocrx_word' id='word_1_500' title='bbox 2020 4198 2091 4257; x_wconf 90' lang='lat' dir='ltr'>ut</span> <span class='ocrx_word' id='word_1_501' title='bbox 2115 4194 2444 4260; x_wconf 74' lang='lat' dir='ltr'>faciamus,</span> <span class='ocrx_word' id='word_1_502' title='bbox 2493 4192 2600 4257; x_wconf 78' lang='lat' dir='ltr'>Sic</span> <span class='ocrx_word' id='word_1_503' title='bbox 2624 4216 2676 4257; x_wconf 90' lang='lat' dir='ltr'>e.</span> <span class='ocrx_word' id='word_1_504' title='bbox 2701 4216 2801 4278; x_wconf 83' lang='lat' dir='ltr'>gr.</span> <span class='ocrx_word' id='word_1_505' title='bbox 2827 4192 3004 4257; x_wconf 87' lang='lat' dir='ltr'>Petri</span> <span class='ocrx_word' id='word_1_506' title='bbox 3029 4193 3304 4277; x_wconf 84' lang='lat' dir='ltr'>lapsum,</span> <span class='ocrx_word' id='word_1_507' title='bbox 3325 4192 3366 4257; x_wconf 84' lang='lat' dir='ltr'><strong>J</strong></span> <span class='ocrx_word' id='word_1_508' title='bbox 3369 4189 3498 4255; x_wconf 87' lang='lat' dir='ltr'>udae</span> 
     </span>
     <span class='ocr_line' id='line_1_45' title="bbox 604 4276 3499 4366; baseline 0.001 -27"><span class='ocrx_word' id='word_1_509' title='bbox 604 4278 1025 4359; x_wconf 87' lang='lat' dir='ltr'>proditionem</span> <span class='ocrx_word' id='word_1_510' title='bbox 1071 4282 1410 4358; x_wconf 84' lang='lat' dir='ltr'>revelavit3</span> <span class='ocrx_word' id='word_1_511' title='bbox 1458 4304 1573 4347; x_wconf 93' lang='lat' dir='ltr'>nec</span> <span class='ocrx_word' id='word_1_512' title='bbox 1594 4286 1811 4346; x_wconf 88' lang='lat' dir='ltr'>tamen</span> <span class='ocrx_word' id='word_1_513' title='bbox 1843 4282 2192 4346; x_wconf 83' lang='lat' dir='ltr'>mandavit.</span> <span class='ocrx_word' id='word_1_514' title='bbox 2239 4280 2520 4347; x_wconf 89' lang='lat' dir='ltr'>Rursum</span> <span class='ocrx_word' id='word_1_515' title='bbox 2550 4283 2754 4347; x_wconf 87' lang='lat' dir='ltr'>multa</span> <span class='ocrx_word' id='word_1_516' title='bbox 2786 4286 3046 4366; x_wconf 82' lang='lat' dir='ltr'>peccata</span> <span class='ocrx_word' id='word_1_517' title='bbox 3069 4285 3186 4347; x_wconf 86' lang='lat' dir='ltr'>aut</span> <span class='ocrx_word' id='word_1_518' title='bbox 3211 4276 3499 4345; x_wconf 70' lang='lat' dir='ltr'>mendacia</span> 
     </span>
     <span class='ocr_line' id='line_1_46' title="bbox 605 4364 3496 4455; baseline 0.002 -30"><span class='ocrx_word' id='word_1_519' title='bbox 605 4364 940 4430; x_wconf 86' lang='lat' dir='ltr'>hominum</span> <span class='ocrx_word' id='word_1_520' title='bbox 980 4367 1178 4437; x_wconf 81' lang='lat' dir='ltr'>refert</span> <span class='ocrx_word' id='word_1_521' title='bbox 1222 4368 1289 4431; x_wconf 92' lang='lat' dir='ltr'>in</span> <span class='ocrx_word' id='word_1_522' title='bbox 1336 4370 1527 4435; x_wconf 83' lang='lat' dir='ltr'>verbo</span> <span class='ocrx_word' id='word_1_523' title='bbox 1577 4392 1711 4451; x_wconf 88' lang='lat' dir='ltr'>suo,</span> <span class='ocrx_word' id='word_1_524' title='bbox 1761 4391 1924 4453; x_wconf 87' lang='lat' dir='ltr'>quae</span> <span class='ocrx_word' id='word_1_525' title='bbox 1949 4376 2162 4435; x_wconf 88' lang='lat' dir='ltr'>tamen</span> <span class='ocrx_word' id='word_1_526' title='bbox 2191 4370 2374 4436; x_wconf 90' lang='lat' dir='ltr'>nobis</span> <span class='ocrx_word' id='word_1_527' title='bbox 2397 4392 2522 4435; x_wconf 89' lang='lat' dir='ltr'>non</span> <span class='ocrx_word' id='word_1_528' title='bbox 2547 4371 2922 4455; x_wconf 87' lang='lat' dir='ltr'>praescribit</span> <span class='ocrx_word' id='word_1_529' title='bbox 2945 4370 3242 4436; x_wconf 70' lang='lat' dir='ltr'>iacienda</span> <span class='ocrx_word' id='word_1_530' title='bbox 3263 4372 3372 4435; x_wconf 83' lang='lat' dir='ltr'>aut</span> <span class='ocrx_word' id='word_1_531' title='bbox 3390 4386 3496 4431; x_wconf 82' lang='lat' dir='ltr'>cre·</span> 
     </span>
    </p>
   </div>
   <div class='ocr_carea' id='block_1_5' title="bbox 3295 4454 3497 4528">
    <p class='ocr_par' dir='ltr' id='par_1_10' title="bbox 3295 4454 3497 4528">
     <span class='ocr_line' id='line_1_47' title="bbox 3295 4454 3497 4528; baseline 0.025 -5"><span class='ocrx_word' id='word_1_532' title='bbox 3295 4454 3470 4523; x_wconf 75' lang='lat' dir='ltr'>denda</span> <span class='ocrx_word' id='word_1_533' title='bbox 3482 4475 3497 4528; x_wconf 82' lang='lat'><em>3</em></span> 
     </span>
    </p>
   </div>
  </div>
 </body>
</html>
