3694 4871
366 300 593 366 Dlsr.
641 297 823 365 VIII.
870 299 985 364 Dr:
1032 298 1411 364 PensoNA
1458 297 1792 363 Cnnlsm
1840 295 2371 361 MEDIATORIS.
2421 296 2626 362 Pius
2673 295 2757 362 II.
2901 298 3030 361 229

112 486 383 551 formalis
432 486 551 551 sub
598 508 725 572 qua
776 488 927 569 (non
976 484 1414 563 communiori,
1450 483 1559 548 sed
1604 482 1912 567 peculiari
1935 482 2194 547 notione
2219 482 2504 566 accepta)
2534 505 2662 548 non
2687 504 2835 547 vero
2864 482 3029 548 ratio

108 574 381 639 formalis
432 596 567 661 qua.
619 572 681 639 st
724 594 839 657 per
881 594 1095 661 quam.
1156 575 1332 657 Hesp.
1372 574 1430 635 1.
1480 571 1777 657 Negatur
1801 571 2065 635 factum.
2113 571 2313 636 Primi
2344 571 2666 636 occasione
2691 571 3027 636 solvendae

108 662 487 746 exceptionis
512 660 909 741 Socinianae,
942 662 1320 727 dissidentes
1344 660 1449 725 hic
1474 659 1754 737 fuerunt,
1785 661 2014 724 saltem
2037 659 2293 743 publice
2317 659 2454 723 noti
2477 664 2624 725 sunt
2647 658 2935 725 Amet-sius
2965 657 3030 724 st·

112 752 465 817 Macoevius.
516 749 702 815 Illius
749 754 961 834 partes
1009 754 1233 834 postea
1280 754 1531 813 secutus
1556 748 1682 813 fuit
1710 746 2039 824 WalaeuS,
2068 748 2115 813 ἃ
2140 748 2330 832 siqui
2355 747 2484 811 illis
2507 747 3025 830 praeceptoribus

106 840 223 903 suis
266 839 727 903 assentiuntur.
777 836 900 903 Sed
931 838 1093 903 nihil
1124 839 1257 902 tale
1278 860 1394 921 per
1416 837 1733 901 somnium
1760 838 1827 899 in
1853 839 2131 901 mentem
2163 836 2319 920 ipsis
2345 836 2595 900 venisse
2621 836 3025 901 notissimum

110 931 217 1004 est,
258 950 333 991 ex
377 928 517 991 sola
540 927 930 1011 inspectione
956 927 1187 992 Amesii
1218 928 1263 993 δι
1304 924 1518 991 Walei.
1566 924 1785 989 Verba
1809 947 2028 989 eorum
2050 924 2156 989 hic
2185 947 2312 988 non
2337 924 2642 1004 describo,
2669 928 2743 988 ut
2765 923 3025 989 chartae

112 1015 447 1079 consulam.
500 1017 562 1079 2.
607 1014 1011 1079 Postulatum
1058 1014 1177 1079 hoc
1224 1018 1528 1096 tanquam
1576 1013 1920 1077 absurdum
1945 1011 2232 1077 absolute
2263 1033 2594 1097 negamus.
2643 1011 2829 1077 Nihil
2855 1012 3026 1077 enim

106 1103 263 1167 aliud
286 1104 483 1167 debet
504 1103 611 1168 hic
631 1103 701 1167 in
734 1103 1300 1167 considerationem
1327 1102 1541 1165 venire
1557 1102 1633 1165 'in
1659 1101 1994 1165 formando
2027 1105 2199 1165 statu
2234 1100 2719 1179 controversiae,
2744 1100 2812 1165 in
2838 1122 3026 1164 usur-

106 1192 315 1275 pandis
362 1192 701 1275 particulis
748 1194 793 1259 &
839 1192 1151 1270 terminis,
1196 1190 1321 1253 nis'i
1361 1213 1438 1254 ex
1464 1213 1654 1255 sensu
1680 1189 1724 1254 ἃ
1750 1212 1938 1273 scopo
1967 1189 2496 1254 heterodoxorum
2521 1189 2632 1272 qui
2658 1192 3026 1253 controver-

104 1280 249 1343 siam
292 1279 467 1344 hanc
510 1280 693 1344 nobis
718 1283 1050 1344 moverunt
1081 1280 1127 1343 85
1153 1283 1554 1363 pepererunt.
1603 1277 1911 1361 Alioquin
1943 1278 2199 1361 propria
2229 1282 2584 1342 commenta
2613 1280 2832 1341 nostra
2861 1276 3023 1340 reali

104 1368 561 1432 controversiae
602 1368 1017 1452 supponimus
1064 1370 1109 1434 ἃ
1156 1367 1625 1445 substituimus,
1660 1366 2039 1431 adversariis
2065 1366 2308 1449 aliquid
2333 1364 2726 1449 affingimus,
2755 1364 2800 1431 81:
2825 1364 3018 1428 falla-

102 1456 227 1607 ῒέῒῖ
259 1455 1025 1628 ³3¹⁰ffsssszffss⁸psslffissffla
1051 1453 3020 1627 23335022331530525{fflffissifflssssss›1233332330522

230 1592 247 1608 .
344 1592 360 1609 .
2871 1591 2885 1620 ,

106 1634 303 1695 tamen
334 1634 673 1716 problema
704 1636 1177 1697 controversum
1216 1632 1295 1695 ab
1322 1632 1723 1695 heterodoxis
1756 1635 2001 1696 motum
2033 1632 2317 1695 tollitur:
2346 1632 2392 1697 ἃ
2417 1630 2507 1695 sic
2527 1630 2950 1695 obscuritates
2973 1636 3018 1693 ἃ

106 1722 560 1785 controversiae
598 1720 1091 1804 problematicae
1138 1720 1273 1785 sine
1319 1718 1693 1785 necessitate
1744 1720 1910 1784 inter
1958 1719 2130 1803 ipsos
2169 1720 2550 1785 orthodoxos
2582 1717 3016 1803 multiplican-

104 1812 211 1871 tur.
340 1832 381 1873 a
434 1858 450 1873 .
479 1810 607 1873 319
644 1856 663 1873 .

262 1808 339 1895 [p
382 1830 430 1894 g
610 1810 643 1894 ]
1025 1897 1419 1983 HypochesiS,
1454 1918 1563 1962 seu
1581 1898 1973 1981 postulatum
2021 1897 2083 1959 3.

182 1983 483 2059 Quamvis
508 1986 870 2069 quaesitum
894 1986 1074 2063 illud,
1108 1984 1212 2049 An
1242 1984 1535 2051 Christus
1559 2008 1687 2068 qua
1710 1982 2024 2049 Mediator
2046 1984 2342 2049 videatur
2360 1985 2568 2068 prima
2583 1984 2794 2050 fronte
2811 2006 3010 2049 unum

108 2072 147 2135 ἃ
190 2072 481 2157 simplex,
529 2074 595 2138 in
622 2096 748 2159 quo
774 2074 1128 2158 subjectum
1151 2074 1408 2138 unicum
1432 2073 1517 2137 sit
1550 2072 1864 2152 Christus,
1890 2095 2033 2137 cum
2056 2072 2438 2139 limitatione
2463 2073 2600 2152 illa,
2627 2096 2752 2157 qua
2777 2072 3014 2137 media·

106 2164 192 2223 tor
213 2167 307 2225 est
330 2186 345 2239 ς
380 2162 815 2245 praedicatum
844 2166 1059 2227 autem
1083 2160 1157 2221 τὸ
1192 2163 1579 2227 adorandusz
1607 2182 1829 2225 revera
1852 2164 2066 2225 tamen
2095 2162 2217 2225 duo
2241 2164 2391 2225 sunt
2414 2162 2724 2244 quaesita,
2750 2164 3010 2245 propter

51 2332 53 2335 y
108 2247 467 2314 dissidentes
513 2250 1006 2315 orthodoxorum
1054 2252 1099 2317 &
1146 2248 1833 2315 Anti-Trinitariorum
1882 2249 2267 2333 hypotheses
2315 2249 2391 2312 de
2437 2271 2706 2333 persona
2746 2248 3004 2315 Christi.

112 2334 781 2403 Anti-Trinitariorum
813 2338 1093 2403 haeresis
1128 2338 1400 2424 flagitat,
1426 2342 1495 2402 ut
1530 2339 1647 2403 hoc
1678 2338 1761 2403 sit
1792 2338 1960 2403 inter
1982 2337 2153 2421 ipsos
2187 2337 2564 2420 quaesitum,
2591 2337 2696 2402 An
2725 2338 3006 2402 humana
3133 2418 3142 2424 ο

108 2428 313 2491 natura
360 2426 602 2492 Christi
642 2426 741 2493 διο.
794 2429 974 2512 Resp.
1023 2430 1078 2492 1.
1129 2427 1415 2505 Quaesiti
1447 2451 1557 2492 seu
1585 2426 1972 2511 quaestionis
2004 2449 2130 2510 qua
2152 2426 2302 2490 talis
2327 2426 2580 2510 proprie
2605 2427 2818 2492 nullae
2851 2430 3002 2490 sunt

106 2511 495 2596 hypotheseS,
538 2517 648 2580 sed
694 2516 1239 2582 determinationis
1275 2517 1569 2599 quaesiti,
1611 2516 1675 2580 h.
1702 2539 1757 2580 e.
1782 2515 2034 2580 theseos
2060 2515 2442 2580 affirmantis
2467 2519 2580 2581 aut
2599 2514 2915 2601 negantiS,
2943 2537 2998 2579 e.

106 2621 187 2684 gr.
231 2601 605 2678 Quaesitum
654 2609 770 2685 est,
821 2605 923 2668 An
950 2603 1239 2669 Christus
1262 2605 1673 2688 corporaliter
1704 2605 2118 2668 manducetur
2139 2605 2206 2668 in
2230 2603 2634 2670 eucharistia.
2682 2606 2733 2669 A
2741 2608 2811 2692 ff
2837 2603 3002 2668 Pon-

106 2689 263 2756 tificii
288 2691 333 2756 ἃ
366 2691 741 2756 Lutherani.
788 2698 962 2777 Ergo
985 2694 1235 2757 theseos
1291 2693 1337 2756 a
1382 2692 1925 2757 determinationis
1950 2693 2015 2755 in
2047 2692 2212 2757 hanc
2241 2695 2510 2776 partem,
2537 2693 2821 2757 diversae
2851 2713 2999 2776 pos-

106 2783 235 2842 sunt
257 2803 393 2844 esse
426 2781 472 2845 81
497 2803 717 2845 revera
740 2785 889 2846 sunt
913 2781 1331 2866 hypotheses:
1358 2803 1486 2845 non
1510 2784 1723 2845 autem
1749 2780 2162 2865 problematis
2188 2803 2298 2845 seu
2325 2780 2736 2863 quaestionis,
2763 2803 2997 2868 quam-

106 2865 195 2930 diu
226 2872 319 2932 est
342 2869 411 2933 in
438 2873 611 2933 statu
641 2869 1290 2934 indeterminationis:
1318 2869 1621 2953 quamdiu
1660 2870 1829 2933 enim
1855 2867 2015 2932 nihil
2041 2870 2318 2952 ponitur,
2343 2868 2506 2932 nihil
2531 2869 2997 2953 praesupponi-

106 2955 213 3020 tur.
256 2957 319 3018 2.
368 2956 529 3021 Cum
576 2956 879 3032 Quaestio
926 2979 1051 3022 una
1106 2962 1229 3032 est,
1256 2960 1303 3024 &
1333 2959 1397 3021 in
1424 2957 1687 3022 alteram
1714 2961 1962 3042 partem
1980 2956 2418 3033 determinata,
2445 2957 2594 3042 quia
2626 2959 2672 3024 ἃ
2695 2957 3000 3042 quamdiu

106 3039 159 3102 in
198 3045 397 3108 altera
456 3049 635 3128 parte
667 3047 799 3110 sive
826 3045 1187 3110 affirmante
1212 3047 1343 3110 sive
1374 3049 1649 3130 negante
1674 3045 2073 3122 conveniunt,
2101 3048 2146 3111 δι
2179 3067 2370 3109 unam
2395 3045 2608 3110 thesin
2632 3047 2998 3131 generalem

106 3132 553 3214 amplectuntur
598 3135 757 3198 duae
803 3139 915 3198 aut
960 3139 1088 3199 tres
1142 3137 1255 3198 aut
1300 3134 1513 3218 plures
1536 3137 1748 3217 partes
1780 3137 2030 3199 caetera
2051 3133 2219 3197 inter
2241 3155 2308 3196 se
2332 3133 2726 3214 dissidentes,
2751 3155 2878 3199 non
2902 3138 3000 3199 est

108 3220 368 3298 quaestio
402 3225 517 3285 aut
536 3222 739 3287 thesis
762 3223 875 3286 illa
907 3223 1257 3286 communis
1282 3223 1349 3285 in
1373 3222 1587 3304 plures
1612 3223 2038 3306 discerpenda,
2064 3221 2172 3286 sed
2196 3221 2288 3284 ita
2311 3221 2656 3299 retinenda,
2692 3223 2738 3288 ἃ
2763 3223 2998 3286 directe

108 3309 481 3390 argumentis
527 3311 985 3396 oppugnanda:
1038 3311 1321 3394 alioquin
1344 3310 1640 3395 turbatur
1670 3314 1876 3376 status
1899 3309 2379 3375 controversiae.
2427 3307 2534 3375 Sic
2558 3333 2654 3375 ex.
2679 3331 2776 3394 gr.
2803 3331 2995 3393 opera

108 3399 297 3459 nostra
352 3397 599 3460 faciunt
637 3399 957 3480 justitiam
1003 3403 1306 3476 nostram,
1362 3400 1409 3464 &
1433 3396 1674 3462 Christi
1699 3400 1928 3463 merita
1951 3403 2190 3484 negant
2215 3419 2350 3462 esse
2367 3398 2685 3482 justitiam
2709 3400 2993 3462 nostram

112 3477 420 3563 pontificii,
470 3483 811 3564 Sociniani,
838 3485 1381 3558 Remonstrantes‚
1406 3485 1890 3570 Anabaptistae,
1916 3487 1959 3551 J
1961 3487 2144 3551 udaei
2171 3489 2270 3553 διο.
2318 3484 2392 3550 In
2417 3487 2538 3550 hac
2561 3485 2731 3550 thesi
2775 3507 2992 3550 omnes

108 3573 495 3638 mnveniunt:
542 3574 848 3658 quidquid
894 3575 1238 3640 dissideant
1282 3575 1349 3638 in
1397 3574 1876 3658 hypothesibus
1925 3573 2060 3640 Nos
2107 3573 2274 3638 thesi
2305 3574 2401 3638 illi
2425 3574 2708 3660 generali
2739 3575 2990 3637 contro-

109 3660 349 3724 versiam
404 3683 751 3741 movemus,
798 3665 845 3730 ἃ
897 3662 1245 3727 antithesin
1290 3667 1571 3727 nostram
1618 3662 1852 3727 directe
1882 3662 2278 3747 opponimus,
2326 3661 2456 3727 Ubi
2489 3663 2568 3726 ad
2591 3660 2990 3746 quaestiones

108 3741 523 3828 hypotheticas
571 3755 683 3814 aut
728 3751 1147 3816 consectarias
1193 3772 1308 3835 per
1330 3751 1720 3816 adversarios
1745 3752 1878 3815 sive
1901 3749 2292 3829 SocinianoS,
2319 3750 2450 3814 sive
2473 3749 2858 3828 Pontificios,
2886 3750 2986 3814 διο.

110 3835 421 3912 probantes
468 3841 581 3901 aut
610 3838 1015 3904 defendentes
1048 3840 1385 3904 deventum
1409 3837 1621 3918 fuerit,
1662 3839 1738 3903 de
1760 3861 1924 3903 novo
1949 3843 2166 3904 contra
2186 3839 2331 3902 illos
2353 3838 2418 3901 in
2443 3837 2732 3902 terminis
2753 3858 2988 3920 propo-

106 3918 223 3985 sitis
262 3925 775 4006 determinamus,
821 3932 1070 3991 servato
1134 3927 1267 3991 scil.
1316 3927 1535 3992 eodem
1584 3927 1868 4010 subjecto
1905 3929 1950 3994 a
1976 3926 2356 4011 praedicato.
2404 3924 2616 3991 Aliter
2645 3926 2699 3990 si
2731 3926 2864 4005 fiat,
2889 3929 2988 3990 est

108 4026 255 4076 mera
266 4013 569 4089 confusiO,
595 4011 943 4094 ἀδολεσχία,
975 4013 1301 4089 ἀπαγωγὴ,
1329 4014 1744 4092 ἑτερσζὴτησις,
1770 4017 2182 4092 πολυζὴτησις.
2209 4015 2268 4078 3,
2289 4013 2430 4078 Hac
2443 4013 2740 4078 methodo
2767 4013 2985 4097 dispu-

108 4099 253 4162 tandi
278 4102 577 4166 tenebrae
601 4102 857 4166 veritati
882 4103 1313 4181 offunduntur,
1338 4125 1453 4166 nec
1476 4103 1874 4186 explicantur
1899 4102 2006 4166 sed
2029 4103 2236 4187 magis
2267 4102 2674 4187 implicantur
2697 4101 2981 4166 difficul-
3027 4106 3045 4126 ⁶

112 4186 262 4268 tates,
312 4191 359 4256 ἃ
383 4190 797 4274 problemata,
848 4190 1303 4276 logomachiae,
1332 4191 1748 4256 sciomachiae
1772 4191 1940 4254 inter
1963 4189 2342 4254 orthodoxos
2369 4189 2890 4274 multiplicantur.
2919 4189 2980 4254 4.

110 4267 365 4342 Breviter
408 4278 695 4357 dicimus,
730 4301 864 4344 esse
891 4279 1140 4344 unicam
1174 4279 1627 4363 quaestionem,
1674 4280 1775 4344 An
1803 4279 2085 4344 Christus
2115 4299 2245 4364 qua
2273 4278 2580 4344 mediator
2601 4281 2680 4345 sit
2702 4279 2978 4344 adoran-

111 4359 223 4439 dus,
264 4389 375 4432 seu
424 4388 515 4432 an
564 4367 849 4435 Christus
894 4369 1009 4434 sub
1056 4369 1160 4434 icco
1190 4369 1451 4452 formali
1486 4389 1613 4455 qua
1641 4369 1962 4449 mediator,
1983 4367 2062 4432 sit
2085 4367 2454 4434 adorandus
2477 4368 2540 4432 in
2565 4368 2668 4435 his
2692 4365 2981 4520 termglils

2739 4475 2844 4519 mo
