3694 4871
408 281 649 346 D1s1›‚
698 281 835 346 VI,
884 280 1003 345 Dp,
1050 271 1749 347 PnoPAoAmoNr.
1796 273 2187 346 Paeo-Am
2235 280 2805 348 ORIGINALIS.
2947 282 3073 348 165

108 489 325 555 quam
354 469 491 535 suis
509 468 755 534 haberet
778 468 1069 535 simulac
1085 467 1389 552 perderet.
1440 467 1529 532 Et
1553 468 1643 533 sie
1675 466 2013 534 Calvinum
2037 468 2314 551 explicat
2347 467 2676 552 Altingius
2700 466 2768 530 in
2791 466 3072 553 Exegesi

106 556 403 622 confess,
462 555 871 641 Augustanae
917 560 1039 622 art.
1089 558 1147 620 2.
1198 579 1261 640 p.
1307 556 1409 621 18.
1458 557 1684 624 Primo
1734 558 1936 642 7977777·
1957 577 2034 622 ex
2057 557 2381 622 divisionis
2403 557 2655 643 fallacia
2683 557 3072 622 calumniam

104 657 397 711 struunt
439 646 823 710 adversarii.-
871 645 1020 710 inde
1070 666 1313 732 quoque
1349 667 1425 710 em
1455 645 1862 730 ambiquitate
1889 645 2169 710 vocabuli
2193 645 2593 711 naturaliter.
2645 645 2873 725 Quod
2850 646 2972 728 ipsi
2995 647 3070 710 de

104 733 319 800 modo
334 727 619 800 naturali
628 735 977 818 accipiunt
1011 734 1307 800 Calvinus
1330 755 1472 800 vero
1494 734 1569 799 de
1591 755 1783 799 causa
1806 735 2052 818 interpr
2052 745 2254 800 etatur
2275 735 2346 798 in
2370 734 2542 802 1777778
2554 751 2844 797 sensum.-
2865 755 3070 817 pecca·

104 834 265 889 tum
314 823 491 888 Adae
537 822 829 888 omnibus
883 824 1016 907 ejus
1061 823 1321 906 posteris
1366 824 1739 906 imputatur,
1798 819 1862 887 st*
1891 834 2184 906 corrupto
2231 834 2499 888 naturae
2519 820 2741 887 exi-nde
2763 833 3074 888 contracta

104 913 185 976 in
244 931 467 977 07777788
500 911 857 996 987787877710
908 917 1345 996 propaqatur;
1370 912 1437 976 id
1466 931 1597 976 non
1622 912 1701 976 sit
1725 911 2125 990 naturaliter,
2148 911 2212 975 17.
2236 933 2284 976 8.
2313 913 2446 995 esus
2467 911 2682 996 prima
2712 929 2786 973 ae
2803 912 3070 994 propria

102 1020 325 1066 causa
350 1020 481 1064 non
502 1012 590 1065 est
619 1011 876 1078 natura,
908 1001 1033 1065 sive
1054 1001 1307 1065 animae
1328 1000 1727 1086 corporisque
1754 998 2124 1078 substantia,
2148 1000 2256 1064 8871
2277 1000 2345 1066 id
2359 1020 2544 1064 omne
2565 1021 2644 1064 ex
2666 999 2787 1062 Dei
2809 999 3070 1064 ordina-

104 1089 296 1154 tione
340 1089 600 1190 pendet.-
644 1089 757 1190 qui
803 1089 985 1154 sicuti
1031 1099 1221 1153 totam
1268 1088 1542 1154 humani
1583 1089 1828 1190 generis
1871 1098 2176 1153 naturam
2219 1089 2290 1152 in
2312 1109 2444 1154 uno
2467 1088 2718 1154 homi-ne
2739 1099 3072 1153 ornaverat

96 1177 693 1262 praestantissimis
739 1177 1026 1244 dotibus:
1072 1178 1161 1242 ita
1213 1177 1283 1243 in
1328 1177 1539 1242 eodem
1584 1179 1789 1262 ipsam
1837 1177 1916 1242 iis
1961 1177 2224 1242 777771αυὶ7
2268 1198 2342 1242 88
2370 1177 2628 1244 orbavit.
2652 1176 2834 1263 [pag.
2865 1177 3068 1262 1109]

101 1265 435 1330 Rollocus
475 1266 612 1330 loco
659 1288 853 1350 supra
902 1265 1013 1331 cit.
1066 1265 1219 1330 717887·
1270 1266 1327 1330 1.
1367 1263 1499 1330 Ubi
1524 1265 1718 1330 verba
1735 1266 1872 1349 ejus
1904 1265 2066 1330 vide.
2114 1265 2202 1330 Et
2225 1266 2382 1330 adde
2405 1289 2466 1350 p.
2499 1265 2644 1330 156.
2671 1264 2784 1328 ubi
2809 1264 3069 1329 modum

100 1353 615 1438 propagationis
646 1376 761 1438 per
784 1354 1151 1439 contagium
1174 1353 1453 1438 corporis
1476 1357 1785 1437 tanquam
1809 1353 2208 1437 probabilem
2238 1354 2329 1419 sic
2354 1355 2632 1439 explicat
2655 1353 2830 1418 Deus
2856 1353 3066 1419 eodem
3159 1419 3162 1424 .

98 1453 465 1522 momento,
510 1463 634 1528 quo
680 1445 967 1508 animam
1013 1455 1173 1508 creat
1214 1441 1271 1508 ἃ
1299 1443 1604 1527 infundit,
1617 1444 1791 1526 j‘usto
1815 1463 1930 1508 suo
1948 1443 2192 1527 judicio
2215 1465 2356 1508 eam
2379 1444 2621 1523 deserit,
2642 1441 3067 1530 permittitque

98 1531 380 1616 corpori
420 1532 981 1616 corrumpendam.-
1025 1533 1197 1617 Eryo
1250 1531 1457 1597 80718777
1504 1543 1815 1596 777077787770
1871 1530 1934 1599 ἃ·
1978 1533 2271 1615 temporis
2302 1544 2531 1616 puncto
2553 1533 2774 1597 anima
2797 1542 3066 1610 creatur,

100 1620 521 1704 infundit-ur,
552 1620 861 1687 deseritur
881 1622 923 1685 ὰ
946 1621 1099 1698 De0,
1124 1621 1556 1704 corrumpitur
1578 1621 1619 1684 ἀ
1640 1640 1916 1704 corpore.
1939 1619 2027 1684 Et
2049 1641 2197 1685 mox
2223 1622 2548 1705 proposito
2573 1621 2699 1686 alio
2723 1618 2930 1698 mod0,
2955 1619 3066 1703 qui

102 1713 219 1774 est
268 1731 389 1792 per
433 1709 687 1793 culpam
718 1708 954 1774 Adami
953 1729 1093 1811 ‘per
1115 1730 1311 1796 quam
1338 1721 1644 1795 tanquam
1666 1730 1780 1793 per
1800 1720 2056 1793 portam
2086 1710 2437 1776 transmisit
2461 1711 2529 1775 in
2554 1729 2768 1775 omnes
2785 1718 3067 1794 posteros

103 1818 276 1864 87708
327 1798 642 1898 quidquid
686 1798 811 1882 fuit
848 1799 919 1867 in
941 1799 1080 1882 ipso
1103 1798 1279 1876 mali,
1306 1797 1583 1880 subjicit,
1613 1798 1905 1879 Quaeres,
1943 1799 2113 1862 unde
2133 1799 2213 1864 sit
2243 1801 2363 1864 ista
2385 1800 2652 1887 efficacia
2670 1797 2870 1882 primi
2892 1797 3065 1862 illius

100 1887 374 1988 peceati,
420 1887 505 1951 ad
526 1887 1015 1973 propaqandum
1031 1898 1353 1970 peccatum
1378 1887 1445 1950 in
1469 1906 1683 1951 omnes
1719 1884 1783 1952 a
1804 1886 2087 1970 8777977108
2109 1888 2340 1952 Adami
2358 1899 2659 1972 posteros.
2698 1885 2890 1969 Resp.
2915 1885 3063 1974 Effi-

106 1975 371 2040 cacia-m
419 1975 591 2041 illius
635 1976 863 2060 peccati
905 1998 981 2041 ex
1024 1975 1207 2041 verbo
1260 1972 1324 2040 ἃ·
1355 1975 1597 2076 foedere
1618 1977 1898 2061 quodam.
1921 1975 2042 2042 Dei
2063 1996 2209 2054 esse,
2235 1977 2454 2078 977071·
2429 1997 2500 2040 777
2511 1977 2735 2079 prima
2757 1975 3065 2045 creatione

102 2063 363 2166 pepiqit
387 2084 533 2130 877777
555 2065 819 2141 Α7187770,
845 2065 945 2129 his
969 2065 1153 2150 quasi
1175 2063 1474 2148 conceptis
1496 2063 1730 2129 verbis.-
1760 2065 1946 2146 Quod
1965 2065 2022 2128 si
2043 2066 2270 2130 steterit
2293 2065 2525 2130 homo'
2501 2085 2572 2130 777
2593 2085 2664 2129 88
2687 2063 3062 2137 innocentia,

106 2154 191 2218 in
242 2173 379 2254 qua
416 2164 660 2220 creatus
684 2165 771 2218 est
796 2152 977 2220 stabit
1002 2152 1119 2219 sibi
1148 2151 1210 2218 a
1232 2153 1394 2219 suis:
1422 2153 1525 2218 sin
1550 2153 1768 2218 minus
1793 2154 2038 2230 steterit,
2063 2154 2172 2218 sed
2194 2155 2416 2237 lapsus
2445 2154 2656 2239 fuerit,
2683 2152 2920 2218 labetur
2943 2151 3064 2217 sibi

112 2239 185 2307 ἃ·
211 2241 388 2307 suis:
418 2239 480 2306 8.·
501 2242 917 2329 quodcunque
938 2243 1231 2308 7778177777·
1206 2263 1277 2307 777
1308 2242 1444 2327 ipso
1467 2254 1573 2321 887,
1600 2241 1667 2306 id
1690 2263 1874 2306 omne
1899 2242 2273 2308 transmittet
2291 2244 2359 2308 7·77
2373 2252 2652 2344 posteros
2669 2261 2836 2308 suos.
2864 2240 3063 2326 Atque

104 2328 220 2395 hic
266 2330 497 2397 modus
536 2343 893 2414 postremus
933 2331 1413 2432 propaqationis
1455 2331 1681 2414 peccati
1726 2330 2076 2415 oriqinalis,
2123 2352 2268 2396 877777
2313 2332 2560 2397 nitatur
2595 2329 2969 2397 authoritate
2998 2328 3061 2395 ἃ·

104 2419 327 2485 verbis
366 2421 662 2521 Apostoli,
702 2419 875 2487 nobis
900 2421 1105 2505 maqis
1127 2419 1385 2499 arridet,
1412 2417 1473 2486 ἃ·
1502 2420 1885 2486 moderati-3⁸
1862 2420 2128 2505 7779877ἱί8
2151 2419 2444 2486 omnibus
2475 2419 2641 2486 debet
2665 2418 3058 2522 satisfacere:

106 2507 432 2573 Tilenus‘
414 2531 481 2572 m
503 2513 823 2594 syntagm.
848 2512 994 2593 part
1022 2510 1081 2574 l.
1107 2531 1159 2573 8.
1188 2509 1291 2573 56.
1318 2471 1488 2573 tliesi
1513 2508 1617 2573 26.
1646 2510 1751 2572 27.
1779 2509 1884 2573 28.
1913 2510 2017 2573 29.
2047 2510 2152 2573 31.
2179 2510 2361 2576 Hanc
2363 2510 2742 2612 ‘corporisin
2759 2507 3057 2609 spiritum

102 2597 446 2676 actionem,
499 2618 643 2664 cum
688 2608 925 2665 natura
967 2618 1259 2682 respuere
1299 2598 1606 2677 videatur,
1661 2609 1812 2663 recte
1859 2598 1930 2663 in
1975 2598 2094 2663 Dei
2137 2598 2638 2682 potentissimam
2651 2597 2971 2682 justitiam
2995 2596 3059 2663 a·

90 2686 542 2787 justissimam
583 2688 929 2771 potentiam
974 2687 1331 2772 referimus,
1376 2687 1489 2751 1708
1512 2686 1681 2752 777810
1707 2706 1947 2770 poenae
1975 2687 2322 2752 ulciscentis
2354 2689 2602 2752 malum
2627 2685 2791 2752 illud
2811 2687 3055 2769 culpae,

105 2795 242 2861 9770
286 2775 540 2858 primus
578 2796 813 2859 parens
854 2786 1085 2855 noster,
1131 2776 1429 2859 spiritum
1451 2775 1633 2840 carni
1654 2774 2072 2859 subiqendum
2103 2778 2266 2841 ultro
2287 2776 2627 2861 prostituit,
2659 2773 2720 2841 ἃ
2743 2774 2857 2839 1708
2873 2785 3055 2857 pacto

106 2864 185 2929 in
234 2864 655 2930 necessitatem
687 2865 1004 2948 peccandi,
1036 2862 1098 2929 a
1128 2886 1211 2944 se,
1235 2862 1297 2930 ἃ·
1316 2876 1590 2947 posteros
1613 2884 1759 2929 87708
1781 2884 1997 2929 07777788
2023 2866 2290 2948 conjecit.
2341 2866 2449 2930 E'st
2471 2885 2615 2949 erqo
2644 2864 2866 2929 anima
2883 2884 3058 2947 pura

106 2951 396 3038 quidem,
441 2972 603 3038 quae
644 2974 686 3017 a
725 2955 856 3019 Deo
894 2954 1219 3019 conditur.-
1250 2953 1357 3017 sed
1382 2965 1591 3018 78777877
1600 2954 1744 3037 jam
1768 2962 1906 3017 tum
1929 2973 2040 3019 rea
2069 2954 2254 3019 debiti
2279 2953 2450 3018 illius
2474 2955 2544 3018 in
2565 2954 2776 3037 primo
2797 2962 3057 3036 parente

107 3040 435 3117 contracti,
486 3040 549 3107 ἃ·
590 3040 668 3106 80
693 3041 1063 3108 haeredibus
1086 3043 1219 3126 ejus
1250 3040 1665 3107 dissolvendi.-
1711 3042 1788 3107 At
1814 3062 1942 3126 qua
1964 3044 2143 3107 carni
2173 3041 2548 3128 hypostatice
2577 3043 2825 3120 unitur,
2851 3040 3055 3107 1707777·-

108 3149 388 3215 nemque
422 3130 774 3207 constituit;
802 3151 936 3195 77077
960 3131 1144 3197 modo
1176 3142 1443 3210 reatum,
1476 3130 1585 3195 sed
1612 3131 1797 3195 etiam
1821 3132 2073 3213 culpam
2097 3130 2310 3196 habet.-
2335 3132 2565 3216 quippe
2587 3151 2720 3195 ncn
2749 3132 3058 3214 inteqram

108 3218 259 3296 Dei,
300 3238 495 3303 quam
518 3217 777 3297 debebat,
802 3220 909 3284 sed
932 3230 1299 3320 corruptam
1323 3219 1601 3285 Adami'
1578 3219 1920 3303 7777897778777
1957 3216 2019 3283 a
2041 3220 2520 3285 similitudinem
2541 3240 2780 3305 qerens,
2807 3216 2963 3283 Gen.
2993 3219 3054 3282 5.

112 3308 177 3371 3.
229 3305 399 3371 Vide
450 3306 683 3391 disput.
730 3308 1013 3373 nostram
1065 3308 1140 3373 de
1186 3307 1433 3393 origine
1480 3307 1750 3372 animae.
1800 3309 2003 3373 Extra
2048 3308 2217 3372 1777778
2264 3308 2502 3374 Α7187777·
2541 3312 2811 3391 lapsum,
2859 3307 3055 3372 aliam

108 3405 395 3483 portam,
440 3396 748 3461 rimamve
790 3417 1086 3483 quaerere
1104 3417 1222 3481 per
1244 3417 1439 3483 quam
1462 3396 1773 3498 irruperit
1790 3395 1903 3460 1708
1931 3397 2224 3461 7778177777·
2201 3417 2271 3461 777
2291 3416 2491 3481 9877778
2514 3397 2914 3471 humanum
2940 3394 3054 3458 170-

110 3484 373 3552 minum
417 3484 592 3549 estin
621 3486 975 3551 clarissima
1002 3484 1366 3571 Scripturae
1390 3486 1521 3549 luce
1544 3483 2036 3563 caecutientium,
2060 3483 2249 3550 Rom.
2283 3484 2342 3549 5.
2377 3484 2476 3549 15
2503 3484 2812 3551 Libidinis
2842 3484 3055 3566 servor

110 3575 186 3639 in
214 3592 347 3639 usu
390 3573 687 3658 conjuqii,
734 3574 847 3639 8787·
892 3572 1302 3654 δυσχώριστον
1348 3593 1679 3657 perperam
1709 3583 1918 3638 tamen
1941 3574 1980 3636 ὰ
2004 3572 2382 3659 quibusdam
2405 3594 2524 3655 pro
2548 3574 2738 3651 alveo,
2772 3570 3056 3637 tubulove

109 3662 439 3741 statuitur,
460 3682 573 3745 per
594 3682 801 3773 quemn
813 3662 962 3728 17888
978 3663 1171 3747 pestis
1194 3663 1237 3727 ὰ
1259 3660 1675 3763 parentibus·
1652 3682 1722 3726 777
1747 3660 1969 3727 liberos
2000 3661 2362 3738 7187108787,-
2382 3681 2528 3727 877777
2551 3680 2750 3747 neque
2779 3681 2840 3718 ου
2817 3656 3052 3729 'masne

109 3752 195 3818 sit
241 3750 347 3818 hic
384 3751 683 3853 pruritus
728 3758 803 3839 τῇ
842 3753 1204 3830 τεκνογονῑᾳ,
1228 3772 1425 3838 7789778
1447 3752 1731 3817 caritura
1752 3751 1832 3815 sit
1856 3761 2123 3815 naturae
2153 3751 2264 3816 illa
2289 3750 2390 3815 lue
2407 3751 2615 3833 proles
2639 3749 2775 3816 sine
2797 3747 3053 3814 libidine

108 3840 357 3926 qenita:
382 3840 613 3941 quippe
642 3840 713 3905 in
735 3818 977 3905 Adamo
1000 3841 1201 3922 lapsa,
1232 3838 1295 3905 a·
1322 3860 1452 3905 rea.
1476 3840 1681 3925 1977777·
1710 3840 1847 3941 ipsa
1869 3838 2205 3924 qeneratio,
2234 3837 2298 3905 a
2319 3834 2802 3915 περαατισμός,
2823 3836 3052 3901 modus

112 3939 221 4009 est,
274 3947 404 4015 quo
432 3928 503 3993 in
525 3928 809 3994 homines
832 3939 1173 4013 promanat
1196 3928 1309 3995 1708
1330 3930 1611 4005 malum;
1641 3928 1753 4014 9777·
1780 3926 1841 3993 ἃ·
1873 3948 2004 3993 77770
2027 3926 2142 3993 hoc
2165 3929 2348 3993 modo
2371 3925 2448 3991 ab
2479 3925 2730 3993 Adamo
2754 3925 3048 4009 pendent.

113 4019 529 4085 Hermannus
568 4018 1115 4119 Ravensperqerus
1160 4017 1231 4082 in
1276 4015 1591 4103 disponi
1639 4016 1743 4081 tit.
1790 4014 2081 4081 Adamas
2104 4018 2312 4082 miser.
2339 4014 2493 4080 thesi
2524 4013 2634 4079 34.
2665 4012 3051 4079 sententiam

114 4104 325 4171 Tileni
365 4104 636 4189 prolatis
682 4105 885 4190 ipsius
933 4104 1165 4186 verbiS,
1218 4106 1555 4190 approbat.
1598 4103 1867 4170 Rivetus
1909 4104 1976 4168 in
2000 4104 2161 4189 disp.
2189 4105 2264 4169 de
2287 4106 2545 4189 peccato
2569 4102 2794 4167 habita
2817 4100 3050 4167 Leidae

118 4195 311 4260 1621.
332 4190 507 4279 May.
532 4192 637 4259 25.
666 4192 862 4296 Resp.
884 4192 929 4258 J
932 4215 1026 4260 ac
1048 4192 1339 4259 Fontano
1362 4194 1532 4259 thesi
1560 4194 1661 4258 16.
1692 4194 1918 4260 Modus
1939 4204 2150 4259 autem
2170 4214 2293 4281 quo
2313 4202 2711 4277 propayatur
2731 4202 3052 4294 peccatum

114 4283 419 4370 oriqini83
448 4304 558 4349 nec
578 4296 664 4349 est
681 4304 801 4369 per
823 4282 1259 4364 imitationem,
1282 4295 1353 4349 ut
1374 4282 1654 4350 volebant
1677 4282 2027 4369 Pelaqiani,
2056 4282 2236 4369 [pag.
2267 4280 2472 4368 1110]
2496 4302 2607 4347 7788
2621 4302 2740 4367 per
2760 4282 3050 4347 animam

114 4384 383 4454 tantum,
406 4392 517 4439 nec
534 4393 650 4460 per
669 4392 901 4459 corpus
926 4383 1193 4455 tantum,
1215 4392 1327 4439 7788
1346 4394 1461 4461 per
1483 4392 1713 4453 semen,
1733 4382 1802 4439 ut
1825 4372 1959 4452 alii,
1985 4371 2092 4436 sed
2111 4372 2327 4458 primo
2351 4382 2666 4441 momento
2688 4369 3048 4457 Conjuncti-

2907 4458 3048 4524 onis
