3694 4871
744 331 2479 399 D1sp.111.DnJunnsrrJusmmiDm.
2997 337 3081 400 69

142 525 382 586 natura
427 525 612 605 turpe
659 543 796 584 esse
837 520 1172 599 foeminae,
1224 521 1278 584 si
1325 521 1606 586 radatur.
1641 523 1686 587 δι
1713 520 1847 583 viro
1884 521 1939 584 si
1962 521 2243 604 prolixos
2269 519 2531 604 capillos
2557 520 2689 584 alat
2718 521 2774 584 l.
2807 521 3082 586 Corinth.

145 611 258 674 11.
310 611 546 674 Eadem
591 609 1008 674 nihilominus
1056 610 1235 674 docet
1268 610 1630 693 oppositum
1657 609 1996 692 utrobique
2030 631 2164 673 esse
2197 608 2553 672 faciendum
2586 608 2651 672 in
2676 631 2825 674 casu
2856 609 3083 686 morbi,

139 703 266 762 aut
312 699 569 762 alterius
613 697 1032 762 necessitatis.
1087 705 1176 762 De
1217 699 1352 762 viro
1377 698 1674 762 muliebri
1714 702 1888 761 veste
1914 698 2228 762 induendo
2252 699 2421 761 idem
2452 699 2859 762 statuendum
2898 699 3081 785 [pag.

143 788 314 872 397]
341 787 673 871 ubipatria
697 787 1044 858 liberanda,
1071 792 1181 851 aut
1206 787 1558 852 innocentis
1593 786 1724 850 vita
1751 786 2076 871 tyrannidi
2115 785 2564 859 subtrahenda,
2592 791 2703 850 aut
2730 786 2796 849 in
2825 809 3079 851 carcere

141 899 374 960 corpus
419 877 785 960 tegendum,
842 899 984 939 cum
1007 876 1172 939 nihil
1213 876 1388 940 aliud
1436 875 1756 959 suppetit;
1793 897 1907 940 nec
1926 881 2139 938 tamen
2173 897 2527 959 repugnare
2555 875 2711 938 illud
2738 877 3074 940 Denter-on.

141 965 252 1028 22.
285 964 589 1028 Prohibet
621 969 850 1028 natura
882 965 1251 1049 conjugium
1277 987 1421 1028 cum
1447 986 1679 1042 sorore,
1713 965 1934 1028 eadem
1965 967 2181 1027 tamen
2215 964 2417 1028 suasit
2448 963 2608 1026 illud
2640 963 2789 1028 filiis
2826 963 3078 1028 Adami.

139 1053 246 1117 Ex
293 1053 601 1117 Oasuistis
643 1052 992 1117 Pontificiis
1048 1076 1175 1117 non
1227 1053 1413 1137 pauci
1459 1056 1752 1116 statuunt
1790 1052 1857 1115 in
1905 1075 2054 1117 casu
2100 1056 2420 1116 extremae
2467 1052 2864 1116 necessitatis
2896 1074 3081 1135 posse

139 1163 335 1224 quem
383 1142 592 1205 aliena
635 1142 804 1205 bona
850 1145 1257 1220 contrectare,
1310 1164 1388 1206 ne
1436 1140 1605 1205 fame
1637 1145 1876 1224 pereat.
1926 1140 2023 1203 De
2049 1162 2172 1223 quo
2198 1161 2309 1204 nos
2336 1140 2400 1203 in
2433 1142 2941 1223 praesentiarum
2956 1163 3083 1205 non

139 1231 565 1313 disputamus.
615 1229 758 1294 Huc
793 1228 1016 1294 referri
1040 1235 1252 1314 potest
1279 1231 1640 1313 exemplum
1666 1231 1740 1292 de
1767 1229 2098 1313 stipendiis
2126 1229 2595 1294 ministrorum:
2646 1230 2815 1312 quod
2858 1252 3079 1294 neces-

137 1319 357 1384 sitatis
397 1320 444 1384 a
481 1319 644 1403 juris
695 1319 1008 1383 naturalis
1056 1325 1170 1383 est.
1221 1319 1308 1383 Et
1345 1322 1560 1382 tamen
1587 1316 1826 1382 Paulus
1858 1317 2081 1400 positis
2115 1317 2421 1401 ponendis
2454 1317 2532 1381 ab
2561 1317 2824 1382 ecclesia
2856 1317 3078 1383 Corin·
3126 1357 3143 1366 -

139 1407 362 1471 thiaca
387 1407 594 1472 noluit
625 1407 920 1491 recipere.
972 1407 1151 1482 Quod
1175 1407 1370 1472 simili
1397 1407 1458 1470 in
1493 1429 1642 1471 casu
1669 1407 2047 1470 imitandum
2073 1411 2169 1470 est
2193 1406 2486 1470 omnibus
2518 1406 2853 1470 ministris,
2916 1405 3080 1472 Con-

135 1495 236 1560 fer
260 1497 427 1580 disp.
455 1501 736 1560 nostram
761 1497 835 1560 de
865 1497 1192 1580 stipendiis
1236 1496 1692 1561 allinislrormn.
1743 1495 1863 1558 Est
1896 1517 2049 1578 ergo
2083 1499 2419 1576 utrumque
2441 1494 2603 1577 juris
2636 1497 2681 1560 a
2706 1494 2867 1579 legis
2894 1499 3081 1560 natu-

135 1585 324 1649 ralis:
375 1583 498 1649 Sed
523 1583 698 1668 prius
721 1585 918 1648 habet
949 1607 1015 1648 se
1043 1589 1112 1649 ut
1138 1586 1232 1649 lex
1258 1584 1596 1664 generalis,
1623 1583 1940 1667 posterius
1989 1587 2061 1646 ut
2085 1583 2188 1647 lex
2220 1583 2530 1667 specialis.
2582 1582 2788 1658 Quam
2812 1583 3075 1648 distinc-

135 1674 384 1738 tionem
439 1675 556 1737 sub
603 1673 745 1737 istis
785 1674 1076 1737 terminis
1125 1673 1321 1739 habet
1356 1675 1636 1738 polanus
1668 1672 1771 1736 lib.
1809 1674 1869 1735 6.
1898 1694 2033 1756 cap.
2066 1674 2166 1734 10.
2220 1669 2499 1736 Rursum
2532 1671 2841 1757 distingui
2872 1677 3083 1756 potest

136 1762 242 1826 lex
275 1761 341 1825 in
367 1762 754 1826 ordinariam
780 1764 824 1827 8t
849 1762 1433 1826 extraordinariam.
1484 1760 1649 1824 Sunt
1675 1761 1783 1825 alii
1812 1761 1923 1844 qui
1954 1760 2132 1844 prius
2165 1763 2391 1824 vocant
2414 1760 2657 1844 legem3
2686 1762 2731 1825 a
2760 1761 3077 1844 posterius

137 1851 580 1934 exceptionem
608 1851 830 1934 alege.
881 1849 1018 1926 Quo
1042 1851 1295 1915 nomine
1329 1851 1704 1934 appelletur,
1748 1850 1977 1913 saltem
2025 1853 2292 1926 constat,
2334 1849 2522 1912 licere
2562 1849 2715 1933 quid
2763 1848 2976 1933 aliquo
3010 1849 3077 1913 in

134 1961 292 2004 casu
313 1945 438 2018 ,aut
461 1961 538 2003 ex
571 1943 744 2002 certa
769 1938 982 2022 aliqua
1009 1938 1366 2024 hypothesi,
1401 1939 1566 2022 quod
1595 1939 1907 2014 absolute,
1933 1938 2370 2014 communiter,
2398 1937 2735 2016 ordinariO,
2764 1939 2807 2004 ἃ
2834 1961 3081 2022 semper

133 2051 264 2092 non
317 2028 502 2092 licet:
551 2027 640 2090 Et
686 2031 836 2092 tunc
878 2029 984 2112 jus
1031 2028 1320 2111 juri,-lex
1346 2028 1476 2111 legi
1501 2050 1628 2091 non
1657 2030 1995 2110 repugnat,
2020 2027 2129 2090 sed
2156 2030 2405 2090 tantum
2437 2025 2736 2090 distincta
2760 2028 2806 2092 a
2831 2027 3081 2091 diversa

134 2120 310 2192 sunt,
362 2121 668 2200 tanquam
723 2121 935 2200 partes
974 2117 1375 2199 integrantes
1420 2117 1606 2180 unius
1662 2117 1706 2180 δι
1755 2116 1955 2180 totius
2007 2115 2167 2199 legis
2194 2115 2273 2178 ab
2300 2115 2518 2178 eodem
2550 2115 2918 2198 legislatore
2941 2115 3078 2180 Deo

135 2205 422 2273 sancitae
456 2208 502 2270 &
525 2205 841 2270 revelatae
867 2206 1181 2288 siquidem
1206 2205 1635 2269 consideretur
1665 2205 1768 2268 lex
1803 2203 2096 2288 specialis
2130 2207 2202 2268 ut
2226 2203 2521 2286 explicite
2546 2203 2901 2288 proposita3
2929 2209 3080 2269 tunc

132 2295 310 2358 enim
358 2294 462 2357 lex
509 2293 802 2378 specialis
846 2293 1042 2358 habet
1067 2317 1134 2358 se
1160 2295 1240 2358 ad
1265 2293 1473 2378 legem
1499 2293 1883 2378 generalem,
1912 2296 1983 2356 ut
2006 2314 2241 2356 novum
2267 2294 2312 2357 δι
2337 2291 2594 2376 insuper
2626 2292 2941 2374 adjectum
2966 2293 3077 2358 ad-

133 2383 563 2449 ditamentum
617 2383 662 2448 δι
703 2383 1054 2466 ampliatio,
1102 2383 1201 2447 illi
1243 2383 1607 2448 coordinata
1655 2385 1701 2449 δι
1747 2381 2153 2446 collateralis.
2204 2378 2319 2445 Sin
2350 2402 2498 2445 vero
2522 2380 2975 2461 consideretur,
3004 2385 3077 2446 ut

131 2472 447 2556 implicite
471 2472 538 2535 in
563 2494 637 2536 ea
669 2476 985 2551 contenta,
1030 2475 1075 2538 a
1107 2472 1554 2537 subintellecta
1579 2471 1646 2535 in
1673 2475 1885 2535 mente
1915 2474 2104 2555 atque
2130 2470 2481 2535 intentione
2507 2469 2899 2554 legislatoris
2925 2473 2970 2536 a
2995 2493 3073 2545 ex

22 2566 25 2573 “
128 2561 370 2625 indicio
397 2561 614 2644 legum
638 2582 710 2624 ac
732 2559 1186 2644 principiorum
1210 2561 1558 2645 primorum
1584 2564 1774 2643 atque
1805 2559 2262 2623 universalium
2294 2560 2369 2623 de
2395 2558 2689 2624 absoluta
2726 2561 2771 2625 δι
2794 2558 3083 2643 perfecta-

131 2650 406 2715 caritate
456 2652 501 2715 δι
545 2648 908 2713 obedientia
937 2648 1068 2714 Deo
1093 2650 1335 2713 debita:
1384 2650 1714 2713 dicendum
1740 2653 1837 2712 est
1866 2648 2203 2732 specialem
2230 2647 2439 2733 legem
2464 2647 2751 2731 generali
2782 2648 3070 2712 subordi-

131 2739 300 2815 nari,
326 2738 372 2801 δι
390 2760 468 2802 ex
493 2760 568 2802 ea
599 2738 798 2801 educi.
850 2737 950 2803 Ita
973 2742 1045 2803 ut
1068 2738 1262 2802 simili
1286 2737 1417 2801 fere
1443 2739 1628 2802 modo
1661 2738 1735 2801 de
1762 2736 2205 2800 convenientia
2237 2736 2283 2800 δι
2316 2734 2721 2801 distinctione
2746 2736 3077 2820 utriusque

126 2826 544 2911 judicandum
599 2826 702 2902 sit,
744 2849 868 2909 quo
895 2826 1112 2891 Ethici
1157 2828 1232 2891 de
1258 2826 1698 2891 convenientia
1725 2828 1769 2890 a
1807 2824 2167 2889 discrimine
2186 2823 2476 2908 justitiae
2504 2827 2549 2890 ἃ
2576 2824 2938 2908 aequitatis.
2988 2824 3077 2889 Et

131 2916 469 2980 Casuistae
512 2936 586 2979 ac
630 2914 790 2979 JCG.
841 2915 1259 2980 communiter
1305 2914 1646 2979 conciliant
1666 2914 1990 2998 justitiam
2016 2914 2467 2996 particularem
2498 2936 2647 2977 suas
2672 2912 2896 2997 cuique
2920 2936 3073 2998 pos-

133 3004 452 3069 sessiones
481 3003 926 3082 vindicantem,
975 3026 1118 3068 cum
1165 3004 1580 3088 usucapione:
1633 3025 1776 3067 cum
1828 3007 2097 3085 utraque
2148 3003 2227 3065 ad
2251 3001 2573 3086 justitiam
2596 3000 2913 3066 referatur
2935 3006 3075 3067 tan·

133 3115 331 3176 quam
353 3116 504 3177 pars
536 3094 614 3156 ad
637 3096 846 3157 totum
870 3092 1204 3173 integrale,
1232 3097 1342 3157 aut
1366 3092 1672 3175 tanquam
1697 3091 1937 3176 species
1970 3091 2047 3155 ad
2073 3112 2274 3172 genus
2306 3112 2421 3154 seu
2444 3094 2653 3154 totum
2677 3090 3036 3156 universale
3058 3116 3072 3167 3

135 3184 178 3247 a
231 3185 508 3265 utraque
559 3204 634 3244 ex
681 3180 904 3265 primis
959 3182 1094 3264 ejus
1148 3181 1478 3265 principiis
1513 3182 1877 3244 deducatur.
1925 3178 2013 3243 Et
2043 3178 2357 3263 Theologi
2382 3201 2601 3243 omnes
2626 3180 2701 3242 de
2724 3180 3077 3264 praeceptis

133 3270 666 3335 ceremonialibus
714 3269 1058 3349 affirmant,
1109 3270 1274 3353 quod
1328 3271 1546 3333 cedere
1579 3269 1853 3333 debeant
1876 3268 2247 3340 moralibuS‚
2282 3268 2357 3331 de
2382 3268 2737 3352 praeceptis
2760 3268 3076 3333 secundae

133 3359 416 3425 tabulae.
447 3358 612 3442 quod
637 3358 856 3422 cedere
889 3358 1162 3423 debeant
1185 3358 1540 3442 praeceptis
1565 3357 1806 3442 primae
1833 3357 2109 3420 tabulae.
2167 3357 2343 3420 Unde
2382 3360 2601 3420 tamen
2636 3377 2761 3420 non
2788 3356 3075 3439 sequitur

135 3448 492 3532 posteriora
537 3469 662 3511 non
711 3469 846 3511 esse
903 3447 1065 3531 legis
1112 3452 1398 3522 naturae,
1426 3446 1705 3525 moralis,
1731 3445 2191 3521 immutabilis3
2226 3449 2338 3509 aut
2361 3449 2699 3529 praecepta
2722 3444 3075 3529 praeceptis

137 3536 454 3621 opposita,
503 3534 929 3600 obedientiam
977 3535 1394 3599 obedientiae.
1433 3534 1663 3599 Omnia
1706 3556 1859 3619 ergo
1902 3534 2057 3598 haec
2089 3534 2433 3598 secundum
2464 3533 2671 3617 legem
2716 3532 3079 3617 generalem

137 3626 182 3690 ἃ
215 3625 563 3689 secundum
601 3624 941 3709 specialem
989 3646 1152 3707 quae
1185 3624 1503 3709 generalis
1559 3623 1720 3708 legis
1762 3623 2073 3706 appendix
2099 3625 2144 3688 &
2171 3624 2671 3687 additamentum
2702 3622 3011 3704 (exceptio
3038 3624 3076 3685 a

135 3714 387 3799 regula,
443 3736 625 3778 casus
672 3718 1050 3791 reservatuS,
1101 3713 1259 3797 legis
1317 3712 1773 3796 interpretatio.
1821 3712 2178 3795 ampliatiO,
2221 3711 2525 3788 extensio,
2554 3712 2729 3795 [pag.
2766 3710 2929 3796 398]
2962 3714 3075 3775 aut

138 3823 514 3887 quocunque
562 3802 688 3866 alio
726 3802 978 3867 nomine
1005 3802 1384 3885 appelletur)
1411 3800 1719 3885 praestita
1745 3805 1856 3865 aut
1880 3800 2260 3883 praestanda
2287 3800 2363 3864 ad
2385 3800 2489 3883 jus
2514 3798 2796 3863 divinum
2820 3798 2865 3861 a
2887 3802 3072 3863 natu-

139 3892 274 3956 rale
309 3892 662 3956 revocanda
702 3894 882 3955 sunt:
910 3913 1025 3955 nec
1049 3889 1216 3955 inter
1241 3890 1587 3973 adiaphora
1610 3890 2017 3961 numeranda,
2054 3892 2360 3971 tanquam
2380 3888 2556 3953 nullo
2582 3890 2916 3971 praecepto
2941 3887 3075 3953 sive

140 3980 432 4044 absoluto
463 3979 596 4043 sive
621 3978 1050 4063 hypothetico.
1079 3980 1378 4063 explicito
1404 3982 1515 4043 aut
1542 3978 1851 4062 implicito
1880 3977 2369 4060 circumscripta.
2421 3974 2536 4041 VI.
2588 3976 2799 4042 Probl.
2850 3978 2953 4039 An
2968 3976 3075 4059 jus

139 4068 452 4147 naturale,
478 4073 668 4152 prout
697 4067 914 4132 stricte
939 4068 1230 4144 sumitur,
1263 4090 1379 4152 pro
1427 4068 1562 4131 sola
1609 4072 1838 4130 natura
1870 4071 2038 4142 not0,
2064 4068 2108 4131 δι
2134 4064 2604 4149 supernaturali
2627 4062 3074 4129 contradistin-

143 4158 382 4241 guitur,
428 4160 744 4241 repugnet
792 4158 1281 4241 supernaturali.
1334 4158 1511 4241 Hesp.
1563 4156 1690 4239 Ney
1759 4155 1881 4219 Est
1913 4155 2080 4219 enim
2106 4158 2143 4217 a
2165 4153 2303 4217 Deo
2334 4158 2555 4219 autore
2578 4158 2845 4219 naturae
2869 4153 3075 4218 sanci-

143 4250 278 4310 tum
319 4246 366 4310 8⁶
419 4246 816 4310 revelatum:
873 4250 1329 4329 consequenter
1377 4266 1596 4309 verum
1643 4266 1809 4320 ver0,
1850 4244 2086 4308 bonum
2111 4244 2274 4307 bono
2298 4264 2424 4306 non
2447 4247 2779 4328 repugnat.
2829 4241 3077 4309 Deinde

145 4356 268 4398 non
292 4336 504 4399 diflert
527 4335 694 4418 quod
721 4334 800 4399 ad
823 4334 1160 4399 materiam
1207 4358 1387 4398 suam
1445 4337 1481 4397 a
1529 4333 1670 4415 lege
1714 4332 1942 4397 morali
1966 4332 2534 4415 supernaturaliter
2594 4332 2904 4397 revelata:
2939 4332 3075 4397 scil.

146 4427 448 4505 quantam
487 4422 534 4487 a
582 4444 908 4509 quousque
955 4446 1354 4489 communem
1406 4444 1550 4487 cum
1583 4426 1656 4486 ea
1681 4422 1880 4487 habet
1911 4420 2265 4486 materiam.
2312 4420 2767 4487 Extensionem
2790 4422 3075 4572 ailiitemoe&

2886 4529 2973 4571 mi
3043 4530 3075 4572 s
