3694 4871
417 251 634 317 D1sr.
685 249 865 315 VIII.
915 250 1026 314 Dr:
1073 251 1438 316 PansoNA
1487 249 1822 316 Cnmsri
1872 249 2403 338 Man-urowa.
2452 253 2662 320 Pius
2708 254 2795 320 ΙΙ.
2932 254 3057 319 231

67 434 324 519 bique
374 430 446 494 τὸ
492 457 621 520 qua
666 435 1186 520 reduplicativwm
1249 435 1527 518 intelligi
1575 434 1736 510 volo,
1796 457 1870 499 eo
1917 436 2083 518 quod
2121 435 2605 521 fundamentum
2630 439 3061 504 adorationem

71 523 434 604 fundans,
486 527 532 589 &
578 525 898 608 objectum
945 524 1220 600 primum
1272 546 1344 587 ac
1389 523 1596 607 primo
1641 523 2121 588 terminativnm
2155 524 2542 590 adorationis
2566 526 2672 591 hic
2696 531 3058 610 quaeratur.

71 610 218 676 Sic
278 635 443 698 ergo
470 612 756 695 quaestio
797 611 1192 676 reformetur.
1250 609 1350 674 An
1399 611 1687 675 Christus
1721 633 1849 694 qua
1871 612 2081 690 hom0,
2112 613 2233 676 hoc
2257 617 2351 676 est
2377 614 2495 678 sub
2520 614 2631 678 illo
2656 614 2911 678 formali
2936 618 3061 696 qua

73 698 348 780 homo,
386 701 470 765 sit
494 701 866 764 adorandus,
917 699 1041 764 Hic
1087 700 1445 764 affirmetur
1468 703 1580 762 aut
1619 703 1911 783 negetur,
1939 705 2049 764 aut
2075 700 2506 785 distinguatur
2572 703 2714 786 Ego
2739 701 2948 784 NegO,
2974 703 3061 767 si-

71 790 392 872 quidem
415 809 484 848 r:
511 812 637 872 qua
661 788 1132 872 reduplicative,
1158 791 1202 854 81
1227 785 1296 846 τὲ
1322 788 1436 852 sub
1463 789 1566 854 illo
1589 787 1850 872 formali
1872 810 2020 874 qua,
2061 789 2312 873 proprie
2362 791 2407 854 δι
2442 812 2519 854 ex
2554 812 2672 854 usu
2698 790 3057 856 scholarum

71 877 134 940 ἃ
200 901 296 941 ex
361 901 548 943 sensu
598 901 669 941 ac
717 899 902 960 scopo
948 877 1444 941 adversariorum
1498 875 1817 961 (Pontific.
1845 878 1889 942 ἃ
1915 876 2289 959 Lutheran.)
2318 877 2703 962 accipiatur:
2732 879 2827 942 uti
2859 879 3060 962 accipi

75 966 336 1030 debet.
392 967 462 1030 Si
484 988 806 1050 opponens
831 987 1074 1028 mecum
1100 967 1144 1029 ἃ
1171 987 1314 1028 cum
1339 964 1634 1028 omnibus
1661 964 2027 1028 orthodoxis
2052 969 2263 1050 neget,
2282 966 2419 1049 jam
2442 966 2613 1030 videt
2643 989 2781 1031 esse
2806 971 3055 1032 contro—

75 1055 406 1119 versiam
437 1055 694 1118 realem.
721 1051 833 1116 Sin
852 1075 994 1118 cum
1020 1053 1308 1118 pontific.
1337 1055 1382 1118 a
1399 1051 1781 1116 Lutheranis
1808 1053 2101 1130 affirmet,
2112 1055 2246 1137 jam
2266 1053 2388 1117 erit
2411 1055 2836 1119 controversia
2852 1055 3060 1139 magis

73 1142 342 1206 realis,
383 1143 508 1207 Sed
531 1144 582 1206 si
611 1142 981 1226 distinguat,
1009 1162 1470 1225 quamcumque
1512 1140 1979 1204 distinctionem
2006 1142 2274 1219 adferat,
2303 1143 2656 1207 necessario
2684 1146 2797 1207 aut
2828 1143 3059 1207 disser-

77 1231 284 1295 tatio
307 1233 454 1295 eius
473 1253 678 1295 meam
698 1252 951 1293 causam
963 1230 1234 1314 juvabit,
1257 1233 1368 1293 aut
1383 1229 1449 1292 in
1477 1251 1716 1292 meram
1737 1229 1961 1293 evadet
1986 1227 2375 1304 ἄκυρολογίκν
2402 1235 2513 1294 aut
2539 1236 2649 1304 λαγ
2660 1235 2923 1310 ομαχίαν
2948 1236 3061 1295 aut

73 1324 516 1398 σ-κωμκχίαν.
554 1317 782 1382 Restat
805 1341 970 1382 nunc
995 1317 1456 1382 controversiae
1479 1316 1670 1400 hujus
1695 1317 1900 1400 magis
1931 1317 2345 1381 illustrandae
2379 1339 2530 1403 ergo
2556 1319 2635 1382 ad
2650 1319 3055 1402 problemata

76 1407 438 1471 nonnulla
462 1407 968 1490 respondeamus,
992 1406 1197 1471 Probi.
1225 1405 1276 1469 I.
1303 1405 1406 1469 An
1437 1404 1818 1469 Lutheranis
1843 1405 2097 1469 concedi
2122 1405 2323 1488 possit
2348 1403 2673 1470 Christum
2699 1410 2827 1490 qua
2844 1407 3053 1471 homi-

77 1518 263 1559 nem
305 1496 734 1559 adorandum:
788 1499 859 1558 ut
898 1491 1358 1568 συγκαταβὰσει
1397 1493 1511 1557 illa
1535 1493 1747 1556 odium
1773 1491 2194 1557 Nestorianae
2228 1493 2553 1558 divisionis
2578 1499 2951 1560 naturarum
2991 1496 3059 1559 in

83 1583 322 1648 Chrio
352 1606 477 1668 quo
501 1606 614 1647 nos
632 1605 898 1668 gravare
923 1583 1148 1661 solent,
1172 1584 1351 1644 tanto
1374 1581 1601 1646 melius
1620 1581 1935 1645 declinare
1961 1581 2179 1664 &ipsis
2197 1582 2272 1645 de
2291 1582 2533 1646 sincera
2550 1583 2923 1648 orthodoxia
2938 1583 3059 1648 hac

83 1673 168 1734 in
193 1677 398 1756 parte
417 1671 781 1736 satisfacere
801 1670 1132 1754 possimus.
1149 1672 1328 1753 Hesp.
1356 1669 1404 1733 I.
1427 1670 1628 1736 Praes
1636 1670 2021 1753 apponimus
2036 1691 2278 1733 meram
2296 1671 2681 1735 calumniam
2699 1694 2855 1750 esse,
2873 1671 3060 1756 quid-

88 1761 274 1844 quid
309 1761 394 1824 de
419 1765 650 1844 negato
683 1759 858 1823 cultu
883 1761 928 1824 δι
961 1758 1325 1821 adoratione
1351 1757 1588 1822 Christi
1614 1757 1911 1834 hominiS,
1938 1780 2049 1822 seu
2072 1757 2348 1823 hominis
2388 1758 2627 1824 Christi
2643 1760 2710 1824 in
2742 1764 3049 1839 concret0,

85 1848 365 1912 nostris
389 1848 494 1912 hic
517 1848 872 1931 imponunt,
896 1845 1381 1930 apwdlacobmn
1401 1847 1687 1910 Andreae
1702 1847 1866 1929 disp.
1891 1847 1965 1910 de
1987 1867 2193 1925 comm,
2217 1868 2489 1931 persona
2518 1849 2743 1913 Christ.
2770 1869 3049 1913 com-mu·

89 1939 439 2002 nicatione
485 1936 875 2014 idiomatum,
906 1935 1194 2018 reliyiosa
1231 1935 1596 2000 adoratio-ne
1623 1934 1852 2000 Christi
1881 1955 2008 2018 qua
2033 1935 2236 2011 homo,
2271 1934 2605 2020 Tubingae
2634 1937 2823 2000 1582.
2871 1935 3054 2000 Nun-

95 2048 326 2108 quam
376 2025 544 2088 enim
591 2024 792 2088 nostri
837 2023 903 2086 in
952 2022 1242 2086 terminis
1295 2023 1384 2087 sic
1424 2022 1618 2086 locuti
1643 2027 1810 2100 sunt,
1835 2023 2069 2086 nedum
2102 2027 2173 2085 ut
2198 2022 2412 2088 thesin
2441 2024 2641 2088 talem
2665 2047 2743 2088 ex
2767 2023 3049 2106 professo

98 2113 372 2178 alicubi
428 2112 840 2177 defenderint.
888 2111 1024 2175 Nec
1071 2111 1266 2174 etiam
1319 2133 1433 2194 per
1485 2111 1684 2175 ullam
1731 2110 2245 2194 consequentiam
2294 2132 2371 2176 ex
2417 2115 2653 2197 negata
2689 2111 3053 2176 adoratione

103 2201 377 2266 Christi
414 2200 689 2265 hominis
731 2223 857 2284 qua
893 2199 1190 2278 hominis,
1215 2199 1345 2263 tale
1376 2200 1528 2283 quid
1554 2199 1732 2263 educi
1757 2201 1800 2265 81
1825 2199 2069 2282 imponi
2107 2203 2345 2282 potest3
2372 2222 2498 2264 non
2522 2200 2729 2285 magis
2753 2222 2942 2283 quam
2977 2223 3053 2264 ex

101 2294 372 2375 negata
419 2289 650 2352 nostris
683 2293 902 2353 contra
938 2287 1304 2352 Socinianos
1328 2289 1374 2353 ἃ
1397 2286 1939 2364 Remonstrantes,
1960 2285 2414 2371 justificatione
2446 2310 2558 2371 per
2585 2288 2774 2352 fidem
2798 2309 2923 2372 qua
2948 2309 3052 2352 ca-

105 2379 324 2443 ritate
374 2377 750 2442 instructam
781 2378 826 2442 &
869 2376 1208 2452 efficacem,
1235 2375 1520 2441 concludi
1547 2376 1766 2459 possit,
1791 2397 1909 2440 nos
1932 2396 2167 2461 negare
2184 2375 2701 2460 justificationem
2729 2398 2842 2461 per
2864 2375 3053 2442 fidem

107 2468 404 2532 caritate
427 2466 802 2531 instructam
834 2468 880 2531 δι
906 2464 1228 2530 efficacem
1246 2489 1261 2542 3
1280 2468 1470 2548 atque
1504 2466 1658 2528 adeo
1683 2464 1961 2529 dividere
2000 2486 2073 2528 ac
2098 2463 2395 2528 divellere
2418 2465 2608 2529 fidem
2624 2469 2661 2529 a
2684 2464 2970 2544 caritate,
3006 2467 3053 2533 ἃ

109 2554 428 2619 absolute
467 2558 744 2619 statuere
790 2575 1026 2633 veram,
1075 2554 1304 2632 vivam,
1361 2575 1432 2617 ac
1485 2553 1832 2617 salvificam
1879 2574 2013 2616 esse
2039 2552 2246 2631 fidem,
2280 2574 2440 2635 quae
2465 2553 2549 2617 sit
2572 2554 2708 2618 sine
2733 2553 3050 2637 operibUS,

109 2648 356 2709 contra
397 2643 597 2707 Jacob.
646 2644 704 2704 2.
760 2644 897 2709 Gal.
948 2640 1008 2704 5.
1055 2644 1511 2724 consequenter
1537 2640 1705 2704 bona
1728 2662 1921 2723 opera
1942 2662 2067 2704 non
2092 2662 2229 2705 esse
2252 2640 2415 2705 veris
2440 2640 2734 2707 fidelibus
2765 2641 3053 2706 absolute

113 2736 246 2796 aut
295 2731 432 2795 ullo
479 2732 663 2795 modo
695 2729 1067 2795 necessaria.
1116 2729 1254 2806 Qua
1295 2730 1568 2793 absurda
1599 2732 1644 2795 &
1677 2728 2068 2793 calumniosa
2090 2728 2538 2811 consequentia
2560 2728 2883 2794 Pontificii
2908 2752 3053 2794 sen·

113 2820 410 2885 tentiam
459 2819 868 2882 orthodoxam
916 2839 1182 2902 gravare
1208 2818 1432 2881 solent.
1481 2816 1628 2881 Non
1653 2816 1861 2901 magis
1888 2816 2103 2896 etiam,
2129 2838 2321 2899 quam
2344 2815 2665 2882 Sociniani
2686 2817 2919 2882 nostris
2941 2839 3053 2883 ne-

114 2907 442 2994 gantibus
488 2906 812 2971 Christum
859 2910 987 2991 qua
1031 2909 1468 2991 resurgentem
1490 2928 1567 2969 ex
1600 2905 1866 2969 mortuis
1892 2908 2003 2968 aut
2026 2927 2153 2989 qua
2177 2909 2465 2969 evectum
2491 2907 2570 2970 ad
2594 2907 2883 2970 dextram
2908 2905 3052 2985 Dei,

116 3018 289 3072 esse,
343 2994 487 3074 dici,
519 2995 687 3059 credi
711 2994 1110 3080 unigenitum
1145 2992 1266 3057 Dei
1291 2994 1530 3070 filium;
1555 2993 1879 3076 imponere
1903 2996 2177 3075 possent,
2206 2993 2493 3057 absolute
2517 2994 2742 3078 negari
2765 2994 2845 3057 ab
2872 2994 3052 3078 ipsis,

117 3086 321 3171 [pag.
381 3084 544 3169 322]
600 3083 922 3148 Christum
970 3082 1344 3146 suscitatum
1387 3104 1463 3145 ex
1507 3081 1774 3145 mortuis
1815 3083 1863 3147 δι
1887 3080 2260 3145 collocatum
2287 3082 2365 3145 ad
2391 3082 2678 3146 dextram
2702 3081 2822 3145 Dei
2849 3103 2984 3146 esse
3008 3082 3055 3147 8⁶

115 3174 304 3238 credi
329 3172 730 3257 unigenitum
754 3170 877 3235 Dei
907 3170 1139 3233 filium:
1167 3174 1278 3234 aut
1302 3174 1517 3235 nostra
1539 3168 1660 3233 hac
1683 3169 2029 3233 assertione
2053 3191 2166 3233 seu
2189 3170 2655 3252 praedicatione
2679 3171 2755 3234 de
2786 3192 3055 3253 persona

119 3260 377 3327 Christi
427 3260 662 3338 divelli,
715 3261 762 3324 δι
809 3259 1084 3342 separari
1135 3258 1655 3323 resurrectionem
1713 3261 1825 3321 aut
1856 3257 2199 3321 sessionem
2224 3257 2303 3321 ad
2327 3257 2615 3322 dextram
2640 3261 2677 3322 a
2699 3258 2833 3322 fflio
2852 3256 2978 3322 Dei
3008 3259 3055 3325 ἃ

120 3350 475 3425 filiatione3
510 3352 656 3432 quia
701 3348 836 3412 scil.
886 3347 1088 3411 filium
1136 3350 1262 3429 qua
1291 3347 1487 3410 talem
1522 3347 1782 3429 ejusque
1829 3344 2205 3409 filiationem
2228 3351 2518 3410 accurate
2541 3346 2991 3430 distinguimus
3018 3348 3055 3409 a

120 3436 615 3515 resurrectione,
656 3441 767 3501 aut
811 3435 1084 3499 sessione
1129 3435 1208 3498 ad
1261 3435 1568 3513 dextram,
1617 3436 1662 3499 &
1716 3433 2043 3516 proprium
2082 3456 2155 3497 ac
2186 3433 2545 3517 proximum
2570 3433 3052 3498 fundamentum

125 3526 324 3590 unius
369 3529 407 3589 a
454 3524 707 3608 proprio
755 3527 800 3590 δι
847 3524 1136 3607 proximo
1182 3522 1596 3587 fundamento
1636 3521 1917 3585 alterius.
1965 3519 2051 3585 H.
2100 3522 2387 3587 Dicimus
2418 3520 2803 3595 ἂκυρολογίαν
2842 3542 2976 3585 esse
3008 3527 3053 3583 δι

123 3636 386 3679 merum
417 3613 830 3678 terminorum
878 3612 1168 3689 abusum,
1216 3614 1406 3693 atque
1453 3612 1608 3674 adeo
1656 3608 2089 3674 confusionem
2122 3609 2761 3693 praedicationum-de
2786 3629 3054 3693 persona
3112 3674 3119 3681 ,

127 3702 378 3767 Christi
427 3709 610 3785 (quas
656 3699 1031 3765 Scholastici
1085 3701 1130 3765 ἃ
1175 3699 1374 3763 nostri
1421 3700 1487 3761 in
1533 3698 1656 3762 hac
1708 3698 1978 3761 materia
2001 3701 2291 3762 accurate
2320 3696 2746 3781 distinguunt)
2772 3719 2915 3761 cum
2938 3719 3053 3780 pro

127 3792 356 3855 eodem
395 3794 736 3854 sumuntur
771 3790 1050 3855 Christus
1082 3788 1288 3866 hom0,
1313 3789 1358 3852 &
1402 3788 1683 3853 Christus
1708 3807 1837 3872 qua
1860 3786 2063 3851 homo.
2100 3784 2296 3849 Recte
2328 3787 2375 3850 &
2400 3787 2545 3849 vere
2570 3785 2831 3849 dicitur:
2870 3785 3051 3851 Chri-

126 3892 264 3946 stus
287 3878 476 3943 homo
499 3882 596 3943 est
619 3882 935 3956 aeternus,
960 3876 1400 3954 immutabiliS,
1427 3874 1954 3959 simplicissimus,
1974 3874 2399 3957 incorporeUS,
2418 3872 2725 3953 infinitus,
2751 3873 3050 3957 omnipo-

128 3972 276 4031 tens
315 3968 417 4031 διο.
466 3966 648 4045 Item,
697 3966 934 4030 creavit
977 3965 1302 4043 mundum,
1336 3964 1574 4028 creavit
1595 3962 1919 4027 hominem
1945 3962 2023 4026 ad
2049 3961 2393 4046 imaginem
2420 3960 2561 4040 Dei,
2595 3961 2883 4045 permisit
2914 3962 3052 4046 lap-

133 4078 276 4120 sum
321 4057 422 4120 810.
473 4053 597 4118 Sed
640 4055 976 4118 admodum
1005 4053 1351 4136 improprie
1377 4055 1421 4119 Sc
1445 4052 1794 4135 periculose
1834 4050 1921 4135 (si
1946 4072 2070 4113 non
2095 4050 2283 4128 falso)
2308 4049 2639 4127 diceretur,
2658 4049 2833 4135 Ergo
2859 4050 3053 4115 etiam

141 4143 428 4212 Christus
474 4163 602 4228 qua
655 4144 838 4207 homo
893 4146 986 4206 est
1034 4145 1346 4218 aeternus,
1393 4140 1702 4217 infinitus,
1748 4138 2155 4221 incorporeus
2181 4140 2280 4203 &a
2328 4141 2459 4217 aut,
2485 4138 2725 4203 creavit
2748 4138 3053 4203 mundum

137 4234 232 4298 Suc.
284 4230 568 4296 Rursum
614 4235 781 4295 recte
825 4232 870 4295 ἃ
931 4252 1078 4294 vere
1124 4230 1354 4294 dicitur
1400 4228 1690 4293 Christus
1728 4224 1904 4291 Deus
1934 4229 2221 4290 mortuus
2247 4230 2364 4304 est,
2397 4232 2441 4288 ὅτ,
2465 4227 2843 4313 sanguinem
2866 4248 3053 4292 suum

135 4344 246 4405 pro
287 4319 475 4384 nobis
511 4318 677 4383 fudit
699 4320 901 4384 Acco-r.
931 4320 1036 4413 20.
1062 4339 1118 4385 v.
1148 4320 1254 4383 28.
1279 4316 1403 4383 Sed
1427 4317 1766 4382 admodum
1789 4314 2134 4399 improprie
2166 4314 2211 4379 &
2228 4314 2579 4399 periculose
2607 4315 2682 4396 (si
2709 4338 2837 4382 non
2860 4314 3051 4469 falso)

2951 4425 3053 4469 Ορ-
