3694 4871
656 315 781 383 130
960 315 1177 381 D1se.
1226 310 1310 381 V.
1358 313 1473 381 An
1521 313 1920 380 Cums‘rns
1967 337 2105 389 QuA
2153 311 2581 380 Mnnm‘ron
2631 338 2752 380 s1'1·
2803 317 3315 380 AnonAunns?

656 504 848 570 verba
896 525 1115 568 eorum
1149 523 1297 587 paq.
1327 501 1476 566 225.
1504 499 1590 566 Et
1614 501 1807 566 verba
1842 501 2030 566 Parei
2057 501 2122 565 in
2147 501 2446 567 methodo
2471 503 2936 569 controversiae
2961 502 3406 586 Ubiquetariae
3426 526 3540 588 cap.

656 595 761 661 31.
810 593 1187 660 Invocamas
1233 591 1429 675 iqitur
1478 590 1795 656 Chr-istam
1845 591 1999 677 qaia
2023 611 2208 656 ver-us
2231 611 2369 657 cum
2403 605 2582 676 parte
2604 597 2650 660 δι
2673 593 2905 676 spirita
2929 615 2980 656 s.
3009 595 3199 669 Deus,
3227 595 3459 670 λατρείᾳ,
3492 607 3544 656 m

651 685 741 751 sic
786 684 1031 768 loquar,
1060 682 1259 746 deitas
1288 679 1595 756 absoluta,
1623 680 1990 744 invocamus
2021 701 2264 766 quoque
2286 683 2494 746 Deum
2521 683 2590 746 ia
2617 683 2872 748 nomine
2899 681 3150 754 Christi,
3173 683 3314 767 quia
3343 693 3418 746 est
3441 703 3541 745 me-

652 773 880 848 diator,
904 782 1169 856 petentes
1193 789 1311 834 nos
1339 769 1633 834 eoeaadiri
1654 781 1911 853 propter
1932 769 2126 853 hujas
2147 789 2452 852 personae
2473 775 2552 830 se
2561 773 2871 845 κνὲρὼπ-ευ
2891 770 3104 844 λύτρον
3127 771 3190 836 ἃ·
3211 772 3540 835 imm-emio-

652 882 799 926 nem
831 859 943 926 st‘c.
980 858 1115 924 Nec
1138 859 1635 942 praetereundus
1662 857 1984 922 Grauerus
2011 857 2381 943 Theologus
2413 858 2821 923 Lutheranus
2855 857 2921 921 in
2946 865 3350 924 commentar.
3375 858 3537 923 Hebr.

660 952 718 1015 1.
766 973 828 1034 p.
878 951 984 1014 63.
1038 949 1178 1015 Nou
1225 948 1449 1012 idcirco
1484 947 1767 1013 Christus
1792 948 2166 1012 adorandus
2187 959 2292 1019 est,
2317 949 2468 1033 qaia
2489 969 2606 1032 per
2629 949 2844 1032 ipsam
2869 968 3076 1031 preces
3099 948 3448 1032 diri-oanan
3471 949 3538 1012 m!

652 1051 917 1123 patrem,
942 1037 1052 1105 sed
1081 1036 1233 1123 qaia
1258 1038 1431 1102 Deus
1452 1048 1741 1101 aeternas
1766 1048 1875 1111 est,
1901 1037 2048 1101 haec
2069 1058 2140 1100 en
2152 1037 2238 1100 im
2265 1039 2452 1102 unica
2485 1035 2548 1101 ἂ·
2571 1040 2702 1102 sota
2721 1035 2833 1121 (N.
2854 1035 2954 1114 B.)
2973 1057 3168 1101 caasa
3183 1038 3538 1102 adoratimcis.

657 1128 759 1194 Sic
798 1129 967 1213 falsa
1010 1147 1201 1191 caasa
1248 1127 1576 1211 alleqatur,
1602 1146 1745 1190 cum
1769 1126 1986 1191 dicant
2016 1126 2337 1191 Christum
2361 1147 2488 1191 esse
2508 1126 2937 1204 adorandwn‚
2963 1127 3114 1210 qnia
3135 1138 3470 1210 potestatem
3491 1128 3537 1188 in

658 1238 773 1282 nos
822 1216 1003 1283 habet
1016 1241 1035 1280 .·
1082 1235 1216 1281 non
1238 1215 1409 1278 enim
1434 1215 1581 1278 haec
1602 1226 1687 1279 est
1715 1235 1912 1280 causa
1935 1236 2080 1280 vera
2105 1215 2517 1292 adorationis,
2543 1237 2655 1279 uec
2682 1225 2941 1298 propter
2965 1236 3288 1280 summam
3309 1227 3538 1300 potesta-

656 1319 777 1372 tem
828 1308 869 1370 a
924 1307 1056 1371 Deo
1098 1325 1451 1371 concessam
1496 1304 1823 1369 adoratur.
1871 1304 2240 1390 Smiqlesius
2266 1303 2632 1388 Theologus
2657 1303 2699 1366 J
2705 1303 2910 1367 esuita
2937 1303 3042 1368 lib.
3081 1306 3130 1367 1.
3159 1305 3238 1368 de
3257 1305 3531 1370 erroribus

655 1415 969 1462 novorum
1022 1394 1455 1460 Arrianorum
1501 1414 1638 1476 cap.
1687 1393 1749 1456 9.
1796 1393 2138 1478 distinguit
2184 1397 2476 1458 accurate
2531 1396 2750 1457 contra
2795 1390 3170 1457 Socinianos
3209 1398 3540 1477 potestatem

657 1484 896 1549 Christi
939 1482 1467 1567 independentem
1514 1483 1559 1547 8⁶
1607 1482 1976 1560 increatam,
2016 1504 2207 1566 quam
2237 1505 2364 1546 una
2389 1505 2533 1546 cum
2557 1484 2790 1545 natura
2812 1481 3032 1545 divina
3057 1484 3539 1546 communicatam
3636 1501 3639 1554 ἒ

657 1573 875 1652 habet,
925 1575 963 1636 a
993 1575 1309 1657 potestate
1356 1571 1637 1654 ejusdem
1664 1569 1904 1634 Christi
1930 1575 2162 1648 creata,
2205 1571 2598 1654 dependente
2623 1573 2668 1636 81.
2695 1570 3124 1650 ministeriali,
3175 1595 3364 1654 quam
3387 1571 3542 1634 Chri-
3637 1565 3639 1594 ⁷

659 1667 794 1728 stus
818 1660 1349 1726 communicatam
1372 1659 1570 1723 habet
1602 1663 1728 1742 qua
1752 1660 2082 1738 mediator,
2111 1682 2238 1743 qua
2262 1663 2359 1724 est
2381 1661 2671 1724 sacerdos
2697 1665 2751 1720 ὣ
2777 1659 3062 1723 salvator
3092 1665 3311 1724 noster
3335 1665 3538 1744 potest·
3637 1657 3639 1704 ³

658 1774 781 1836 que
807 1774 919 1816 nos
942 1750 1212 1828 salvare,
1244 1749 1483 1813 orando
1512 1748 2002 1831 interpellando,
2027 1749 2406 1834 sangninem
2439 1749 2780 1814 fundendo.
2839 1747 3082 1812 Prioris
3115 1751 3440 1832 potestatis
3459 1771 3543 1812 ra-
3636 1757 3639 1802 ἰ

655 1841 831 1906 tione
858 1839 1183 1904 Christum
1210 1837 1303 1902 ait
1326 1836 1556 1901 mereri
1582 1838 1819 1901 cultum
1858 1837 2164 1916 divinum,
2193 1861 2303 1902 seu
2330 1838 2573 1902 cultum
2599 1837 2966 1901 absolutum
2989 1859 3150 1902 :non
3178 1861 3324 1902 vero
3347 1838 3546 1902 ratione

658 1929 1046 2014 posterioriS,
1096 1949 1260 2010 quae
1307 1926 1504 2010 priori
1550 1926 1729 1991 nulla
1752 1926 1998 1990 ratione
2025 1927 2310 2010 aequalis
2336 1949 2472 1991 esse
2497 1927 2718 2011 possit.
2747 1925 2988 1990 Videat
3016 1928 3236 2003 lector,
3262 1928 3360 1991 cui
3383 1932 3546 1998 vacat.

658 2019 865 2083 filium
888 2017 1086 2083 totius
1110 2015 1582 2099 disputationis
1637 2013 1723 2080 II.
1766 2014 1980 2079 Habet
2005 2037 2133 2094 603,
2159 2016 2270 2099 qui
2295 2017 2603 2100 scripsere
2628 2019 2772 2098 post
2797 2015 3036 2079 editam
3071 2017 3426 2101 apologiam
3451 2013 3546 2078 Re-

658 2106 1203 2182 monstranticam,
1252 2127 1395 2168 cum
1422 2126 1723 2188 responso
1746 2104 1827 2168 ad
1851 2110 2147 2188 excerpta
2176 2104 2448 2169 ProfeSS.
2473 2104 2804 2170 Leidensiu
2815 2127 2894 2180 m,
2924 2109 3122 2188 atque
3147 2106 3294 2169 inde
3321 2106 3548 2169 formato

658 2199 707 2263 δι
748 2197 1057 2261 ventilato
1106 2193 1343 2258 alicubi
1390 2193 1455 2255 in
1502 2193 1795 2256 terminis
1841 2193 2166 2277 praese-{ti
2205 2194 2620 2277 problemate,
2647 2194 2794 2257 dum
2823 2194 3158 2257 laboratur
3181 2195 3250 2258 in
3276 2193 3550 2259 refutandi

659 2285 1027 2369 exceptione
1052 2283 1443 2348 Socinianor.
1472 2283 1517 2348 ἃ,
1552 2281 2178 2347 Remonstrantium:
2207 2283 2377 2359 Quos
2405 2305 2637 2366 presse,
2663 2286 2904 2360 exacte,
2923 2283 3433 2368 &circumspecte
3447 2304 3549 2345 ma·

658 2376 761 2462 gis
804 2375 909 2439 hic
956 2376 1198 2440 locutos
1240 2393 1397 2450 esse,
1423 2370 1755 2434 indubium
1782 2376 1898 2437 est.
1935 2369 2099 2435 Sunt
2125 2376 2338 2437 autem
2366 2371 2625 2439 Isaacas
2650 2372 2890 2439 dunin-s
2917 2373 2987 2435 in
3013 2372 3424 2459 Antapoloqia
3445 2393 3549 2455 cap.

658 2468 719 2529 4.
773 2485 840 2549 p.
884 2466 1026 2528 102.
1054 2485 1197 2527 cum
1222 2482 1355 2545 cap.
1393 2463 1453 2525 2.
1478 2482 1541 2545 p.
1572 2462 1673 2525 78.
1706 2462 1807 2524 72.
1844 2463 1949 2524 23.
1987 2466 2031 2527 s
2055 2483 2192 2546 cap.
2234 2464 2334 2526 16.
2359 2484 2473 2546 per
2496 2466 2704 2527 totum
2731 2462 2776 2527 δι
2800 2482 2850 2525 c.
2880 2464 2942 2526 3.
2967 2484 3032 2546 p.
3062 2464 3170 2526 92.
3223 2464 3478 2528 l’edetias
3501 2463 3550 2525 in

664 2554 1001 2638 opusculis
1050 2552 1382 2636 Theowyie.
1433 2550 1652 2634 colloq.
1706 2551 1988 2633 Theoloy.
2037 2551 2198 2635 disp.
2229 2552 2333 2614 30.
2362 2550 2518 2617 thesi
2537 2553 2597 2617 5.
2631 2550 2808 2615 Idem
2847 2550 3176 2634 injudicio
3199 2552 3462 2638 quodam
3485 2550 3547 2615 M.

659 2644 724 2709 S.
751 2644 826 2707 cle
857 2644 972 2707 hac
993 2641 1366 2727 quaestione,
1390 2639 1779 2704 Daventriae
1807 2641 1910 2702 21.
1933 2640 2212 2723 Augusti
2235 2642 2425 2703 1638.
2445 2642 2640 2725 (quod
2657 2640 2826 2703 infra
2842 2640 3168 2725 integrum
3189 2640 3550 2719 exhibemus)

661 2732 1023 2798 Makkovias
1069 2731 1140 2796 in
1183 2729 1347 2813 disp.
1397 2729 1471 2792 de
1521 2728 1639 2792 hoc
1681 2728 2077 2811 problemate
2113 2752 2257 2793 cum
2281 2729 2426 2793 aliis
2450 2730 2774 2794 nonnullis
2801 2728 2972 2793 edita
2997 2730 3065 2794 iu
3105 2731 3170 2795 4.
3195 2752 3364 2795 anno
3399 2730 3549 2793 1640.

660 2820 773 2886 ubi
821 2820 1205 2903 objectiones
1251 2817 1560 2882 dissolvit.
1610 2816 1896 2881 Recusae
1943 2821 2092 2881 sunt
2115 2823 2336 2901 postea
2360 2818 2511 2883 illae
2535 2819 2748 2883 theses
2773 2820 2820 2883 a
2845 2818 3013 2882 aliae
3045 2819 3312 2902 iusuper
3341 2818 3551 2883 additae

660 2932 828 2974 anno
860 2910 1045 2973 1641.
1078 2907 1147 2971 in
1172 2908 1234 2972 4.
1262 2906 1425 2969 Vide
1449 2908 1750 2991 colteqior.
1776 2908 2084 2990 theotoqic.
2112 2908 2295 2993 [pag.
2325 2909 2488 2993 539]
2515 2920 2680 2992 part.
2716 2908 2770 2971 1.
2797 2910 3000 2991 coucy.
3029 2909 3372 2975 miscellan.
3393 2928 3486 2993 qu.
3505 2908 3552 2968 5.

661 3000 825 3083 disp.
875 3000 979 3061 35.
1012 2996 1076 3062 a·
1100 2997 1204 3060 36.
1238 2996 1316 3061 aa
1346 2997 1451 3061 37.
1482 2994 1543 3059 a·
1568 2997 1772 3080 colit-9.
1804 2996 1862 3058 6.
1898 2996 2062 3080 disp.
2096 2998 2156 3061 3.
2186 2996 2254 3060 in
2277 2999 2563 3061 corollar.
2589 2997 2819 3062 Abrah.
2850 2997 3183 3063 lleidanus
3209 2999 3282 3062 in
3305 2995 3550 3083 refutati·

661 3109 778 3153 one
828 3086 1193 3152 Catcclzismi
1239 3086 1705 3151 Remonstranti
1744 3105 1849 3171 qu.
1882 3085 1983 3148 89.
2009 3086 2270 3150 lacobus
2295 3088 2671 3153 Laurentius
2695 3088 2762 3151 in
2794 3086 3054 3171 Ereyesi
3077 3108 3186 3151 sea
3213 3087 3552 3171 consessione

660 3178 807 3267 fidei
849 3175 1186 3240 vernaculo
1234 3195 1523 3238 sermone
1568 3174 1927 3257 conscripta
1969 3175 2105 3239 ,Ιε-Ιι.
2152 3177 2332 3240 Ctato
2357 3176 2426 3239 in-
2459 3176 2608 3241 Idea
2639 3176 2799 3259 disp.
2829 3177 2888 3238 3.
2917 3176 3075 3241 thesi
3105 3178 3162 3239 l.
3203 3175 3270 3241 ἃ·
3291 3177 3444 3260 disp.
3472 3174 3551 3236 40.

661 3268 823 3350 disp.
852 3267 911 3329 4.
941 3266 1027 3329 th.
1064 3266 1161 3328 15.
1198 3261 1425 3327 Rever.
1452 3265 1497 3328 &
1522 3263 1924 3345 conjunctiss.
1953 3264 2200 3347 collega
2222 3268 2437 3328 noster
2467 3268 2728 3330 Carolus
2751 3266 2827 3328 dc
2853 3267 3048 3329 Maets
3073 3266 3142 3329 in
3167 3266 3335 3350 disp.
3359 3266 3430 3328 de
3445 3282 3554 3348 per·

660 3377 819 3421 sona
845 3354 907 3420 a·
930 3354 1149 3443 officiis
1183 3352 1431 3417 Christi.
1458 3353 1767 3417 Hem-icas
1792 3352 2070 3417 Diestius
2095 3350 2318 3417 Theol.
2377 3353 2704 3418 Professor
2733 3351 3244 3424 Daventriensis‚
3263 3354 3328 3418 in
3351 3352 3558 3417 erudita

660 3447 824 3529 disp.
880 3444 956 3509 dc
1001 3442 1387 3508 Adoratione
1440 3440 1691 3519 Christi,
1741 3440 1967 3505 habita
2015 3443 2120 3505 26.
2157 3442 2436 3527 Augusti
2469 3443 2657 3506 1640.
2685 3464 2761 3506 ex
2785 3464 2915 3525 qua
2939 3443 3120 3529 (quia
3151 3442 3320 3507 forte
3347 3440 3559 3526 publici·

664 3534 872 3598 ubivis
898 3555 1022 3597 non
1049 3533 1321 3615 prostat)
1346 3529 1503 3593 haec
1528 3530 1827 3594 studiosis
1853 3529 2086 3593 nostris
2111 3530 2417 3607 exhibe03
2444 3531 2610 3595 thesi
2639 3534 2745 3595 63.
2771 3534 2870 3597 Ea:
2899 3532 3130 3617 quibus
3161 3532 3449 3597 omnibus
3465 3550 3556 3614 pa·

663 3635 737 3688 tet
785 3644 997 3687 veram
1042 3622 1353 3686 rationem
1377 3640 1486 3682 sea
1519 3620 1786 3703 formale
1808 3619 2263 3685 adorabilitatis
2298 3642 2424 3685 esse
2447 3621 2731 3686 deitatem
2757 3620 2868 3686 ac.
2893 3634 3060 3706 patet
3083 3622 3296 3700 etiam,
3329 3620 3474 3708 quid
3496 3618 3556 3683 sit

660 3711 1173 3797 respondendum
1218 3708 1305 3773 ad
1345 3708 1521 3773 ittam
1566 3708 2010 3794 quaestionem,
2048 3708 2148 3772 An
2177 3708 2469 3773 Christus
2495 3710 2794 3774 adoretur
2817 3715 2946 3793 qua
2967 3710 3146 3775 Deus
3179 3734 3262 3774 an
3293 3732 3436 3775 vero
3463 3710 3560 3791 qus

662 3801 973 3865 mediator
992 3804 1021 3864 ‚⁹
1058 3798 1403 3874 Nimirum,
1430 3818 1561 3861 vion
1592 3818 1721 3883 qaa
1750 3798 2071 3875 mediator,
2097 3798 2204 3861 sed
2233 3818 2360 3883 qua
2387 3800 2580 3863 Deus.
2607 3798 2694 3863 Et
2718 3801 2910 3883 paulo
2933 3804 3118 3883 post:
3148 3800 3390 3866 Rectius
3409 3799 3560 3863 eliasu

662 3891 893 3955 dicitur
934 3889 1242 3953 'niediator
1278 3887 1605 3963 adoratur,
1658 3888 1789 3971 qua
1832 3888 2006 3973 filius
2054 3888 2191 3959 Dei,
2226 3909 2420 3973 quam
2443 3890 2616 3975 filias
2641 3890 2760 3954 Dei
2781 3889 3094 3953 adoratur
3114 3910 3244 3974 qua
3267 3889 3556 3959 acediator,
3641 3884 3643 3889 ’

668 4000 776 4043 seu
804 3978 1004 4064 (quod
1038 3978 1199 4041 idem
1224 3976 1337 4057 est)
1362 3978 1489 4061 qua
1514 3977 1930 4048 Ξτεὰνὲνρωπσς,
1957 3997 2085 4060 qua
2115 3977 2401 4041 Christus
2431 3976 2542 4042 stc.
2581 3979 2746 4059 Quia
2771 3978 2933 4043 illud
2957 3982 3086 4060 quii
3108 3978 3436 4054 mediator,
3465 3996 3561 4059 qua
3641 3996 3643 4003 ·

665 4067 1077 4140 Ξεὰνθρωπ-ος,
1116 4078 1449 4150 utramque
1478 4075 1805 4141 nat-uram,
1838 4064 2124 4129 divinam
2156 4064 2217 4129 a·
2242 4066 2594 4131 hmnanam
2623 4068 2933 4135 insinuat.
2969 4068 3143 4153 filias
3167 4068 3290 4131 Dei
3313 4064 3560 4135 adorari.

664 4176 793 4240 qua
824 4154 1148 4230 mediator,
1181 4175 1307 4238 qua
1338 4154 1745 4227 θεὰνθρωπες,
1774 4172 1906 4217 non
1931 4154 2065 4218 sine
2087 4156 2280 4238 specie
2301 4156 2802 4221 contradictionis
2837 4156 3099 4235 dicetur,
3125 4158 3229 4221 διο.
3257 4156 3396 4224 Nisi
3417 4154 3560 4227 iilud,
3641 4174 3643 4179 ·

664 4246 811 4329 qua,
853 4244 1035 4307 aliter
1064 4244 1249 4307 etiam
1278 4242 1475 4325 accipi
1500 4242 1716 4325 possit,
1742 4262 1875 4306 non
1907 4253 2154 4308 tantam
2178 4245 2523 4309 secundina
2547 4266 2740 4331 qaam
2765 4257 3072 4311 naturam
3095 4246 3176 4309 sit
3199 4246 3494 4310 ‘mediator
3513 4240 3562 4306 a
3641 4258 3643 4279 ¹

666 4334 1095 4406 θεάνὲρωποςς
1141 4332 1247 4394 sed
1277 4331 1459 4394 etiam
1484 4350 1605 4413 pro
1636 4350 1797 4394 novo
1821 4344 2095 4415 respectu
2121 4354 2302 4418 quem
2331 4334 2400 4397 in
2429 4346 2710 4399 assumta
2733 4335 3110 4399 mediatione
3137 4332 3202 4399 8·
3223 4354 3410 4399 carae
3427 4352 3564 4399 acce·
3641 4376 3643 4397 .

664 4422 789 4506 pit:
830 4432 1017 4506 prout
1040 4414 1322 4484 dia-imus
1346 4440 1565 4502 supra,
1593 4418 1747 4483 thesi
1784 4421 1883 4483 19.
1919 4422 2151 4486 &etsed
2175 4422 2286 4487 hoc
2307 4434 2458 4488 esset
2486 4429 2874 4503 λογομαχεῖν,
2903 4424 3006 4489 Sto.
3061 4424 3238 4506 Quae
3265 4424 3345 4489 de
3365 4424 3564 4489 adora·

3427 4514 3563 4577 tione
