3694 4871
551 353 2602 424 DoeuAr1sanS.Tn1s1rArs.PARSAn‘rsnA.
2901 359 3024 424 111

101 543 176 608 de
199 541 786 626 praedestinatione
817 543 1201 627 probabunt.
1234 541 1405 607 Nam
1429 541 1472 607 J
1476 544 1716 607 esuitae
1740 543 1852 626 qui
1881 543 2176 645 proprius
2201 542 2280 606 ad
2310 543 2455 607 illos
2479 542 2801 624 accedunt,
2827 545 3032 610 multo

100 631 517 696 verecundius
563 636 808 696 errant.
860 630 1264 697 Dominicani
1307 653 1477 710 ver0,
1502 631 1739 714 aliique
1763 631 2028 717 genuini
2051 635 2326 696 sectatm
2327 654 2394 696 es
2420 629 2705 695 Thomae
2729 631 3033 708 δικρρὴὃην

100 719 579 804 Pelagianismo
623 719 729 784 hic
776 721 1210 785 adversantur.
1252 719 1351 784 Ex
1376 719 1757 784 Lutheranis
1782 718 2139 784 Tarnovius
2163 718 2516 784 Miscellan.
2545 742 2703 784 sacr.
2729 720 2840 784 lib.
2869 721 2928 782 2.
2964 742 3025 804 p.

104 809 249 874 710.
317 809 647 884 Vorstiam',
677 809 1043 874 Arminiani
1071 806 1135 875 ἃ·
1154 809 1435 874 similes
1410 829 1481 874 m
1524 809 1749 894 Belin,
1782 809 2041 894 quando
2071 809 2254 892 ajunt
2283 808 2408 896 fide
2429 829 2545 873 nos
2565 808 3026 893 praedestinari

102 899 183 962 ad
202 899 405 963 vitam
434 909 775 976 aeternam,
801 898 966 963 idem
990 898 1225 976 dieunt,
1252 917 1383 964 non
1408 898 1572 962 idem
1596 895 1918 962 nobiscum
1942 899 2240 966 sentiunt.
2268 897 2450 961 Circa
2475 897 2770 980 quintum
2795 898 3030 962 articu-

104 986 255 1065 lum,
296 987 377 1051 de
404 987 782 1052 certitudine
807 985 1033 1051 salutis
1059 986 1287 1050 melius
1320 986 1604 1050 sentiunt
1629 984 1982 1050 Lutherani
2029 988 2076 1052 a
2101 985 2393 1050 nonnulli
2418 1008 2494 1050 ex
2522 985 2874 1050 Pontificiis
2909 983 3030 1054 Ga-

106 1075 421 1155 marium,
466 1076 883 1161 Isenqrt‘nim,
942 1075 1361 1161 Ulenburyius
1390 1072 1501 1140 stc.
1530 1072 1647 1138 III.
1672 1073 1940 1139 Errores
1967 1075 2042 1139 de
2072 1078 2330 1159 peccato
2355 1073 2656 1160 originali
2681 1075 2758 1139 de
2782 1075 2926 1154 fide,
2958 1075 3036 1139 de

109 1164 267 1250 legis
320 1165 371 1230 a
424 1164 763 1249 evangelii,
812 1165 857 1230 δι
882 1163 1213 1247 utriusque
1238 1163 1509 1228 foederis
1534 1162 1915 1241 discrimine,
1943 1163 2018 1228 de
2043 1163 2522 1248 justificatione,
2548 1164 2624 1227 de
2648 1162 3038 1247 perfectione

104 1252 166 1316 in
190 1253 313 1317 hac
336 1253 498 1331 vita,
524 1253 600 1316 de
623 1252 1081 1317 resurrectione
1106 1255 1519 1317 mortuorum.
1568 1249 1686 1315 IV.
1709 1249 1946 1329 Dubia,
1972 1251 2427 1336 scepticismuS,
2451 1251 2848 1335 corruptelae
2873 1253 3038 1316 circa

103 1341 313 1405 omnia
354 1341 493 1406 fere
520 1341 901 1405 reformatae
925 1339 1317 1426 Theologiae
1343 1340 1590 1423 capita;
1618 1362 1782 1423 quae
1814 1340 2131 1406 catechesi
2153 1340 2407 1425 publice
2430 1340 2856 1424 privatimque
2882 1362 3034 1426 pro-

106 1431 249 1513 poni
296 1430 545 1494 solent:
604 1429 928 1532 Quomodo
975 1451 1125 1512 ergo
1174 1429 1683 1494 communionem
1728 1427 1795 1493 in
1836 1451 1966 1493 una
1989 1433 2251 1494 externa
2275 1429 2541 1495 ecclesia
2565 1430 2610 1494 δι
2642 1429 3035 1512 professione

106 1516 311 1585 colent
360 1518 717 1597 nobiscum,
766 1519 877 1603 qui
918 1517 1183 1583 eandem
1214 1517 1571 1582 catechesin
1599 1518 1645 1583 δι
1671 1515 2128 1582 confessionem
2155 1516 2483 1583 nobiscum
2509 1539 2636 1582 non
2661 1517 2902 1582 habent
2926 1518 3036 1582 sed

108 1631 282 1672 suam
306 1607 673 1692 propriam,
700 1611 981 1671 nostram
1007 1610 1221 1670 autem
1246 1606 1597 1672 virulenter
1618 1606 2034 1670 insectantur.
2073 1605 2220 1671 Nisi
2247 1607 2447 1671 velint
2478 1606 2559 1670 ab
2585 1606 2863 1671 ecclesiis
2888 1605 3037 1670 Bel·

108 1697 261 1782 gicis
287 1701 389 1760 cat
399 1695 654 1760 echesin
682 1717 757 1759 ex
784 1694 1017 1760 scholis
1043 1697 1088 1762 s
1112 1695 1391 1760 ecclesiis
1416 1693 1746 1779 proscribi,
1772 1693 2232 1760 confessionem
2255 1717 2396 1759 cum
2414 1694 2750 1760 harmonia
2765 1695 3038 1760 aliarum

110 1784 580 1850 confessionum
610 1785 877 1868 ejurari.
906 1787 1018 1848 aut
1040 1785 1251 1868 potius
1277 1805 1354 1847 ex
1380 1782 1693 1848 catechesi
1712 1781 2078 1848 Racoviana
2103 1785 2151 1849 ἃ
2173 1787 2409 1861 nostra,
2434 1783 2592 1849 item
2614 1787 2834 1849 nostra
2859 1785 3036 1848 aliis-

110 1895 227 1957 que
248 1872 759 1939 confessionibus
784 1875 829 1938 a
856 1870 1409 1937 Remonstrantica
1433 1893 1577 1936 cum
1610 1870 1931 1973 Apologia
1954 1894 2151 1937 unum
2177 1872 2368 1938 chaos
2392 1872 2549 1936 fieri.
2586 1871 2666 1937 V.
2701 1871 3036 1936 Photinia-

110 1963 293 2028 nismi
338 1985 459 2047 per
510 1961 813 2026 Socinum
857 1961 1143 2026 renovati
1176 1963 1223 2027 δι
1245 1961 1368 2025 ab
1350 1960 1508 2044 1psis
1532 1959 1868 2024 incrustati
1901 1961 2136 2062 partim
2159 1961 2540 2070 gravissima
2564 1961 2860 2045 suspicio,
2884 1983 3035 2044 par-

111 2051 221 2115 tim
271 2051 673 2116 luculentum
717 2047 1020 2114 indicium
1061 2049 1195 2134 J'am
1244 2071 1433 2132 saepe
1456 2049 1718 2124 factum,
1752 2049 2180 2114 nominatim
2157 2073 2195 2115 a
2218 2049 2310 2114 cl.
2336 2048 2418 2115 D.
2460 2050 2693 2115 Vedelio
2719 2049 2876 2115 libro
2897 2071 3033 2114 sae-

112 2139 247 2224 pius
278 2141 563 2207 laudato.
613 2137 750 2214 Quo
782 2137 964 2202 fieret
986 2141 1060 2202 ut
1084 2137 1235 2202 unio
1256 2137 1373 2201 illa
1396 2158 1538 2202 cum
1562 2101 2164 2202 Renionstrantibus
2189 2137 2508 2223 separatio
2533 2142 2699 2203 esset
2722 2138 2802 2202 ab
2828 2138 3034 2203 omni-

118 2229 224 2294 bus
257 2228 545 2294 ecclesiis
568 2227 952 2306 reformatiS,
978 2226 1175 2290 immo
1198 2225 1475 2290 exclusio
1500 2229 1539 2290 a
1561 2225 1846 2310 generali
1885 2225 2390 2307 Christianism0‚
2415 2230 2462 2294 a
2484 2226 2739 2300 nomine
2764 2225 3035 2291 Christi-

114 2339 395 2383 anorum.
423 2315 625 2381 Porro
660 2313 1184 2380 Remonstrantes
1211 2315 1294 2379 ab
1319 2314 1691 2379 haeresibus
1716 2311 2072 2379 Socinianis
2099 2337 2166 2380 se
2188 2337 2311 2380 non
2337 2337 2651 2401 purgare;
2675 2337 2756 2380 ne
2780 2314 3034 2399 quidem

113 2407 175 2470 ιιι
217 2405 502 2493 gratiam
527 2405 724 2470 totius
747 2402 1217 2470 Christianismi
1240 2403 1361 2469 hoc
1391 2402 1625 2483 conari,
1652 2403 1753 2468 vel
1783 2425 1861 2468 ex
1884 2425 1959 2468 eo
1984 2407 2272 2469 constare
2296 2408 2525 2507 potest,
2551 2405 2718 2489 quod
2741 2403 3036 2469 manibus

112 2496 237 2559 suis
284 2494 571 2579 simplici
614 2493 942 2578 rejectioni
990 2493 1393 2577 sequentium
1442 2492 1856 2557 articulorum
1882 2491 2088 2557 Socin.
2117 2494 2333 2558 ausuri
2357 2516 2482 2558 non
2505 2494 2636 2558 sint
2658 2494 3036 2579 subsignare

114 2590 295 2669 atque
342 2607 477 2649 una
524 2587 738 2647 sancte
770 2581 1164 2666 promittere,
1189 2604 1255 2645 se
1278 2581 1424 2646 illos
1449 2585 1561 2645 aut
1584 2582 1749 2645 ullos
1774 2602 1991 2661 eorum
2017 2604 2144 2647 non
2172 2583 2468 2647 docturos
2495 2586 2606 2647 aut
2628 2586 3031 2667 promoturos

114 2673 237 2737 sive
282 2673 528 2737 directe
581 2670 713 2735 sive
760 2670 1086 2735 indirecte.
1135 2668 1300 2734 Sunt
1354 2673 1570 2735 autem
1616 2669 1793 2755 [pag.
1846 2669 2010 2755 515]
2036 2670 2289 2736 articuli
2313 2671 2442 2749 isti,
2474 2693 2634 2756 quos
2658 2670 3032 2736 universalis

116 2760 658 2839 christianismus,
684 2780 1027 2843 omnesque
1052 2760 1187 2843 ejus
1218 2758 1605 2842 professores
1632 2760 1677 2824 8⁶
1702 2756 2011 2823 Doctores
2035 2758 2414 2844 simpliciter
2437 2759 2750 2845 rejiciunt.
2811 2761 2869 2823 1.
2911 2758 3035 2823 Pa-

114 2854 269 2914 trem
316 2848 751 2915 essentialiter
774 2848 820 2914 8ι
854 2847 1104 2931 proprie
1132 2868 1266 2911 esse
1292 2846 1519 2925 solum,
1545 2850 1898 2925 aeternum,
1924 2848 1970 2914 a
1993 2868 2362 2932 supremum
2395 2847 2624 2929 Deum,
2649 2848 2959 2932 peculiari
2985 2847 3033 2913 St

116 2936 545 3003 excellentiori
591 2936 979 3016 adoratione,
1026 2935 1266 3000 honore
1313 2937 1359 3001 8ι
1382 2934 1559 3000 cultu
1589 2934 2031 3000 honorandum
2062 2958 2136 3002 ac
2167 2936 2516 3002 colendum.
2553 2938 2614 3001 2.
2649 2936 2886 3001 Filium
2909 2958 3037 3001 non

118 3048 243 3092 esse
289 3027 483 3092 unius
530 3027 578 3092 ἃ
621 3025 901 3110 ejusdem
948 3024 1258 3089 essentiae
1316 3046 1459 3087 cum
1491 3026 1696 3108 patre,
1723 3025 1769 3089 ἃ
1793 3046 1909 3108 per
1931 3045 2320 3108 consequens
2353 3048 2478 3090 non
2503 3048 2640 3091 esse
2673 3025 2954 3110 ejusdem
2985 3027 3034 3093 ἃ

117 3137 443 3201 supremae
488 3112 863 3198 majestatie,
916 3113 1025 3196 qui
1064 3112 1283 3177 eodem
1307 3114 1353 3179 δι
1376 3133 1577 3195 aeque
1603 3111 1938 3176 excellenti
1964 3113 2265 3199 religioso
2291 3113 2466 3179 cultu
2493 3113 2616 3179 coli
2639 3115 2900 3179 debeat:
2927 3115 3038 3179 sed

119 3225 245 3269 esse
278 3226 503 3269 verum
538 3201 745 3267 Deum
768 3202 897 3265 alio
920 3201 1109 3266 modo
1133 3203 1180 3268 a
1205 3201 1333 3265 alia
1356 3201 1602 3265 ratione
1627 3222 1700 3265 ac
1722 3204 1925 3285 pater,
1952 3201 1998 3267 8ι
2021 3224 2136 3285 per
2159 3224 2546 3287 consequens
2571 3202 2699 3268 alio
2730 3202 3039 3287 peculiari

119 3314 186 3356 ac
206 3293 507 3357 distincto
530 3291 707 3356 cultu
734 3292 780 3357 ἃ
802 3290 1169 3355 adoratione
1192 3290 1545 3355 colendum.
1572 3290 1633 3353 3.
1660 3289 1987 3355 Christum
2011 3290 2152 3355 ideo
2175 3312 2302 3356 non
2327 3292 2471 3372 dici,
2504 3296 2616 3357 aut
2641 3293 2870 3356 saltem
2894 3291 3036 3355 ideo

118 3384 383 3461 tantum,
432 3384 547 3447 aut
589 3380 731 3444 ideo
776 3378 1218 3463 principaliter
1255 3400 1381 3443 non
1421 3378 1545 3443 dici
1582 3377 1787 3443 filium
1837 3377 1959 3444 Dei
2005 3378 2430 3465 unigenitum,
2480 3381 2647 3465 quod
2686 3383 2726 3444 a
2748 3384 2929 3464 patre
2953 3380 3033 3443 ab

121 3474 369 3535 aeterno
434 3469 499 3533 in
554 3490 683 3534 una
729 3468 1077 3551 eademque
1124 3466 1400 3531 essentia
1446 3466 1681 3544 divina,
1714 3488 1829 3552 per
1852 3468 2212 3532 naturalem
2237 3468 2284 3534 ἆ
2307 3468 2727 3533 necessariam
2754 3468 3036 3553 ejusdem

122 3560 423 3623 essentiae
467 3556 1103 3623 communicationem
1127 3555 1385 3641 genitus
1409 3555 1510 3619 sit.
1541 3556 1600 3618 4.
1628 3554 1943 3639 Spiritum
1967 3560 2256 3621 sanetum
2279 3580 2406 3621 non
2435 3580 2571 3622 esse
2595 3557 2962 3641 coequalem
2987 3558 3035 3623 8⁶

122 3647 624 3712 coesssentialem
672 3649 1003 3710 aeternum
1048 3643 1277 3724 Deum,
1303 3666 1448 3708 cum
1472 3648 1653 3728 patre
1678 3645 1725 3710 ἃ
1748 3644 1916 3721 filio;
1949 3645 1996 3709 ἃ
2025 3667 2141 3730 per
2165 3666 2557 3729 consequens
2579 3668 2712 3710 non
2734 3667 2870 3710 esse
2896 3650 3031 3710 ter-

121 3734 269 3799 tiam
300 3756 631 3819 personam
661 3734 941 3798 divinam
973 3734 1361 3816 eandemque
1387 3755 1531 3797 cum
1555 3737 1739 3816 patre
1765 3734 1810 3799 δι
1833 3733 1968 3798 filio
1993 3756 2355 3819 supremam
2379 3735 2801 3820 majestatem,
2827 3755 2953 3798 uno
2985 3735 3031 3801 ἃ

124 3842 407 3907 supremo
436 3824 634 3903 cultu,
660 3822 780 3887 hoc
804 3826 920 3902 est,
946 3821 1158 3886 divino
1183 3843 1327 3885 cum
1354 3825 1623 3906 utroque
1646 3822 1997 3902 colendam,
2022 3823 2133 3887 sed
2156 3827 2566 3888 esse‘tantum
2594 3823 2897 3888 virtutem
2923 3844 3035 3887 seu

128 3913 471 3993 potentiam
494 3911 637 3991 Dei,
663 3911 765 3976 cui
786 3932 903 3975 nec
926 3910 1139 3975 divina
1163 3911 1459 3990 essentia,
1488 3932 1602 3976 nec
1627 3910 1841 3975 divina
1867 3931 2154 3994 persona,
2181 3916 2638 3997 consequenter
2654 3934 2769 3977 nec
2785 3910 3034 3976 divinus

128 4000 321 4065 cultus
367 4000 637 4067 attribui
680 3998 982 4085 possit-⁸3
960 3997 1247 4063 »Deum
1269 4021 1397 4064 non
1430 4022 1567 4065 esse
1591 4000 1764 4064 omni
1788 4000 1974 4064 modo
1998 4004 2112 4065 aut
2133 4000 2510 4086 simpliciter
2532 4000 3031 4065 immutabilem·
3017 4049 3032 4078 ,

130 4108 233 4153 nec
274 4096 445 4155 certo
489 4089 803 4174 praescire
846 4046 1067 4152 futura
1112 4088 1569 4172 contingentia,
1596 4110 1761 4172 quae
1786 4111 1825 4153 a
1851 4089 2052 4153 libera
2077 4088 2408 4153 hominum
2431 4090 2760 4155 voluntate
2783 4087 3028 4174 profec-

130 4180 263 4241 tura
312 4182 481 4243 sunt.
538 4181 596 4242 6.
645 4176 856 4243 Deum
880 4176 1155 4241 essentia
1180 4199 1295 4241 sua
1317 4197 1443 4240 non
1469 4198 1606 4242 esse
1628 4176 2003 4261 simplicem,
2036 4175 2441 4258 immensum,
2467 4178 2605 4243 sine
2629 4178 2964 4243 finitudine
2989 4180 3036 4245 ἃ

132 4267 543 4346 quantitativa
589 4266 972 4344 extensione,
1019 4286 1136 4330 nec
1161 4264 1755 4349 omnipraesentem.
1789 4266 1845 4329 7.
1875 4264 1939 4329 N
1942 4286 2026 4330 on
2050 4286 2187 4329 esse
2210 4270 2542 4368 peccatum
2573 4266 2908 4353 originale,
2941 4268 3036 4331 ita

135 4356 199 4415 ut
244 4376 461 4421 omnes
503 4354 795 4421 homines
842 4354 1051 4418 reatui
1095 4354 1287 4437 primi
1324 4355 1568 4437 peccati
1592 4353 1826 4418 Adami
1853 4353 2111 4418 obnoxii
2134 4353 2284 4434 sint,
2309 4376 2425 4419 nec
2448 4355 2513 4419 in
2542 4378 2616 4420 ac
2640 4376 2786 4420 cum
2809 4356 3036 4420 inhae-

134 4448 299 4508 rente
348 4444 592 4529 peccati
636 4442 1036 4527 corruptione
1083 4442 1521 4525 concipiantur
1561 4464 1635 4507 ac
1658 4446 2022 4523 nascantur,
2047 4441 2216 4528 quod
2238 4463 2451 4508 coram
2474 4442 2612 4509 Deo
2637 4444 3032 4511 damnabiles

2927 4552 3034 4598 008
