<?xml version="1.0" encoding="UTF-8"?>
<!DOCTYPE html PUBLIC "-//W3C//DTD XHTML 1.0 Transitional//EN"
    "http://www.w3.org/TR/xhtml1/DTD/xhtml1-transitional.dtd">
<html xmlns="http://www.w3.org/1999/xhtml" xml:lang="en" lang="en">
 <head>
  <title>
</title>
<meta http-equiv="Content-Type" content="text/html;charset=utf-8" />
  <meta name='ocr-system' content='tesseract 3.04.00' />
  <meta name='ocr-capabilities' content='ocr_page ocr_carea ocr_par ocr_line ocrx_word'/>
</head>
<body>
  <div class='ocr_page' id='page_1' title='image "./selectarumdispu00kuypgoog_0049.png"; bbox 0 0 3694 4871; ppageno 0'>
   <div class='ocr_carea' id='block_1_1' title="bbox 580 337 2862 436">
    <p class='ocr_par' dir='ltr' id='par_1_1' title="bbox 580 337 2862 436">
     <span class='ocr_line' id='line_1_1' title="bbox 580 337 2862 436; baseline -0.001 -12"><span class='ocrx_word' id='word_1_1' title='bbox 580 363 662 426; x_wconf 91' lang='lat'>18</span> <span class='ocrx_word' id='word_1_2' title='bbox 1225 337 1467 428; x_wconf 76' lang='lat' dir='ltr'>D1sr.</span> <span class='ocrx_word' id='word_1_3' title='bbox 1526 340 1634 426; x_wconf 88' lang='grc' dir='ltr'><strong>ῘΙ.</strong></span> <span class='ocrx_word' id='word_1_4' title='bbox 1706 359 2178 436; x_wconf 62' lang='lat' dir='ltr'>Quousque</span> <span class='ocrx_word' id='word_1_5' title='bbox 2247 381 2337 424; x_wconf 76' lang='lat' dir='ltr'>ss</span> <span class='ocrx_word' id='word_1_6' title='bbox 2407 363 2862 422; x_wconf 53' lang='lat' dir='ltr'>nxrsunwi·</span> 
     </span>
    </p>
   </div>
   <div class='ocr_carea' id='block_1_2' title="bbox 572 541 3538 3540">
    <p class='ocr_par' dir='ltr' id='par_1_2' title="bbox 574 541 3538 1668">
     <span class='ocr_line' id='line_1_2' title="bbox 578 541 3537 628; baseline 0 -20"><span class='ocrx_word' id='word_1_7' title='bbox 578 545 709 609; x_wconf 87' lang='lat' dir='ltr'>sive</span> <span class='ocrx_word' id='word_1_8' title='bbox 741 544 854 609; x_wconf 90' lang='lat' dir='ltr'>illa</span> <span class='ocrx_word' id='word_1_9' title='bbox 879 545 1245 608; x_wconf 88' lang='lat' dir='ltr'>immediate</span> <span class='ocrx_word' id='word_1_10' title='bbox 1271 549 1601 609; x_wconf 86' lang='lat' dir='ltr'>versentur</span> <span class='ocrx_word' id='word_1_11' title='bbox 1624 545 1791 609; x_wconf 87' lang='lat' dir='ltr'>circa</span> <span class='ocrx_word' id='word_1_12' title='bbox 1815 545 2120 628; x_wconf 82' lang='lat' dir='ltr'>mysteria</span> <span class='ocrx_word' id='word_1_13' title='bbox 2152 544 2298 608; x_wconf 87' lang='lat' dir='ltr'>fidei</span> <span class='ocrx_word' id='word_1_14' title='bbox 2325 545 2456 608; x_wconf 88' lang='lat' dir='ltr'>sive</span> <span class='ocrx_word' id='word_1_15' title='bbox 2481 567 2594 628; x_wconf 88' lang='lat' dir='ltr'>per</span> <span class='ocrx_word' id='word_1_16' title='bbox 2617 543 3091 627; x_wconf 86' lang='lat' dir='ltr'>conseqentiam</span> <span class='ocrx_word' id='word_1_17' title='bbox 3129 545 3174 608; x_wconf 67' lang='grc' dir='ltr'>ἃ</span> <span class='ocrx_word' id='word_1_18' title='bbox 3197 543 3263 606; x_wconf 94' lang='lat' dir='ltr'>in</span> <span class='ocrx_word' id='word_1_19' title='bbox 3294 541 3537 609; x_wconf 82' lang='lat' dir='ltr'>ordine</span> 
     </span>
     <span class='ocr_line' id='line_1_3' title="bbox 576 631 3538 717; baseline -0.001 -21"><span class='ocrx_word' id='word_1_20' title='bbox 576 633 657 696; x_wconf 87' lang='lat' dir='ltr'>ad</span> <span class='ocrx_word' id='word_1_21' title='bbox 696 633 1075 717; x_wconf 76' lang='lat' dir='ltr'>spiritualia,</span> <span class='ocrx_word' id='word_1_22' title='bbox 1117 655 1230 716; x_wconf 89' lang='lat' dir='ltr'>per</span> <span class='ocrx_word' id='word_1_23' title='bbox 1268 633 1721 717; x_wconf 76' lang='lat' dir='ltr'>digressionem</span> <span class='ocrx_word' id='word_1_24' title='bbox 1766 636 1881 696; x_wconf 87' lang='lat' dir='ltr'>aut</span> <span class='ocrx_word' id='word_1_25' title='bbox 1902 633 2252 697; x_wconf 74' lang='lat' dir='ltr'>incidenter</span> <span class='ocrx_word' id='word_1_26' title='bbox 2277 633 2470 696; x_wconf 86' lang='lat' dir='ltr'>etiam</span> <span class='ocrx_word' id='word_1_27' title='bbox 2493 633 2971 697; x_wconf 73' lang='lat' dir='ltr'>intermisceant</span> <span class='ocrx_word' id='word_1_28' title='bbox 3001 633 3310 714; x_wconf 83' lang='lat' dir='ltr'>quaedam</span> <span class='ocrx_word' id='word_1_29' title='bbox 3339 631 3538 716; x_wconf 77' lang='lat' dir='ltr'>Phy-</span> 
     </span>
     <span class='ocr_line' id='line_1_4' title="bbox 576 719 3538 805; baseline 0 -21"><span class='ocrx_word' id='word_1_30' title='bbox 576 721 727 800; x_wconf 88' lang='lat' dir='ltr'>sica,</span> <span class='ocrx_word' id='word_1_31' title='bbox 772 721 1233 798; x_wconf 87' lang='lat' dir='ltr'>Astronomica,</span> <span class='ocrx_word' id='word_1_32' title='bbox 1260 719 1606 799; x_wconf 88' lang='lat' dir='ltr'>Historica‚</span> <span class='ocrx_word' id='word_1_33' title='bbox 1641 719 1934 799; x_wconf 87' lang='lat' dir='ltr'>Politica,</span> <span class='ocrx_word' id='word_1_34' title='bbox 1967 719 2410 805; x_wconf 82' lang='lat' dir='ltr'>Geographica</span> <span class='ocrx_word' id='word_1_35' title='bbox 2436 723 2538 786; x_wconf 59' lang='lat' dir='ltr'>&amp;a</span> <span class='ocrx_word' id='word_1_36' title='bbox 2563 720 2747 785; x_wconf 87' lang='lat' dir='ltr'>N1hil</span> <span class='ocrx_word' id='word_1_37' title='bbox 2773 724 2870 783; x_wconf 87' lang='lat' dir='ltr'>est</span> <span class='ocrx_word' id='word_1_38' title='bbox 2895 720 3062 802; x_wconf 91' lang='lat' dir='ltr'>quod</span> <span class='ocrx_word' id='word_1_39' title='bbox 3085 742 3208 782; x_wconf 87' lang='lat' dir='ltr'>non</span> <span class='ocrx_word' id='word_1_40' title='bbox 3231 742 3380 784; x_wconf 81' lang='lat' dir='ltr'>vere</span> <span class='ocrx_word' id='word_1_41' title='bbox 3409 743 3538 784; x_wconf 84' lang='lat' dir='ltr'>ex-</span> 
     </span>
     <span class='ocr_line' id='line_1_5' title="bbox 574 808 3535 892; baseline -0.001 -19"><span class='ocrx_word' id='word_1_42' title='bbox 574 813 835 892; x_wconf 80' lang='lat' dir='ltr'>ponant,</span> <span class='ocrx_word' id='word_1_43' title='bbox 862 810 1081 873; x_wconf 84' lang='lat' dir='ltr'>dextre</span> <span class='ocrx_word' id='word_1_44' title='bbox 1104 809 1447 892; x_wconf 86' lang='lat' dir='ltr'>applicent,</span> <span class='ocrx_word' id='word_1_45' title='bbox 1476 809 1522 874; x_wconf 82' lang='lat'>&amp;</span> <span class='ocrx_word' id='word_1_46' title='bbox 1547 809 1837 892; x_wconf 73' lang='lat' dir='ltr'>legitime</span> <span class='ocrx_word' id='word_1_47' title='bbox 1863 809 2194 892; x_wconf 87' lang='lat' dir='ltr'>imponant</span> <span class='ocrx_word' id='word_1_48' title='bbox 2217 809 2618 873; x_wconf 83' lang='lat' dir='ltr'>conscientiis</span> <span class='ocrx_word' id='word_1_49' title='bbox 2643 808 2898 872; x_wconf 78' lang='lat' dir='ltr'>nostris·</span> <span class='ocrx_word' id='word_1_50' title='bbox 2929 809 3178 890; x_wconf 75' lang='lat' dir='ltr'>Quinta,</span> <span class='ocrx_word' id='word_1_51' title='bbox 3207 808 3282 871; x_wconf 90' lang='lat' dir='ltr'>de</span> <span class='ocrx_word' id='word_1_52' title='bbox 3299 831 3535 872; x_wconf 82' lang='lat' dir='ltr'>exem-</span> 
     </span>
     <span class='ocr_line' id='line_1_6' title="bbox 576 895 3534 981; baseline 0 -21"><span class='ocrx_word' id='word_1_53' title='bbox 576 898 721 980; x_wconf 83' lang='lat' dir='ltr'>plis,</span> <span class='ocrx_word' id='word_1_54' title='bbox 747 899 793 964; x_wconf 81' lang='lat'>&amp;</span> <span class='ocrx_word' id='word_1_55' title='bbox 824 895 1011 962; x_wconf 85' lang='lat' dir='ltr'>factis</span> <span class='ocrx_word' id='word_1_56' title='bbox 1036 898 1486 980; x_wconf 86' lang='lat' dir='ltr'>apostolorum,</span> <span class='ocrx_word' id='word_1_57' title='bbox 1512 919 1625 960; x_wconf 85' lang='lat' dir='ltr'>seu</span> <span class='ocrx_word' id='word_1_58' title='bbox 1650 897 2036 979; x_wconf 86' lang='lat' dir='ltr'>apostolicae</span> <span class='ocrx_word' id='word_1_59' title='bbox 2063 896 2386 975; x_wconf 87' lang='lat' dir='ltr'>ecclesiae,</span> <span class='ocrx_word' id='word_1_60' title='bbox 2415 919 2576 980; x_wconf 75' lang='lat' dir='ltr'>quae</span> <span class='ocrx_word' id='word_1_61' title='bbox 2603 898 2649 963; x_wconf 75' lang='grc' dir='ltr'>δι</span> <span class='ocrx_word' id='word_1_62' title='bbox 2668 919 2998 981; x_wconf 84' lang='lat' dir='ltr'>quousque</span> <span class='ocrx_word' id='word_1_63' title='bbox 3015 897 3340 962; x_wconf 86' lang='lat' dir='ltr'>habebant</span> <span class='ocrx_word' id='word_1_64' title='bbox 3357 898 3534 960; x_wconf 83' lang='lat' dir='ltr'>assi-</span> 
     </span>
     <span class='ocr_line' id='line_1_7' title="bbox 576 983 3534 1069; baseline 0 -21"><span class='ocrx_word' id='word_1_65' title='bbox 576 987 877 1049; x_wconf 84' lang='lat' dir='ltr'>stentiam</span> <span class='ocrx_word' id='word_1_66' title='bbox 916 1007 989 1049; x_wconf 89' lang='lat' dir='ltr'>ac</span> <span class='ocrx_word' id='word_1_67' title='bbox 1020 986 1429 1049; x_wconf 89' lang='lat' dir='ltr'>directionem</span> <span class='ocrx_word' id='word_1_68' title='bbox 1455 985 1888 1068; x_wconf 87' lang='lat' dir='ltr'>apostolicam,</span> <span class='ocrx_word' id='word_1_69' title='bbox 1917 985 2097 1069; x_wconf 84' lang='lat' dir='ltr'>[pag.</span> <span class='ocrx_word' id='word_1_70' title='bbox 2126 986 2242 1068; x_wconf 85' lang='lat'>40]</span> <span class='ocrx_word' id='word_1_71' title='bbox 2264 984 2330 1048; x_wconf 89' lang='lat' dir='ltr'>in</span> <span class='ocrx_word' id='word_1_72' title='bbox 2349 986 2659 1068; x_wconf 77' lang='lat' dir='ltr'>regimine</span> <span class='ocrx_word' id='word_1_73' title='bbox 2673 985 3114 1064; x_wconf 84' lang='lat' dir='ltr'>ecclesiasticO,</span> <span class='ocrx_word' id='word_1_74' title='bbox 3133 983 3534 1049; x_wconf 83' lang='lat' dir='ltr'>dubitatum.</span> 
     </span>
     <span class='ocr_line' id='line_1_8' title="bbox 576 1071 3532 1157; baseline 0 -21"><span class='ocrx_word' id='word_1_75' title='bbox 576 1071 713 1136; x_wconf 88' lang='lat' dir='ltr'>Nos</span> <span class='ocrx_word' id='word_1_76' title='bbox 743 1073 1146 1138; x_wconf 87' lang='lat' dir='ltr'>distinctione</span> <span class='ocrx_word' id='word_1_77' title='bbox 1178 1072 1467 1137; x_wconf 71' lang='lat' dir='ltr'>adhibita</span> <span class='ocrx_word' id='word_1_78' title='bbox 1504 1077 1669 1136; x_wconf 88' lang='lat' dir='ltr'>inter</span> <span class='ocrx_word' id='word_1_79' title='bbox 1702 1074 2004 1156; x_wconf 86' lang='lat' dir='ltr'>specialia</span> <span class='ocrx_word' id='word_1_80' title='bbox 2048 1073 2147 1136; x_wconf 92' lang='lat' dir='ltr'>illi</span> <span class='ocrx_word' id='word_1_81' title='bbox 2179 1073 2334 1150; x_wconf 82' lang='lat' dir='ltr'>locO,</span> <span class='ocrx_word' id='word_1_82' title='bbox 2368 1074 2661 1157; x_wconf 87' lang='lat' dir='ltr'>tempori,</span> <span class='ocrx_word' id='word_1_83' title='bbox 2689 1074 2994 1157; x_wconf 77' lang='lat' dir='ltr'>personiS,</span> <span class='ocrx_word' id='word_1_84' title='bbox 3021 1075 3208 1137; x_wconf 89' lang='lat' dir='ltr'>rebus</span> <span class='ocrx_word' id='word_1_85' title='bbox 3233 1075 3532 1156; x_wconf 87' lang='lat' dir='ltr'>peculia-</span> 
     </span>
     <span class='ocr_line' id='line_1_9' title="bbox 576 1161 3535 1245; baseline 0 -21"><span class='ocrx_word' id='word_1_86' title='bbox 576 1161 731 1226; x_wconf 89' lang='lat' dir='ltr'>riter</span> <span class='ocrx_word' id='word_1_87' title='bbox 754 1162 1194 1226; x_wconf 86' lang='lat' dir='ltr'>convenientia</span> <span class='ocrx_word' id='word_1_88' title='bbox 1217 1161 1264 1226; x_wconf 64' lang='grc' dir='ltr'>ἃ</span> <span class='ocrx_word' id='word_1_89' title='bbox 1290 1162 1693 1225; x_wconf 89' lang='lat' dir='ltr'>accomodata</span> <span class='ocrx_word' id='word_1_90' title='bbox 1714 1185 1728 1234; x_wconf 89' lang='lat'>;</span> <span class='ocrx_word' id='word_1_91' title='bbox 1763 1161 1809 1224; x_wconf 64' lang='lat'>811</span> <span class='ocrx_word' id='word_1_92' title='bbox 1828 1162 1995 1224; x_wconf 90' lang='lat' dir='ltr'>inter</span> <span class='ocrx_word' id='word_1_93' title='bbox 2011 1161 2336 1245; x_wconf 80' lang='lat' dir='ltr'>generalia</span> <span class='ocrx_word' id='word_1_94' title='bbox 2354 1185 2426 1225; x_wconf 87' lang='lat' dir='ltr'>ac</span> <span class='ocrx_word' id='word_1_95' title='bbox 2438 1163 2830 1226; x_wconf 86' lang='lat' dir='ltr'>communia:</span> <span class='ocrx_word' id='word_1_96' title='bbox 2859 1163 3144 1236; x_wconf 83' lang='lat' dir='ltr'>dicimus,</span> <span class='ocrx_word' id='word_1_97' title='bbox 3165 1162 3535 1244; x_wconf 84' lang='lat' dir='ltr'>posteriora</span> 
     </span>
     <span class='ocr_line' id='line_1_10' title="bbox 579 1249 3532 1332; baseline 0.001 -20"><span class='ocrx_word' id='word_1_98' title='bbox 579 1251 867 1332; x_wconf 87' lang='lat' dir='ltr'>exempla</span> <span class='ocrx_word' id='word_1_99' title='bbox 907 1250 953 1314; x_wconf 69' lang='grc' dir='ltr'>δι</span> <span class='ocrx_word' id='word_1_100' title='bbox 992 1249 1163 1315; x_wconf 87' lang='lat' dir='ltr'>facta</span> <span class='ocrx_word' id='word_1_101' title='bbox 1206 1249 1339 1315; x_wconf 87' lang='lat' dir='ltr'>sive</span> <span class='ocrx_word' id='word_1_102' title='bbox 1382 1249 1500 1313; x_wconf 86' lang='lat' dir='ltr'>sub</span> <span class='ocrx_word' id='word_1_103' title='bbox 1541 1249 1749 1312; x_wconf 73' lang='lat' dir='ltr'>forma</span> <span class='ocrx_word' id='word_1_104' title='bbox 1787 1249 2092 1325; x_wconf 84' lang='lat' dir='ltr'>mandati,</span> <span class='ocrx_word' id='word_1_105' title='bbox 2127 1254 2239 1314; x_wconf 89' lang='lat' dir='ltr'>aut</span> <span class='ocrx_word' id='word_1_106' title='bbox 2271 1251 2520 1314; x_wconf 86' lang='lat' dir='ltr'>consilii</span> <span class='ocrx_word' id='word_1_107' title='bbox 2545 1253 2626 1314; x_wconf 86' lang='lat' dir='ltr'>ad</span> <span class='ocrx_word' id='word_1_108' title='bbox 2649 1251 3094 1328; x_wconf 87' lang='lat' dir='ltr'>imitationem,</span> <span class='ocrx_word' id='word_1_109' title='bbox 3119 1250 3254 1314; x_wconf 86' lang='lat' dir='ltr'>sive</span> <span class='ocrx_word' id='word_1_110' title='bbox 3277 1250 3452 1312; x_wconf 85' lang='lat' dir='ltr'>nude</span> <span class='ocrx_word' id='word_1_111' title='bbox 3480 1252 3532 1315; x_wconf 69' lang='grc' dir='ltr'>ἃ</span> 
     </span>
     <span class='ocr_line' id='line_1_11' title="bbox 576 1337 3533 1421; baseline 0 -21"><span class='ocrx_word' id='word_1_112' title='bbox 576 1337 875 1402; x_wconf 71' lang='lat' dir='ltr'>historice</span> <span class='ocrx_word' id='word_1_113' title='bbox 920 1341 1173 1403; x_wconf 88' lang='lat' dir='ltr'>tantum</span> <span class='ocrx_word' id='word_1_114' title='bbox 1219 1337 1544 1420; x_wconf 89' lang='lat' dir='ltr'>proposita</span> <span class='ocrx_word' id='word_1_115' title='bbox 1590 1343 1701 1400; x_wconf 87' lang='lat' dir='ltr'>aut</span> <span class='ocrx_word' id='word_1_116' title='bbox 1732 1339 1936 1401; x_wconf 89' lang='lat' dir='ltr'>relata</span> <span class='ocrx_word' id='word_1_117' title='bbox 1961 1337 2249 1419; x_wconf 77' lang='lat' dir='ltr'>obligare</span> <span class='ocrx_word' id='word_1_118' title='bbox 2277 1339 2570 1402; x_wconf 85' lang='lat' dir='ltr'>ecclesias</span> <span class='ocrx_word' id='word_1_119' title='bbox 2596 1345 2844 1402; x_wconf 84' lang='lat' dir='ltr'>nostras</span> <span class='ocrx_word' id='word_1_120' title='bbox 2870 1339 2938 1404; x_wconf 88' lang='lat' dir='ltr'>in</span> <span class='ocrx_word' id='word_1_121' title='bbox 2961 1338 3168 1421; x_wconf 87' lang='lat' dir='ltr'>specie</span> <span class='ocrx_word' id='word_1_122' title='bbox 3193 1338 3272 1400; x_wconf 86' lang='lat' dir='ltr'>ad</span> <span class='ocrx_word' id='word_1_123' title='bbox 3297 1337 3533 1401; x_wconf 87' lang='lat' dir='ltr'>obser-</span> 
     </span>
     <span class='ocr_line' id='line_1_12' title="bbox 576 1425 3532 1510; baseline 0 -22"><span class='ocrx_word' id='word_1_124' title='bbox 576 1426 926 1502; x_wconf 82' lang='lat' dir='ltr'>vationem3</span> <span class='ocrx_word' id='word_1_125' title='bbox 968 1425 1189 1489; x_wconf 90' lang='lat' dir='ltr'>Priora</span> <span class='ocrx_word' id='word_1_126' title='bbox 1230 1448 1375 1489; x_wconf 85' lang='lat' dir='ltr'>vera</span> <span class='ocrx_word' id='word_1_127' title='bbox 1400 1425 1687 1509; x_wconf 86' lang='lat' dir='ltr'>obligare</span> <span class='ocrx_word' id='word_1_128' title='bbox 1712 1429 1966 1488; x_wconf 85' lang='lat' dir='ltr'>tantum</span> <span class='ocrx_word' id='word_1_129' title='bbox 1991 1426 2342 1508; x_wconf 81' lang='lat' dir='ltr'>analogice,</span> <span class='ocrx_word' id='word_1_130' title='bbox 2370 1432 2481 1490; x_wconf 89' lang='lat' dir='ltr'>aut</span> <span class='ocrx_word' id='word_1_131' title='bbox 2512 1428 2678 1510; x_wconf 90' lang='lat' dir='ltr'>quod</span> <span class='ocrx_word' id='word_1_132' title='bbox 2711 1427 2788 1490; x_wconf 86' lang='lat' dir='ltr'>ad</span> <span class='ocrx_word' id='word_1_133' title='bbox 2816 1449 3039 1510; x_wconf 75' lang='lat' dir='ltr'>genua.</span> <span class='ocrx_word' id='word_1_134' title='bbox 3065 1425 3161 1491; x_wconf 92' lang='lat' dir='ltr'>De</span> <span class='ocrx_word' id='word_1_135' title='bbox 3187 1449 3315 1509; x_wconf 92' lang='lat' dir='ltr'>quo</span> <span class='ocrx_word' id='word_1_136' title='bbox 3339 1426 3532 1500; x_wconf 83' lang='lat' dir='ltr'>alibi,</span> 
     </span>
     <span class='ocr_line' id='line_1_13' title="bbox 578 1513 3530 1596; baseline 0.001 -20"><span class='ocrx_word' id='word_1_137' title='bbox 578 1513 643 1576; x_wconf 89' lang='lat' dir='ltr'>in</span> <span class='ocrx_word' id='word_1_138' title='bbox 670 1514 894 1596; x_wconf 71' lang='lat' dir='ltr'>politia</span> <span class='ocrx_word' id='word_1_139' title='bbox 934 1514 1067 1578; x_wconf 88' lang='lat' dir='ltr'>scil.</span> <span class='ocrx_word' id='word_1_140' title='bbox 1109 1513 1532 1595; x_wconf 73' lang='lat' dir='ltr'>ecclesiastica</span> <span class='ocrx_word' id='word_1_141' title='bbox 1574 1535 1649 1575; x_wconf 84' lang='lat' dir='ltr'>ex</span> <span class='ocrx_word' id='word_1_142' title='bbox 1676 1514 1959 1596; x_wconf 87' lang='lat' dir='ltr'>professo</span> <span class='ocrx_word' id='word_1_143' title='bbox 1985 1515 2030 1580; x_wconf 84' lang='lat'>&amp;</span> <span class='ocrx_word' id='word_1_144' title='bbox 2057 1514 2348 1596; x_wconf 88' lang='lat' dir='ltr'>pluribus</span> <span class='ocrx_word' id='word_1_145' title='bbox 2373 1517 2710 1596; x_wconf 77' lang='lat' dir='ltr'>agendum.</span> <span class='ocrx_word' id='word_1_146' title='bbox 2737 1514 3005 1578; x_wconf 87' lang='lat' dir='ltr'>Interim</span> <span class='ocrx_word' id='word_1_147' title='bbox 3033 1515 3321 1578; x_wconf 85' lang='lat' dir='ltr'>videatur</span> <span class='ocrx_word' id='word_1_148' title='bbox 3346 1515 3530 1580; x_wconf 80' lang='lat' dir='ltr'>Par-</span> 
     </span>
     <span class='ocr_line' id='line_1_14' title="bbox 576 1601 1701 1668; baseline 0 -3"><span class='ocrx_word' id='word_1_149' title='bbox 576 1603 757 1666; x_wconf 67' lang='lat' dir='ltr'>herus</span> <span class='ocrx_word' id='word_1_150' title='bbox 790 1601 893 1666; x_wconf 73' lang='lat' dir='ltr'>lib.</span> <span class='ocrx_word' id='word_1_151' title='bbox 920 1603 979 1665; x_wconf 87' lang='lat'>3.</span> <span class='ocrx_word' id='word_1_152' title='bbox 1006 1603 1081 1666; x_wconf 79' lang='lat' dir='ltr'>de</span> <span class='ocrx_word' id='word_1_153' title='bbox 1103 1601 1339 1668; x_wconf 68' lang='lat' dir='ltr'>Potitia</span> <span class='ocrx_word' id='word_1_154' title='bbox 1361 1601 1701 1666; x_wconf 70' lang='lat' dir='ltr'>Ecclesiast.</span> 
     </span>
    </p>

    <p class='ocr_par' dir='ltr' id='par_1_3' title="bbox 572 1688 3530 3540">
     <span class='ocr_line' id='line_1_15' title="bbox 665 1688 3530 1774; baseline 0 -18"><span class='ocrx_word' id='word_1_155' title='bbox 665 1691 725 1756; x_wconf 79' lang='lat'>6.</span> <span class='ocrx_word' id='word_1_156' title='bbox 762 1689 1035 1754; x_wconf 87' lang='lat' dir='ltr'>Peccant</span> <span class='ocrx_word' id='word_1_157' title='bbox 1057 1712 1209 1774; x_wconf 85' lang='lat' dir='ltr'>ergo</span> <span class='ocrx_word' id='word_1_158' title='bbox 1242 1688 1293 1753; x_wconf 94' lang='lat' dir='ltr'>I.</span> <span class='ocrx_word' id='word_1_159' title='bbox 1321 1689 1383 1753; x_wconf 92' lang='lat' dir='ltr'>in</span> <span class='ocrx_word' id='word_1_160' title='bbox 1413 1712 1693 1767; x_wconf 81' lang='lat' dir='ltr'>excessu,</span> <span class='ocrx_word' id='word_1_161' title='bbox 1718 1689 1829 1773; x_wconf 90' lang='lat' dir='ltr'>qui</span> <span class='ocrx_word' id='word_1_162' title='bbox 1855 1690 1988 1753; x_wconf 91' lang='lat' dir='ltr'>sine</span> <span class='ocrx_word' id='word_1_163' title='bbox 2007 1690 2244 1773; x_wconf 89' lang='lat' dir='ltr'>judicio</span> <span class='ocrx_word' id='word_1_164' title='bbox 2271 1691 2530 1773; x_wconf 81' lang='lat' dir='ltr'>quaevis</span> <span class='ocrx_word' id='word_1_165' title='bbox 2555 1691 2841 1771; x_wconf 87' lang='lat' dir='ltr'>consilia,</span> <span class='ocrx_word' id='word_1_166' title='bbox 2867 1692 3054 1770; x_wconf 84' lang='lat' dir='ltr'>dicta,</span> <span class='ocrx_word' id='word_1_167' title='bbox 3082 1691 3274 1769; x_wconf 84' lang='lat' dir='ltr'>facta,</span> <span class='ocrx_word' id='word_1_168' title='bbox 3301 1693 3530 1774; x_wconf 87' lang='lat' dir='ltr'>(modo</span> 
     </span>
     <span class='ocr_line' id='line_1_16' title="bbox 576 1778 3526 1862; baseline 0.001 -20"><span class='ocrx_word' id='word_1_169' title='bbox 576 1801 651 1842; x_wconf 90' lang='lat' dir='ltr'>ea</span> <span class='ocrx_word' id='word_1_170' title='bbox 679 1779 745 1842; x_wconf 90' lang='lat' dir='ltr'>in</span> <span class='ocrx_word' id='word_1_171' title='bbox 778 1779 1109 1861; x_wconf 89' lang='lat' dir='ltr'>scripturis</span> <span class='ocrx_word' id='word_1_172' title='bbox 1147 1779 1617 1858; x_wconf 86' lang='lat' dir='ltr'>recenseantur)</span> <span class='ocrx_word' id='word_1_173' title='bbox 1652 1778 1989 1860; x_wconf 84' lang='lat' dir='ltr'>arripiunt,</span> <span class='ocrx_word' id='word_1_174' title='bbox 2023 1783 2094 1842; x_wconf 91' lang='lat' dir='ltr'>ut</span> <span class='ocrx_word' id='word_1_175' title='bbox 2125 1781 2315 1842; x_wconf 85' lang='lat' dir='ltr'>fidem</span> <span class='ocrx_word' id='word_1_176' title='bbox 2347 1779 2626 1844; x_wconf 87' lang='lat' dir='ltr'>divinam</span> <span class='ocrx_word' id='word_1_177' title='bbox 2651 1781 2697 1844; x_wconf 72' lang='grc' dir='ltr'>δι</span> <span class='ocrx_word' id='word_1_178' title='bbox 2722 1781 2828 1862; x_wconf 87' lang='lat' dir='ltr'>jus</span> <span class='ocrx_word' id='word_1_179' title='bbox 2852 1780 3136 1844; x_wconf 87' lang='lat' dir='ltr'>divinum</span> <span class='ocrx_word' id='word_1_180' title='bbox 3165 1781 3227 1842; x_wconf 92' lang='lat' dir='ltr'>in</span> <span class='ocrx_word' id='word_1_181' title='bbox 3254 1780 3335 1843; x_wconf 90' lang='lat' dir='ltr'>iis</span> <span class='ocrx_word' id='word_1_182' title='bbox 3363 1779 3526 1844; x_wconf 88' lang='lat' dir='ltr'>fun-</span> 
     </span>
     <span class='ocr_line' id='line_1_17' title="bbox 576 1865 3520 1950; baseline 0.001 -20"><span class='ocrx_word' id='word_1_183' title='bbox 576 1867 747 1945; x_wconf 90' lang='lat' dir='ltr'>dent,</span> <span class='ocrx_word' id='word_1_184' title='bbox 774 1889 899 1948; x_wconf 90' lang='lat' dir='ltr'>quo</span> <span class='ocrx_word' id='word_1_185' title='bbox 916 1867 1335 1930; x_wconf 85' lang='lat' dir='ltr'>conscientiae</span> <span class='ocrx_word' id='word_1_186' title='bbox 1361 1866 1743 1948; x_wconf 85' lang='lat' dir='ltr'>obligentur.</span> <span class='ocrx_word' id='word_1_187' title='bbox 1772 1865 1878 1930; x_wconf 83' lang='lat' dir='ltr'>Sic</span> <span class='ocrx_word' id='word_1_188' title='bbox 1903 1889 1997 1930; x_wconf 83' lang='lat' dir='ltr'>ex.</span> <span class='ocrx_word' id='word_1_189' title='bbox 2025 1888 2122 1950; x_wconf 83' lang='lat' dir='ltr'>gr.</span> <span class='ocrx_word' id='word_1_190' title='bbox 2147 1890 2335 1950; x_wconf 84' lang='lat' dir='ltr'>saepe</span> <span class='ocrx_word' id='word_1_191' title='bbox 2360 1867 2426 1930; x_wconf 91' lang='lat' dir='ltr'>in</span> <span class='ocrx_word' id='word_1_192' title='bbox 2453 1869 2705 1950; x_wconf 83' lang='lat' dir='ltr'>scriptis</span> <span class='ocrx_word' id='word_1_193' title='bbox 2727 1873 3009 1931; x_wconf 90' lang='lat' dir='ltr'>veterum</span> <span class='ocrx_word' id='word_1_194' title='bbox 3029 1869 3520 1932; x_wconf 80' lang='lat' dir='ltr'>&amp;recentiorum</span> 
     </span>
     <span class='ocr_line' id='line_1_18' title="bbox 574 1953 3522 2040; baseline 0.001 -22"><span class='ocrx_word' id='word_1_195' title='bbox 574 1955 841 2040; x_wconf 85' lang='lat' dir='ltr'>allegari</span> <span class='ocrx_word' id='word_1_196' title='bbox 869 1955 1151 2019; x_wconf 87' lang='lat' dir='ltr'>videmus</span> <span class='ocrx_word' id='word_1_197' title='bbox 1176 1977 1251 2018; x_wconf 82' lang='lat' dir='ltr'>ex</span> <span class='ocrx_word' id='word_1_198' title='bbox 1286 1953 1448 2016; x_wconf 87' lang='lat' dir='ltr'>libro</span> <span class='ocrx_word' id='word_1_199' title='bbox 1472 1954 1513 2016; x_wconf 85' lang='lat' dir='ltr'>J</span> <span class='ocrx_word' id='word_1_200' title='bbox 1519 1955 1623 2017; x_wconf 87' lang='lat' dir='ltr'>obi</span> <span class='ocrx_word' id='word_1_201' title='bbox 1656 1954 1825 2018; x_wconf 87' lang='lat' dir='ltr'>dicta</span> <span class='ocrx_word' id='word_1_202' title='bbox 1849 1955 2198 2020; x_wconf 89' lang='lat' dir='ltr'>amicorum</span> <span class='ocrx_word' id='word_1_203' title='bbox 2222 1957 2377 2038; x_wconf 73' lang='lat' dir='ltr'>ejuS,</span> <span class='ocrx_word' id='word_1_204' title='bbox 2404 1961 2546 2019; x_wconf 83' lang='lat' dir='ltr'>c‘um</span> <span class='ocrx_word' id='word_1_205' title='bbox 2572 1961 2784 2020; x_wconf 87' lang='lat' dir='ltr'>tamen</span> <span class='ocrx_word' id='word_1_206' title='bbox 2817 1957 2884 2018; x_wconf 92' lang='lat' dir='ltr'>in</span> <span class='ocrx_word' id='word_1_207' title='bbox 2909 1956 3308 2020; x_wconf 88' lang='lat' dir='ltr'>conclusione</span> <span class='ocrx_word' id='word_1_208' title='bbox 3333 1958 3522 2039; x_wconf 87' lang='lat' dir='ltr'>prin-</span> 
     </span>
     <span class='ocr_line' id='line_1_19' title="bbox 574 2041 3524 2126; baseline 0.001 -20"><span class='ocrx_word' id='word_1_209' title='bbox 574 2043 765 2126; x_wconf 87' lang='lat' dir='ltr'>cipali</span> <span class='ocrx_word' id='word_1_210' title='bbox 803 2041 1250 2125; x_wconf 86' lang='lat' dir='ltr'>disputationis</span> <span class='ocrx_word' id='word_1_211' title='bbox 1282 2065 1435 2107; x_wconf 90' lang='lat' dir='ltr'>suae</span> <span class='ocrx_word' id='word_1_212' title='bbox 1473 2042 1852 2116; x_wconf 87' lang='lat' dir='ltr'>aberrarint‚</span> <span class='ocrx_word' id='word_1_213' title='bbox 1885 2041 2024 2106; x_wconf 90' lang='lat' dir='ltr'>Deo</span> <span class='ocrx_word' id='word_1_214' title='bbox 2057 2043 2194 2126; x_wconf 88' lang='lat' dir='ltr'>ipso</span> <span class='ocrx_word' id='word_1_215' title='bbox 2211 2043 2424 2124; x_wconf 85' lang='lat' dir='ltr'>judice</span> <span class='ocrx_word' id='word_1_216' title='bbox 2450 2045 2571 2108; x_wconf 82' lang='lat' dir='ltr'>Iob.</span> <span class='ocrx_word' id='word_1_217' title='bbox 2599 2046 2706 2107; x_wconf 88' lang='grc'><strong>42.</strong></span> <span class='ocrx_word' id='word_1_218' title='bbox 2737 2045 2793 2106; x_wconf 79' lang='grc'><strong>7.</strong></span> <span class='ocrx_word' id='word_1_219' title='bbox 2820 2043 3072 2108; x_wconf 88' lang='lat' dir='ltr'>Mecum</span> <span class='ocrx_word' id='word_1_220' title='bbox 3095 2044 3203 2107; x_wconf 89' lang='lat' dir='ltr'>hic</span> <span class='ocrx_word' id='word_1_221' title='bbox 3227 2045 3524 2109; x_wconf 87' lang='lat' dir='ltr'>sentiunt</span> 
     </span>
     <span class='ocr_line' id='line_1_20' title="bbox 579 2131 3520 2217; baseline 0 -21"><span class='ocrx_word' id='word_1_222' title='bbox 579 2133 762 2196; x_wconf 78' lang='lat' dir='ltr'>Corn.</span> <span class='ocrx_word' id='word_1_223' title='bbox 788 2132 829 2196; x_wconf 86' lang='grc' dir='ltr'>ὰ</span> <span class='ocrx_word' id='word_1_224' title='bbox 851 2131 1086 2215; x_wconf 80' lang='lat' dir='ltr'>Lapide</span> <span class='ocrx_word' id='word_1_225' title='bbox 1111 2153 1332 2195; x_wconf 83' lang='lat' dir='ltr'>comm.</span> <span class='ocrx_word' id='word_1_226' title='bbox 1360 2131 1431 2194; x_wconf 77' lang='lat' dir='ltr'>in.</span> <span class='ocrx_word' id='word_1_227' title='bbox 1460 2133 1513 2193; x_wconf 94' lang='lat'>1.</span> <span class='ocrx_word' id='word_1_228' title='bbox 1550 2131 1825 2196; x_wconf 71' lang='lat' dir='ltr'>Corae&#39;ntlz.</span> <span class='ocrx_word' id='word_1_229' title='bbox 1856 2132 1915 2192; x_wconf 88' lang='lat'>3.</span> <span class='ocrx_word' id='word_1_230' title='bbox 1943 2131 2314 2196; x_wconf 70' lang='lat' dir='ltr'>Baranzmz.</span> <span class='ocrx_word' id='word_1_231' title='bbox 2344 2133 2404 2194; x_wconf 76' lang='lat' dir='ltr'>in</span> <span class='ocrx_word' id='word_1_232' title='bbox 2445 2134 2822 2216; x_wconf 76' lang='lat' dir='ltr'>Uranoscop.</span> <span class='ocrx_word' id='word_1_233' title='bbox 2845 2154 2910 2215; x_wconf 82' lang='lat' dir='ltr'>p.</span> <span class='ocrx_word' id='word_1_234' title='bbox 2945 2134 2999 2195; x_wconf 96' lang='grc'>1.</span> <span class='ocrx_word' id='word_1_235' title='bbox 3025 2153 3134 2217; x_wconf 82' lang='lat' dir='ltr'>qu.</span> <span class='ocrx_word' id='word_1_236' title='bbox 3164 2133 3225 2196; x_wconf 88' lang='lat'>3.</span> <span class='ocrx_word' id='word_1_237' title='bbox 3251 2133 3520 2197; x_wconf 59' lang='lat' dir='ltr'>analo.</span> 
     </span>
     <span class='ocr_line' id='line_1_21' title="bbox 574 2219 3522 2302; baseline 0 -19"><span class='ocrx_word' id='word_1_238' title='bbox 574 2219 851 2284; x_wconf 82' lang='lat' dir='ltr'>membro</span> <span class='ocrx_word' id='word_1_239' title='bbox 885 2221 945 2283; x_wconf 89' lang='lat'>3.</span> <span class='ocrx_word' id='word_1_240' title='bbox 986 2221 1092 2284; x_wconf 87' lang='lat' dir='ltr'>Fr.</span> <span class='ocrx_word' id='word_1_241' title='bbox 1131 2221 1447 2287; x_wconf 62' lang='lat' dir='ltr'>Gomara-³</span> <span class='ocrx_word' id='word_1_242' title='bbox 1484 2220 1555 2282; x_wconf 76' lang='lat' dir='ltr'>in</span> <span class='ocrx_word' id='word_1_243' title='bbox 1596 2220 1852 2302; x_wconf 72' lang='lat' dir='ltr'>Dispuc.</span> <span class='ocrx_word' id='word_1_244' title='bbox 1887 2219 1962 2282; x_wconf 76' lang='lat' dir='ltr'>de</span> <span class='ocrx_word' id='word_1_245' title='bbox 1991 2221 2262 2302; x_wconf 68' lang='lat' dir='ltr'>Anyelis.</span> <span class='ocrx_word' id='word_1_246' title='bbox 2303 2219 2480 2283; x_wconf 86' lang='lat' dir='ltr'>Talis</span> <span class='ocrx_word' id='word_1_247' title='bbox 2520 2221 2764 2284; x_wconf 87' lang='lat' dir='ltr'>incuria</span> <span class='ocrx_word' id='word_1_248' title='bbox 2789 2221 2852 2283; x_wconf 93' lang='lat' dir='ltr'>in</span> <span class='ocrx_word' id='word_1_249' title='bbox 2887 2221 3160 2284; x_wconf 88' lang='lat' dir='ltr'>aliorum</span> <span class='ocrx_word' id='word_1_250' title='bbox 3185 2221 3371 2284; x_wconf 90' lang='lat' dir='ltr'>dictis</span> <span class='ocrx_word' id='word_1_251' title='bbox 3395 2229 3522 2284; x_wconf 85' lang='lat' dir='ltr'>aut</span> 
     </span>
     <span class='ocr_line' id='line_1_22' title="bbox 575 2305 3518 2392; baseline 0.001 -22"><span class='ocrx_word' id='word_1_252' title='bbox 575 2306 761 2372; x_wconf 84' lang='lat' dir='ltr'>factis</span> <span class='ocrx_word' id='word_1_253' title='bbox 796 2308 1150 2392; x_wconf 80' lang='lat' dir='ltr'>allegandis</span> <span class='ocrx_word' id='word_1_254' title='bbox 1180 2307 1371 2370; x_wconf 86' lang='lat' dir='ltr'>nimis</span> <span class='ocrx_word' id='word_1_255' title='bbox 1404 2305 1703 2390; x_wconf 84' lang='lat' dir='ltr'>frequens</span> <span class='ocrx_word' id='word_1_256' title='bbox 1743 2306 1889 2371; x_wconf 87' lang='lat' dir='ltr'>fuit.</span> <span class='ocrx_word' id='word_1_257' title='bbox 1929 2305 2015 2371; x_wconf 91' lang='lat' dir='ltr'>II.</span> <span class='ocrx_word' id='word_1_258' title='bbox 2053 2306 2128 2371; x_wconf 93' lang='lat' dir='ltr'>In</span> <span class='ocrx_word' id='word_1_259' title='bbox 2169 2307 2416 2370; x_wconf 86' lang='lat' dir='ltr'>defectu</span> <span class='ocrx_word' id='word_1_260' title='bbox 2443 2314 2704 2392; x_wconf 87' lang='lat' dir='ltr'>peccant</span> <span class='ocrx_word' id='word_1_261' title='bbox 2758 2310 2994 2388; x_wconf 76' lang='lat' dir='ltr'>Prima,</span> <span class='ocrx_word' id='word_1_262' title='bbox 3019 2309 3518 2392; x_wconf 80' lang='lat' dir='ltr'>Anabaptistae,</span> 
     </span>
     <span class='ocr_line' id='line_1_23' title="bbox 573 2393 3516 2481; baseline 0.001 -21"><span class='ocrx_word' id='word_1_263' title='bbox 573 2396 684 2481; x_wconf 91' lang='lat' dir='ltr'>qui</span> <span class='ocrx_word' id='word_1_264' title='bbox 708 2419 995 2461; x_wconf 85' lang='lat' dir='ltr'>normam</span> <span class='ocrx_word' id='word_1_265' title='bbox 1020 2395 1166 2461; x_wconf 88' lang='lat' dir='ltr'>fidei</span> <span class='ocrx_word' id='word_1_266' title='bbox 1204 2397 1250 2461; x_wconf 74' lang='grc' dir='ltr'>δι</span> <span class='ocrx_word' id='word_1_267' title='bbox 1274 2416 1523 2460; x_wconf 88' lang='lat' dir='ltr'>morum</span> <span class='ocrx_word' id='word_1_268' title='bbox 1560 2393 1628 2459; x_wconf 90' lang='lat' dir='ltr'>in</span> <span class='ocrx_word' id='word_1_269' title='bbox 1666 2395 1920 2478; x_wconf 89' lang='lat' dir='ltr'>scriptis</span> <span class='ocrx_word' id='word_1_270' title='bbox 1945 2393 2026 2461; x_wconf 91' lang='lat' dir='ltr'>V.</span> <span class='ocrx_word' id='word_1_271' title='bbox 2054 2393 2128 2459; x_wconf 83' lang='lat' dir='ltr'>T.</span> <span class='ocrx_word' id='word_1_272' title='bbox 2155 2419 2280 2460; x_wconf 90' lang='lat' dir='ltr'>non</span> <span class='ocrx_word' id='word_1_273' title='bbox 2305 2401 2623 2480; x_wconf 88' lang='lat' dir='ltr'>quaerunt</span> <span class='ocrx_word' id='word_1_274' title='bbox 2647 2397 2756 2460; x_wconf 85' lang='lat' dir='ltr'>sed</span> <span class='ocrx_word' id='word_1_275' title='bbox 2789 2400 3036 2461; x_wconf 89' lang='lat' dir='ltr'>tantum</span> <span class='ocrx_word' id='word_1_276' title='bbox 3064 2397 3131 2461; x_wconf 90' lang='lat' dir='ltr'>in</span> <span class='ocrx_word' id='word_1_277' title='bbox 3158 2397 3242 2462; x_wconf 89' lang='lat' dir='ltr'>N.</span> <span class='ocrx_word' id='word_1_278' title='bbox 3281 2395 3357 2460; x_wconf 88' lang='lat' dir='ltr'>T.</span> <span class='ocrx_word' id='word_1_279' title='bbox 3397 2397 3516 2463; x_wconf 76' lang='lat' dir='ltr'>Se-</span> 
     </span>
     <span class='ocr_line' id='line_1_24' title="bbox 572 2484 3517 2569; baseline 0 -20"><span class='ocrx_word' id='word_1_280' title='bbox 572 2486 799 2563; x_wconf 76' lang='lat' dir='ltr'>cunde,</span> <span class='ocrx_word' id='word_1_281' title='bbox 830 2486 1107 2550; x_wconf 74' lang='lat' dir='ltr'>Casteltio</span> <span class='ocrx_word' id='word_1_282' title='bbox 1131 2506 1270 2547; x_wconf 88' lang='lat' dir='ltr'>cum</span> <span class='ocrx_word' id='word_1_283' title='bbox 1300 2484 1449 2561; x_wconf 80' lang='lat' dir='ltr'>suiS,</span> <span class='ocrx_word' id='word_1_284' title='bbox 1477 2484 1589 2567; x_wconf 90' lang='lat' dir='ltr'>qui</span> <span class='ocrx_word' id='word_1_285' title='bbox 1610 2484 1836 2565; x_wconf 65' lang='lat' dir='ltr'>dialog).</span> <span class='ocrx_word' id='word_1_286' title='bbox 1867 2486 1925 2547; x_wconf 87' lang='lat'>2.</span> <span class='ocrx_word' id='word_1_287' title='bbox 1950 2504 2014 2566; x_wconf 75' lang='lat' dir='ltr'>p.</span> <span class='ocrx_word' id='word_1_288' title='bbox 2048 2486 2191 2548; x_wconf 86' lang='lat'>113.</span> <span class='ocrx_word' id='word_1_289' title='bbox 2217 2508 2410 2567; x_wconf 85' lang='lat' dir='ltr'>supra</span> <span class='ocrx_word' id='word_1_290' title='bbox 2428 2486 2531 2549; x_wconf 90' lang='lat' dir='ltr'>cit.</span> <span class='ocrx_word' id='word_1_291' title='bbox 2553 2487 2884 2549; x_wconf 88' lang='lat' dir='ltr'>sententiis</span> <span class='ocrx_word' id='word_1_292' title='bbox 2903 2488 2950 2551; x_wconf 66' lang='grc' dir='ltr'><strong>ἃ</strong></span> <span class='ocrx_word' id='word_1_293' title='bbox 2967 2486 3517 2569; x_wconf 86' lang='lat' dir='ltr'>disputationibus</span> 
     </span>
     <span class='ocr_line' id='line_1_25' title="bbox 579 2571 3514 2658; baseline 0 -21"><span class='ocrx_word' id='word_1_294' title='bbox 579 2574 759 2637; x_wconf 87' lang='lat' dir='ltr'>Pauli</span> <span class='ocrx_word' id='word_1_295' title='bbox 784 2572 1241 2636; x_wconf 87' lang='lat' dir='ltr'>authoritatem</span> <span class='ocrx_word' id='word_1_296' title='bbox 1266 2571 1562 2635; x_wconf 88' lang='lat' dir='ltr'>detrahit.</span> <span class='ocrx_word' id='word_1_297' title='bbox 1601 2573 1819 2649; x_wconf 75' lang='lat' dir='ltr'>Tertia,</span> <span class='ocrx_word' id='word_1_298' title='bbox 1854 2573 2227 2657; x_wconf 74' lang='lat' dir='ltr'>Anonymas</span> <span class='ocrx_word' id='word_1_299' title='bbox 2253 2572 2845 2637; x_wconf 82' lang='lat' dir='ltr'>Remonstrantium</span> <span class='ocrx_word' id='word_1_300' title='bbox 2871 2576 3366 2658; x_wconf 61' lang='lat' dir='ltr'>Hyperaspistae,</span> <span class='ocrx_word' id='word_1_301' title='bbox 3392 2576 3514 2655; x_wconf 85' lang='lat' dir='ltr'>qui</span> 
     </span>
     <span class='ocr_line' id='line_1_26' title="bbox 572 2660 3514 2745; baseline 0 -20"><span class='ocrx_word' id='word_1_302' title='bbox 572 2666 768 2745; x_wconf 81' lang='lat' dir='ltr'>negat</span> <span class='ocrx_word' id='word_1_303' title='bbox 807 2660 1158 2743; x_wconf 86' lang='lat' dir='ltr'>Scriptores</span> <span class='ocrx_word' id='word_1_304' title='bbox 1191 2681 1399 2723; x_wconf 86' lang='lat' dir='ltr'>sacros</span> <span class='ocrx_word' id='word_1_305' title='bbox 1438 2661 1634 2725; x_wconf 87' lang='lat' dir='ltr'>etiam</span> <span class='ocrx_word' id='word_1_306' title='bbox 1674 2660 2176 2744; x_wconf 83' lang='lat' dir='ltr'>dogmatizantes</span> <span class='ocrx_word' id='word_1_307' title='bbox 2218 2684 2354 2725; x_wconf 86' lang='lat' dir='ltr'>esse</span> <span class='ocrx_word' id='word_1_308' title='bbox 2393 2662 2794 2726; x_wconf 87' lang='lat' dir='ltr'>authenticos</span> <span class='ocrx_word' id='word_1_309' title='bbox 2819 2662 2883 2726; x_wconf 91' lang='lat' dir='ltr'>in</span> <span class='ocrx_word' id='word_1_310' title='bbox 2909 2662 3008 2741; x_wconf 83' lang='lat' dir='ltr'>iis,</span> <span class='ocrx_word' id='word_1_311' title='bbox 3035 2684 3198 2745; x_wconf 87' lang='lat' dir='ltr'>quae</span> <span class='ocrx_word' id='word_1_312' title='bbox 3223 2661 3514 2745; x_wconf 86' lang='lat' dir='ltr'>praecise</span> 
     </span>
     <span class='ocr_line' id='line_1_27' title="bbox 574 2748 3514 2833; baseline 0.001 -20"><span class='ocrx_word' id='word_1_313' title='bbox 574 2750 653 2813; x_wconf 90' lang='lat' dir='ltr'>ad</span> <span class='ocrx_word' id='word_1_314' title='bbox 679 2751 953 2813; x_wconf 88' lang='lat' dir='ltr'>salutem</span> <span class='ocrx_word' id='word_1_315' title='bbox 975 2771 1101 2812; x_wconf 86' lang='lat' dir='ltr'>non</span> <span class='ocrx_word' id='word_1_316' title='bbox 1118 2752 1266 2811; x_wconf 88' lang='lat' dir='ltr'>sunt</span> <span class='ocrx_word' id='word_1_317' title='bbox 1283 2748 1662 2812; x_wconf 86' lang='lat' dir='ltr'>necessaria:</span> <span class='ocrx_word' id='word_1_318' title='bbox 1684 2771 1876 2833; x_wconf 89' lang='lat' dir='ltr'>quem</span> <span class='ocrx_word' id='word_1_319' title='bbox 1893 2771 2170 2813; x_wconf 88' lang='lat' dir='ltr'>errorem</span> <span class='ocrx_word' id='word_1_320' title='bbox 2183 2749 2473 2833; x_wconf 87' lang='lat' dir='ltr'>pluribus</span> <span class='ocrx_word' id='word_1_321' title='bbox 2499 2751 2890 2814; x_wconf 81' lang='lat' dir='ltr'>excussimus</span> <span class='ocrx_word' id='word_1_322' title='bbox 2909 2751 2976 2814; x_wconf 92' lang='lat' dir='ltr'>in</span> <span class='ocrx_word' id='word_1_323' title='bbox 3005 2752 3275 2816; x_wconf 74' lang='lat' dir='ltr'>Thersite</span> <span class='ocrx_word' id='word_1_324' title='bbox 3287 2762 3514 2815; x_wconf 71' lang='lat' dir='ltr'>nostro</span> 
     </span>
     <span class='ocr_line' id='line_1_28' title="bbox 574 2836 3512 2923; baseline 0 -20"><span class='ocrx_word' id='word_1_325' title='bbox 574 2840 907 2903; x_wconf 80' lang='lat' dir='ltr'>Heautont.</span> <span class='ocrx_word' id='word_1_326' title='bbox 954 2848 1119 2921; x_wconf 82' lang='lat' dir='ltr'>part.</span> <span class='ocrx_word' id='word_1_327' title='bbox 1160 2837 1219 2899; x_wconf 89' lang='lat'>3.</span> <span class='ocrx_word' id='word_1_328' title='bbox 1268 2857 1316 2901; x_wconf 83' lang='lat' dir='ltr'>c.</span> <span class='ocrx_word' id='word_1_329' title='bbox 1352 2838 1411 2898; x_wconf 83' lang='lat'>2.</span> <span class='ocrx_word' id='word_1_330' title='bbox 1439 2838 1757 2901; x_wconf 77' lang='lat' dir='ltr'>Barranz.</span> <span class='ocrx_word' id='word_1_331' title='bbox 1786 2838 1894 2902; x_wconf 87' lang='lat' dir='ltr'>loc.</span> <span class='ocrx_word' id='word_1_332' title='bbox 1923 2839 2020 2903; x_wconf 80' lang='lat' dir='ltr'>cit.</span> <span class='ocrx_word' id='word_1_333' title='bbox 2048 2838 2200 2901; x_wconf 85' lang='lat' dir='ltr'>dicit</span> <span class='ocrx_word' id='word_1_334' title='bbox 2230 2836 2273 2901; x_wconf 83' lang='lat' dir='ltr'><strong>J</strong></span> <span class='ocrx_word' id='word_1_335' title='bbox 2276 2861 2496 2902; x_wconf 84' lang='lat' dir='ltr'>osuam</span> <span class='ocrx_word' id='word_1_336' title='bbox 2522 2838 2929 2923; x_wconf 84' lang='lat' dir='ltr'>Astrologiae</span> <span class='ocrx_word' id='word_1_337' title='bbox 2962 2840 3260 2923; x_wconf 85' lang='lat' dir='ltr'>ignarum</span> <span class='ocrx_word' id='word_1_338' title='bbox 3285 2862 3362 2902; x_wconf 87' lang='lat' dir='ltr'>ex</span> <span class='ocrx_word' id='word_1_339' title='bbox 3385 2860 3512 2903; x_wconf 89' lang='lat' dir='ltr'>suo</span> 
     </span>
     <span class='ocr_line' id='line_1_29' title="bbox 574 2924 3508 3014; baseline 0.001 -25"><span class='ocrx_word' id='word_1_340' title='bbox 574 2949 761 2991; x_wconf 88' lang='lat' dir='ltr'>sensu</span> <span class='ocrx_word' id='word_1_341' title='bbox 810 2926 1109 2989; x_wconf 90' lang='lat' dir='ltr'>locutum.</span> <span class='ocrx_word' id='word_1_342' title='bbox 1160 2924 1286 2989; x_wconf 83' lang='lat' dir='ltr'>Sed</span> <span class='ocrx_word' id='word_1_343' title='bbox 1332 2924 1494 2989; x_wconf 87' lang='lat' dir='ltr'>Vide</span> <span class='ocrx_word' id='word_1_344' title='bbox 1553 2926 1855 2990; x_wconf 80' lang='lat' dir='ltr'>Thomam</span> <span class='ocrx_word' id='word_1_345' title='bbox 1901 2947 2044 3009; x_wconf 72' lang='lat' dir='ltr'>paq.</span> <span class='ocrx_word' id='word_1_346' title='bbox 2099 2928 2155 2990; x_wconf 90' lang='lat'>1.</span> <span class='ocrx_word' id='word_1_347' title='bbox 2180 2950 2238 3012; x_wconf 89' lang='lat' dir='ltr'>q.</span> <span class='ocrx_word' id='word_1_348' title='bbox 2269 2928 2320 2989; x_wconf 91' lang='lat' dir='ltr'>l.</span> <span class='ocrx_word' id='word_1_349' title='bbox 2347 2939 2466 2991; x_wconf 84' lang='lat' dir='ltr'>art.</span> <span class='ocrx_word' id='word_1_350' title='bbox 2495 2930 2556 2990; x_wconf 77' lang='grc'><strong>6.</strong></span> <span class='ocrx_word' id='word_1_351' title='bbox 2581 2928 2667 2991; x_wconf 79' lang='lat' dir='ltr'>ad</span> <span class='ocrx_word' id='word_1_352' title='bbox 2693 2930 2751 2990; x_wconf 86' lang='lat'>2.</span> <span class='ocrx_word' id='word_1_353' title='bbox 2779 2930 2825 2993; x_wconf 65' lang='grc' dir='ltr'>δι</span> <span class='ocrx_word' id='word_1_354' title='bbox 2849 2926 3081 2991; x_wconf 85' lang='lat' dir='ltr'>Confer</span> <span class='ocrx_word' id='word_1_355' title='bbox 3099 2928 3508 3014; x_wconf 74' lang='lat' dir='ltr'>Raynoldum</span> 
     </span>
     <span class='ocr_line' id='line_1_30' title="bbox 574 3012 3509 3096; baseline 0.001 -19"><span class='ocrx_word' id='word_1_356' title='bbox 574 3037 723 3077; x_wconf 85' lang='lat' dir='ltr'>mox</span> <span class='ocrx_word' id='word_1_357' title='bbox 768 3014 1109 3077; x_wconf 90' lang='lat' dir='ltr'>citandum.</span> <span class='ocrx_word' id='word_1_358' title='bbox 1164 3014 1403 3095; x_wconf 74' lang='lat' dir='ltr'>Quarto</span> <span class='ocrx_word' id='word_1_359' title='bbox 1452 3012 1791 3091; x_wconf 88' lang='lat' dir='ltr'>Sociniani,</span> <span class='ocrx_word' id='word_1_360' title='bbox 1845 3015 1956 3096; x_wconf 91' lang='lat' dir='ltr'>qui</span> <span class='ocrx_word' id='word_1_361' title='bbox 2004 3014 2337 3079; x_wconf 85' lang='lat' dir='ltr'>minutulis</span> <span class='ocrx_word' id='word_1_362' title='bbox 2364 3016 2684 3079; x_wconf 87' lang='lat' dir='ltr'>nonnullis</span> <span class='ocrx_word' id='word_1_363' title='bbox 2710 3014 3108 3080; x_wconf 86' lang='lat' dir='ltr'>authentiam</span> <span class='ocrx_word' id='word_1_364' title='bbox 3136 3016 3509 3093; x_wconf 85' lang='lat' dir='ltr'>detrahunt,</span> 
     </span>
     <span class='ocr_line' id='line_1_31' title="bbox 576 3100 3510 3187; baseline 0.001 -22"><span class='ocrx_word' id='word_1_365' title='bbox 576 3107 688 3166; x_wconf 90' lang='lat' dir='ltr'>aut</span> <span class='ocrx_word' id='word_1_366' title='bbox 735 3104 810 3166; x_wconf 91' lang='lat' dir='ltr'>de</span> <span class='ocrx_word' id='word_1_367' title='bbox 856 3108 929 3165; x_wconf 74' lang='lat' dir='ltr'>ea</span> <span class='ocrx_word' id='word_1_368' title='bbox 954 3101 1266 3165; x_wconf 88' lang='lat' dir='ltr'>dubitant.</span> <span class='ocrx_word' id='word_1_369' title='bbox 1299 3100 1456 3165; x_wconf 90' lang='lat' dir='ltr'>Vide</span> <span class='ocrx_word' id='word_1_370' title='bbox 1481 3102 1689 3167; x_wconf 68' lang='lat' dir='ltr'>Socini</span> <span class='ocrx_word' id='word_1_371' title='bbox 1715 3103 1988 3168; x_wconf 79' lang='lat' dir='ltr'>libellum</span> <span class='ocrx_word' id='word_1_372' title='bbox 2016 3104 2090 3167; x_wconf 80' lang='lat' dir='ltr'>de</span> <span class='ocrx_word' id='word_1_373' title='bbox 2114 3105 2442 3185; x_wconf 69' lang='lat' dir='ltr'>autoritate</span> <span class='ocrx_word' id='word_1_374' title='bbox 2465 3106 2845 3187; x_wconf 76' lang='lat' dir='ltr'>scripturae;</span> <span class='ocrx_word' id='word_1_375' title='bbox 2870 3102 3393 3169; x_wconf 86' lang='lat' dir='ltr'>Remonstrantes</span> <span class='ocrx_word' id='word_1_376' title='bbox 3424 3105 3510 3168; x_wconf 85' lang='lat' dir='ltr'>ab</span> 
     </span>
     <span class='ocr_line' id='line_1_32' title="bbox 576 3188 3514 3277; baseline 0.001 -23"><span class='ocrx_word' id='word_1_377' title='bbox 576 3191 695 3254; x_wconf 71' lang='lat' dir='ltr'>hac</span> <span class='ocrx_word' id='word_1_378' title='bbox 719 3190 1014 3273; x_wconf 87' lang='lat' dir='ltr'>opinione</span> <span class='ocrx_word' id='word_1_379' title='bbox 1037 3212 1163 3252; x_wconf 92' lang='lat' dir='ltr'>non</span> <span class='ocrx_word' id='word_1_380' title='bbox 1189 3188 1481 3254; x_wconf 90' lang='lat' dir='ltr'>videntur</span> <span class='ocrx_word' id='word_1_381' title='bbox 1504 3190 1595 3253; x_wconf 88' lang='lat' dir='ltr'>ita</span> <span class='ocrx_word' id='word_1_382' title='bbox 1628 3191 1858 3265; x_wconf 87' lang='lat' dir='ltr'>alieni;</span> <span class='ocrx_word' id='word_1_383' title='bbox 1889 3196 1957 3255; x_wconf 91' lang='lat' dir='ltr'>ut</span> <span class='ocrx_word' id='word_1_384' title='bbox 1982 3197 2228 3256; x_wconf 87' lang='lat' dir='ltr'>constat</span> <span class='ocrx_word' id='word_1_385' title='bbox 2261 3214 2338 3256; x_wconf 84' lang='lat' dir='ltr'>ex</span> <span class='ocrx_word' id='word_1_386' title='bbox 2363 3193 2679 3277; x_wconf 77' lang='lat' dir='ltr'>Episcopii</span> <span class='ocrx_word' id='word_1_387' title='bbox 2707 3193 3004 3277; x_wconf 75' lang='lat' dir='ltr'>disputat.</span> <span class='ocrx_word' id='word_1_388' title='bbox 3027 3194 3293 3275; x_wconf 71' lang='lat' dir='ltr'>privatis</span> <span class='ocrx_word' id='word_1_389' title='bbox 3316 3194 3403 3258; x_wconf 76' lang='lat' dir='ltr'>tit.</span> <span class='ocrx_word' id='word_1_390' title='bbox 3433 3194 3514 3257; x_wconf 77' lang='lat' dir='ltr'>de</span> 
     </span>
     <span class='ocr_line' id='line_1_33' title="bbox 575 3278 3510 3364; baseline 0 -21"><span class='ocrx_word' id='word_1_391' title='bbox 575 3279 905 3344; x_wconf 77' lang='lat' dir='ltr'>autoritate</span> <span class='ocrx_word' id='word_1_392' title='bbox 928 3279 1135 3361; x_wconf 74' lang='lat' dir='ltr'>script.</span> <span class='ocrx_word' id='word_1_393' title='bbox 1166 3279 1420 3359; x_wconf 69' lang='lat' dir='ltr'>Quina),</span> <span class='ocrx_word' id='word_1_394' title='bbox 1448 3278 1717 3343; x_wconf 67' lang='lat' dir='ltr'>Valesius</span> <span class='ocrx_word' id='word_1_395' title='bbox 1732 3280 1958 3363; x_wconf 55' lang='lat' dir='ltr'>philosi.</span> <span class='ocrx_word' id='word_1_396' title='bbox 1979 3300 2136 3343; x_wconf 74' lang='lat' dir='ltr'>sacr.</span> <span class='ocrx_word' id='word_1_397' title='bbox 2157 3301 2206 3344; x_wconf 89' lang='lat' dir='ltr'>c.</span> <span class='ocrx_word' id='word_1_398' title='bbox 2223 3283 2284 3344; x_wconf 85' lang='lat'>2.</span> <span class='ocrx_word' id='word_1_399' title='bbox 2304 3282 2415 3364; x_wconf 88' lang='lat' dir='ltr'>qui</span> <span class='ocrx_word' id='word_1_400' title='bbox 2433 3285 2619 3364; x_wconf 85' lang='lat' dir='ltr'>putat</span> <span class='ocrx_word' id='word_1_401' title='bbox 2637 3282 2973 3363; x_wconf 87' lang='lat' dir='ltr'>scriptores</span> <span class='ocrx_word' id='word_1_402' title='bbox 2993 3304 3203 3345; x_wconf 83' lang='lat' dir='ltr'>sacros</span> <span class='ocrx_word' id='word_1_403' title='bbox 3221 3281 3510 3346; x_wconf 86' lang='lat' dir='ltr'>confictis</span> 
     </span>
     <span class='ocr_line' id='line_1_34' title="bbox 576 3364 3513 3455; baseline 0.001 -26"><span class='ocrx_word' id='word_1_404' title='bbox 576 3366 813 3431; x_wconf 85' lang='lat' dir='ltr'>fabulis</span> <span class='ocrx_word' id='word_1_405' title='bbox 852 3366 1118 3431; x_wconf 87' lang='lat' dir='ltr'>subinde</span> <span class='ocrx_word' id='word_1_406' title='bbox 1166 3364 1563 3443; x_wconf 72' lang='grc' dir='ltr'>δογμκτῖζειν.</span> <span class='ocrx_word' id='word_1_407' title='bbox 1611 3364 1734 3431; x_wconf 87' lang='lat' dir='ltr'>Sed</span> <span class='ocrx_word' id='word_1_408' title='bbox 1768 3368 1947 3431; x_wconf 85' lang='lat' dir='ltr'>docte</span> <span class='ocrx_word' id='word_1_409' title='bbox 1989 3391 2102 3451; x_wconf 89' lang='lat' dir='ltr'>pro</span> <span class='ocrx_word' id='word_1_410' title='bbox 2137 3392 2310 3432; x_wconf 91' lang='lat' dir='ltr'>more</span> <span class='ocrx_word' id='word_1_411' title='bbox 2341 3392 2455 3432; x_wconf 87' lang='lat' dir='ltr'>suo</span> <span class='ocrx_word' id='word_1_412' title='bbox 2481 3368 2719 3433; x_wconf 87' lang='lat' dir='ltr'>refutat</span> <span class='ocrx_word' id='word_1_413' title='bbox 2744 3370 2867 3433; x_wconf 90' lang='lat' dir='ltr'>hoc</span> <span class='ocrx_word' id='word_1_414' title='bbox 2889 3373 3319 3434; x_wconf 87' lang='lat' dir='ltr'>commentum</span> <span class='ocrx_word' id='word_1_415' title='bbox 3347 3370 3513 3455; x_wconf 71' lang='lat' dir='ltr'>Ray·</span> 
     </span>
     <span class='ocr_line' id='line_1_35' title="bbox 575 3454 2437 3540; baseline 0.001 -21"><span class='ocrx_word' id='word_1_416' title='bbox 575 3456 747 3521; x_wconf 74' lang='grc' dir='ltr'><strong>ποῖά.</strong></span> <span class='ocrx_word' id='word_1_417' title='bbox 779 3476 1022 3521; x_wconf 70' lang='lat' dir='ltr'>consur.</span> <span class='ocrx_word' id='word_1_418' title='bbox 1059 3454 1197 3519; x_wconf 81' lang='lat' dir='ltr'>libr.</span> <span class='ocrx_word' id='word_1_419' title='bbox 1224 3456 1563 3540; x_wconf 75' lang='lat' dir='ltr'>apocryph.</span> <span class='ocrx_word' id='word_1_420' title='bbox 1594 3468 1738 3521; x_wconf 83' lang='lat' dir='ltr'>tom.</span> <span class='ocrx_word' id='word_1_421' title='bbox 1768 3457 1830 3520; x_wconf 83' lang='lat'>2.</span> <span class='ocrx_word' id='word_1_422' title='bbox 1854 3458 2134 3540; x_wconf 76' lang='lat' dir='ltr'>praelect.</span> <span class='ocrx_word' id='word_1_423' title='bbox 2169 3458 2310 3521; x_wconf 82' lang='grc'><strong>196.</strong></span> <span class='ocrx_word' id='word_1_424' title='bbox 2338 3459 2437 3524; x_wconf 73' lang='grc' dir='ltr'><strong>διο.</strong></span> 
     </span>
    </p>
   </div>
   <div class='ocr_carea' id='block_1_3' title="bbox 1606 3640 2498 3716">
    <p class='ocr_par' dir='ltr' id='par_1_4' title="bbox 1606 3640 2498 3716">
     <span class='ocr_line' id='line_1_36' title="bbox 1606 3640 2498 3716; baseline 0.003 -5"><span class='ocrx_word' id='word_1_425' title='bbox 1606 3640 2498 3716; x_wconf 79' lang='lat' dir='ltr'><strong>PROBLEMATA.</strong></span> 
     </span>
    </p>
   </div>
   <div class='ocr_carea' id='block_1_4' title="bbox 572 3785 3504 4490">
    <p class='ocr_par' dir='ltr' id='par_1_5' title="bbox 574 3785 3504 4051">
     <span class='ocr_line' id='line_1_37' title="bbox 666 3785 3502 3874; baseline 0.001 -24"><span class='ocrx_word' id='word_1_426' title='bbox 666 3786 833 3851; x_wconf 71' lang='lat' dir='ltr'>1.sz</span> <span class='ocrx_word' id='word_1_427' title='bbox 856 3786 979 3851; x_wconf 74' lang='lat' dir='ltr'>dici</span> <span class='ocrx_word' id='word_1_428' title='bbox 1001 3786 1209 3851; x_wconf 83' lang='lat' dir='ltr'>debeat</span> <span class='ocrx_word' id='word_1_429' title='bbox 1232 3806 1373 3851; x_wconf 81' lang='lat' dir='ltr'>cam</span> <span class='ocrx_word' id='word_1_430' title='bbox 1402 3785 1572 3851; x_wconf 85' lang='lat' dir='ltr'>Cano</span> <span class='ocrx_word' id='word_1_431' title='bbox 1598 3788 1788 3852; x_wconf 91' lang='lat' dir='ltr'>locor.</span> <span class='ocrx_word' id='word_1_432' title='bbox 1814 3786 2038 3853; x_wconf 85' lang='lat' dir='ltr'>Theol.</span> <span class='ocrx_word' id='word_1_433' title='bbox 2057 3790 2169 3853; x_wconf 91' lang='lat' dir='ltr'>lib.</span> <span class='ocrx_word' id='word_1_434' title='bbox 2191 3791 2250 3853; x_wconf 90' lang='lat'>2.</span> <span class='ocrx_word' id='word_1_435' title='bbox 2271 3812 2406 3871; x_wconf 87' lang='lat' dir='ltr'>cap.</span> <span class='ocrx_word' id='word_1_436' title='bbox 2431 3789 2530 3854; x_wconf 84' lang='lat'>18.</span> <span class='ocrx_word' id='word_1_437' title='bbox 2558 3790 2627 3853; x_wconf 89' lang='grc' dir='ltr'>Β.</span> <span class='ocrx_word' id='word_1_438' title='bbox 2648 3789 3036 3874; x_wconf 75' lang='lat' dir='ltr'>Stephanum</span> <span class='ocrx_word' id='word_1_439' title='bbox 3054 3788 3273 3855; x_wconf 86' lang='lat' dir='ltr'>Actor.</span> <span class='ocrx_word' id='word_1_440' title='bbox 3295 3790 3351 3853; x_wconf 87' lang='lat'>7.</span> <span class='ocrx_word' id='word_1_441' title='bbox 3369 3810 3502 3854; x_wconf 79' lang='lat' dir='ltr'>me-</span> 
     </span>
     <span class='ocr_line' id='line_1_38' title="bbox 574 3875 3504 3959; baseline 0.001 -20"><span class='ocrx_word' id='word_1_442' title='bbox 574 3876 778 3941; x_wconf 82' lang='lat' dir='ltr'>moria</span> <span class='ocrx_word' id='word_1_443' title='bbox 802 3876 1053 3958; x_wconf 74' lang='lat' dir='ltr'>lapsum</span> <span class='ocrx_word' id='word_1_444' title='bbox 1072 3879 1102 3939; x_wconf 77' lang='lat' dir='ltr'>P</span> <span class='ocrx_word' id='word_1_445' title='bbox 1145 3877 1219 3942; x_wconf 92' lang='grc' dir='ltr'><strong>Ν.</strong></span> <span class='ocrx_word' id='word_1_446' title='bbox 1244 3875 1424 3939; x_wconf 79' lang='lat' dir='ltr'>aliter</span> <span class='ocrx_word' id='word_1_447' title='bbox 1445 3877 1613 3940; x_wconf 75' lang='lat' dir='ltr'>enim.</span> <span class='ocrx_word' id='word_1_448' title='bbox 1638 3875 1699 3941; x_wconf 66' lang='lat' dir='ltr'>a·</span> <span class='ocrx_word' id='word_1_449' title='bbox 1721 3889 1875 3942; x_wconf 80' lang='lat' dir='ltr'>recte</span> <span class='ocrx_word' id='word_1_450' title='bbox 1897 3875 2284 3959; x_wconf 66' lang='grc' dir='ltr'>ἑνκντιεφανές</span> <span class='ocrx_word' id='word_1_451' title='bbox 2311 3878 2469 3943; x_wconf 71' lang='lat' dir='ltr'>mad</span> <span class='ocrx_word' id='word_1_452' title='bbox 2491 3880 2715 3943; x_wconf 78' lang='lat' dir='ltr'>tollunt</span> <span class='ocrx_word' id='word_1_453' title='bbox 2739 3891 3248 3944; x_wconf 78' lang='lat' dir='ltr'>commentatores</span> <span class='ocrx_word' id='word_1_454' title='bbox 3279 3878 3504 3945; x_wconf 79' lang='lat' dir='ltr'>Ponti-</span> 
     </span>
     <span class='ocr_line' id='line_1_39' title="bbox 574 3962 2568 4051; baseline 0.001 -22"><span class='ocrx_word' id='word_1_455' title='bbox 574 3965 697 4051; x_wconf 79' lang='lat' dir='ltr'>ficii</span> <span class='ocrx_word' id='word_1_456' title='bbox 725 3963 789 4029; x_wconf 69' lang='grc' dir='ltr'>ἃ·</span> <span class='ocrx_word' id='word_1_457' title='bbox 818 3965 1018 4029; x_wconf 70' lang='lat' dir='ltr'>nostri</span> <span class='ocrx_word' id='word_1_458' title='bbox 1040 3962 1124 4027; x_wconf 82' lang='lat' dir='ltr'>ad</span> <span class='ocrx_word' id='word_1_459' title='bbox 1156 3964 1361 4028; x_wconf 80' lang='lat' dir='ltr'>locum</span> <span class='ocrx_word' id='word_1_460' title='bbox 1384 3965 1479 4029; x_wconf 79' lang='lat' dir='ltr'>cit.</span> <span class='ocrx_word' id='word_1_461' title='bbox 1528 3964 1665 4029; x_wconf 76' lang='lat' dir='ltr'>Vide</span> <span class='ocrx_word' id='word_1_462' title='bbox 1689 3966 1850 4049; x_wconf 88' lang='lat' dir='ltr'>disp.</span> <span class='ocrx_word' id='word_1_463' title='bbox 1884 3967 1959 4029; x_wconf 90' lang='lat' dir='ltr'>de</span> <span class='ocrx_word' id='word_1_464' title='bbox 1982 3964 2442 4030; x_wconf 88' lang='lat' dir='ltr'>Insolubilibus</span> <span class='ocrx_word' id='word_1_465' title='bbox 2469 3969 2568 4033; x_wconf 69' lang='lat' dir='ltr'>Sco.</span> 
     </span>
    </p>

    <p class='ocr_par' dir='ltr' id='par_1_6' title="bbox 572 4051 3496 4490">
     <span class='ocr_line' id='line_1_40' title="bbox 661 4051 3496 4139; baseline 0.001 -24"><span class='ocrx_word' id='word_1_466' title='bbox 661 4051 745 4116; x_wconf 88' lang='grc' dir='ltr'><strong>ΙΙ.</strong></span> <span class='ocrx_word' id='word_1_467' title='bbox 771 4054 871 4117; x_wconf 84' lang='grc' dir='ltr'>Αη</span> <span class='ocrx_word' id='word_1_468' title='bbox 882 4052 1125 4134; x_wconf 73' lang='lat' dir='ltr'>jade&#39;ces</span> <span class='ocrx_word' id='word_1_469' title='bbox 1151 4074 1365 4117; x_wconf 69' lang='lat' dir='ltr'>omnes</span> <span class='ocrx_word' id='word_1_470' title='bbox 1386 4054 1425 4115; x_wconf 83' lang='grc' dir='ltr'><em>ὰ</em></span> <span class='ocrx_word' id='word_1_471' title='bbox 1455 4054 1619 4117; x_wconf 80' lang='lat' dir='ltr'>Mose</span> <span class='ocrx_word' id='word_1_472' title='bbox 1646 4076 1841 4139; x_wconf 77' lang='lat' dir='ltr'>usque</span> <span class='ocrx_word' id='word_1_473' title='bbox 1856 4056 1941 4119; x_wconf 85' lang='lat' dir='ltr'>ad</span> <span class='ocrx_word' id='word_1_474' title='bbox 1963 4055 2310 4120; x_wconf 74' lang='lat' dir='ltr'>Samuelem</span> <span class='ocrx_word' id='word_1_475' title='bbox 2336 4056 2572 4139; x_wconf 74' lang='lat' dir='ltr'>fuerim</span> <span class='ocrx_word' id='word_1_476' title='bbox 2591 4056 3006 4119; x_wconf 58' lang='grc' dir='ltr'>θεὸπνευστοιὲ)</span> <span class='ocrx_word' id='word_1_477' title='bbox 3024 4053 3196 4137; x_wconf 85' lang='lat' dir='ltr'>Resp</span> <span class='ocrx_word' id='word_1_478' title='bbox 3225 4058 3350 4120; x_wconf 82' lang='lat' dir='ltr'>Pro</span> <span class='ocrx_word' id='word_1_479' title='bbox 3370 4053 3496 4118; x_wconf 85' lang='lat' dir='ltr'>Aff.</span> 
     </span>
     <span class='ocr_line' id='line_1_41' title="bbox 572 4140 3494 4228; baseline 0.001 -25"><span class='ocrx_word' id='word_1_480' title='bbox 572 4141 818 4205; x_wconf 79' lang='lat' dir='ltr'>videt-ar</span> <span class='ocrx_word' id='word_1_481' title='bbox 855 4140 1073 4224; x_wconf 77' lang='lat' dir='ltr'>facere,</span> <span class='ocrx_word' id='word_1_482' title='bbox 1113 4142 1281 4225; x_wconf 79' lang='lat' dir='ltr'>qaod</span> <span class='ocrx_word' id='word_1_483' title='bbox 1314 4162 1527 4206; x_wconf 80' lang='lat' dir='ltr'>omnes</span> <span class='ocrx_word' id='word_1_484' title='bbox 1562 4144 1602 4204; x_wconf 80' lang='grc' dir='ltr'><strong><em>ὰ</em></strong></span> <span class='ocrx_word' id='word_1_485' title='bbox 1633 4141 1765 4206; x_wconf 85' lang='lat' dir='ltr'>Deo</span> <span class='ocrx_word' id='word_1_486' title='bbox 1802 4144 2152 4208; x_wconf 62' lang='lat' dir='ltr'>immediate</span> <span class='ocrx_word' id='word_1_487' title='bbox 2198 4142 2260 4209; x_wconf 75' lang='grc' dir='ltr'>ἃ·</span> <span class='ocrx_word' id='word_1_488' title='bbox 2295 4145 2686 4227; x_wconf 75' lang='lat' dir='ltr'>peculiariter</span> <span class='ocrx_word' id='word_1_489' title='bbox 2715 4144 2960 4209; x_wconf 73' lang='lat' dir='ltr'>excitati</span> <span class='ocrx_word' id='word_1_490' title='bbox 2987 4142 3050 4209; x_wconf 74' lang='grc' dir='ltr'>ἃ·</span> <span class='ocrx_word' id='word_1_491' title='bbox 3073 4144 3192 4208; x_wconf 79' lang='lat' dir='ltr'>acti</span> <span class='ocrx_word' id='word_1_492' title='bbox 3214 4146 3494 4228; x_wconf 61' lang='lat' dir='ltr'>ficerunt.</span> 
     </span>
     <span class='ocr_line' id='line_1_42' title="bbox 576 4228 3492 4319; baseline 0 -25"><span class='ocrx_word' id='word_1_493' title='bbox 576 4230 856 4294; x_wconf 67' lang='lat' dir='ltr'>Max-ima</span> <span class='ocrx_word' id='word_1_494' title='bbox 880 4228 1212 4295; x_wconf 74' lang='lat' dir='ltr'>dubitandi</span> <span class='ocrx_word' id='word_1_495' title='bbox 1236 4231 1392 4294; x_wconf 79' lang='lat' dir='ltr'>ratio</span> <span class='ocrx_word' id='word_1_496' title='bbox 1415 4242 1501 4295; x_wconf 79' lang='lat' dir='ltr'>cst</span> <span class='ocrx_word' id='word_1_497' title='bbox 1526 4230 1601 4294; x_wconf 85' lang='lat' dir='ltr'>de</span> <span class='ocrx_word' id='word_1_498' title='bbox 1624 4230 1859 4313; x_wconf 79' lang='lat' dir='ltr'>lcphta,</span> <span class='ocrx_word' id='word_1_499' title='bbox 1891 4230 1954 4295; x_wconf 64' lang='lat' dir='ltr'>a</span> <span class='ocrx_word' id='word_1_500' title='bbox 1977 4234 2051 4296; x_wconf 83' lang='lat' dir='ltr'>de</span> <span class='ocrx_word' id='word_1_501' title='bbox 2073 4234 2191 4297; x_wconf 76' lang='grc' dir='ltr'><strong>Εἰὶ.</strong></span> <span class='ocrx_word' id='word_1_502' title='bbox 2220 4234 2402 4314; x_wconf 75' lang='lat' dir='ltr'>Quod</span> <span class='ocrx_word' id='word_1_503' title='bbox 2425 4234 2510 4297; x_wconf 83' lang='lat' dir='ltr'>ad</span> <span class='ocrx_word' id='word_1_504' title='bbox 2531 4234 2820 4319; x_wconf 64' lang='lat' dir='ltr'>reliquo-3,</span> <span class='ocrx_word' id='word_1_505' title='bbox 2847 4234 3066 4297; x_wconf 66' lang='lat' dir='ltr'>uzalim</span> <span class='ocrx_word' id='word_1_506' title='bbox 3091 4233 3391 4297; x_wconf 67' lang='lat' dir='ltr'>ivwlinare</span> <span class='ocrx_word' id='word_1_507' title='bbox 3415 4232 3492 4295; x_wconf 73' lang='lat' dir='ltr'>iu</span> 
     </span>
     <span class='ocr_line' id='line_1_43' title="bbox 577 4317 3487 4407; baseline 0.002 -28"><span class='ocrx_word' id='word_1_508' title='bbox 577 4317 702 4381; x_wconf 85' lang='lat' dir='ltr'>Aff.</span> <span class='ocrx_word' id='word_1_509' title='bbox 774 4318 867 4383; x_wconf 82' lang='lat' dir='ltr'>De</span> <span class='ocrx_word' id='word_1_510' title='bbox 920 4318 1118 4382; x_wconf 77' lang='lat' dir='ltr'>Josaa</span> <span class='ocrx_word' id='word_1_511' title='bbox 1141 4330 1299 4382; x_wconf 79' lang='lat' dir='ltr'>certo</span> <span class='ocrx_word' id='word_1_512' title='bbox 1338 4330 1670 4383; x_wconf 77' lang='lat' dir='ltr'>slat-aerem</span> <span class='ocrx_word' id='word_1_513' title='bbox 1706 4331 1924 4385; x_wconf 79' lang='lat' dir='ltr'>contra</span> <span class='ocrx_word' id='word_1_514' title='bbox 1955 4322 2389 4385; x_wconf 79' lang='lat' dir='ltr'>Baranzanum</span> <span class='ocrx_word' id='word_1_515' title='bbox 2413 4322 2528 4385; x_wconf 87' lang='lat' dir='ltr'>loc.</span> <span class='ocrx_word' id='word_1_516' title='bbox 2563 4323 2667 4385; x_wconf 88' lang='lat' dir='ltr'>cit.</span> <span class='ocrx_word' id='word_1_517' title='bbox 2697 4324 2878 4407; x_wconf 76' lang='lat' dir='ltr'>[pag.</span> <span class='ocrx_word' id='word_1_518' title='bbox 2908 4322 3025 4405; x_wconf 77' lang='lat'>41]</span> <span class='ocrx_word' id='word_1_519' title='bbox 3052 4322 3202 4406; x_wconf 75' lang='lat' dir='ltr'>qaia</span> <span class='ocrx_word' id='word_1_520' title='bbox 3227 4321 3487 4405; x_wconf 75' lang='lat' dir='ltr'>scriptor</span> 
     </span>
     <span class='ocr_line' id='line_1_44' title="bbox 573 4404 2564 4490; baseline 0.001 -18"><span class='ocrx_word' id='word_1_521' title='bbox 573 4405 719 4473; x_wconf 75' lang='lat' dir='ltr'>libri</span> <span class='ocrx_word' id='word_1_522' title='bbox 743 4406 1027 4470; x_wconf 74' lang='lat' dir='ltr'>ccmonici</span> <span class='ocrx_word' id='word_1_523' title='bbox 1048 4404 1111 4470; x_wconf 69' lang='grc' dir='ltr'>ἃ·</span> <span class='ocrx_word' id='word_1_524' title='bbox 1134 4428 1323 4489; x_wconf 76' lang='lat' dir='ltr'>super</span> <span class='ocrx_word' id='word_1_525' title='bbox 1344 4428 1486 4471; x_wconf 77' lang='lat' dir='ltr'>eam.</span> <span class='ocrx_word' id='word_1_526' title='bbox 1517 4407 1640 4490; x_wconf 72' lang='lat' dir='ltr'>fuit</span> <span class='ocrx_word' id='word_1_527' title='bbox 1664 4406 1831 4490; x_wconf 77' lang='lat' dir='ltr'>Spir.</span> <span class='ocrx_word' id='word_1_528' title='bbox 1863 4408 2141 4475; x_wconf 83' lang='lat' dir='ltr'>Domini.</span> <span class='ocrx_word' id='word_1_529' title='bbox 2169 4408 2432 4474; x_wconf 90' lang='lat' dir='ltr'>Numer.</span> <span class='ocrx_word' id='word_1_530' title='bbox 2461 4411 2564 4474; x_wconf 84' lang='lat'>27.</span> 
     </span>
    </p>
   </div>
   <div class='ocr_carea' id='block_1_5' title="bbox 3252 4494 3496 4563">
    <p class='ocr_par' dir='ltr' id='par_1_7' title="bbox 3252 4494 3496 4563">
     <span class='ocr_line' id='line_1_45' title="bbox 3252 4494 3496 4563; baseline -0.008 0"><span class='ocrx_word' id='word_1_531' title='bbox 3252 4496 3364 4563; x_wconf 92' lang='lat' dir='ltr'><strong>III.</strong></span> <span class='ocrx_word' id='word_1_532' title='bbox 3387 4494 3496 4561; x_wconf 76' lang='lat' dir='ltr'>Au</span> 
     </span>
    </p>
   </div>
  </div>
 </body>
</html>
