3694 4871
652 332 778 398 148
1035 329 1254 396 Dm».
1300 328 1420 397 VI.
1464 328 1578 395 Da
1623 328 2247 395 Paenula-nona
2292 328 2643 395 Pacem-1
2690 328 3206 397 Garumnae.

647 540 782 585 non
825 518 993 584 venit
1027 539 1104 583 eoe
1131 517 1382 583 virtutis
1405 526 1761 602 aaqmento,
1787 516 1897 582 sed
1920 518 2135 601 potius
2154 538 2232 583 ea·
2252 517 2504 583 virtutis
2534 516 2919 595 detrimento,
2940 537 3052 581 nec
3072 538 3153 581 ex
3178 517 3427 584 &nutis
3444 518 3557 602 lor·

647 610 998 698 tificatione,
1023 607 1131 672 sed
1155 606 1367 691 potius
1389 626 1468 671 ex
1494 606 1921 682 dissolutimte,
1954 607 2042 671 sic
2069 605 2133 671 a
2156 607 2218 670 in
2246 606 2740 689 concupiscentia
2788 606 3195 689 intelliqendu
3204 626 3267 670 m
3290 618 3393 685 est,
3416 608 3558 695 quod

645 698 958 783 appetitus
1003 696 1072 761 in
1119 714 1336 761 amore
1379 696 1474 763 rei
1497 706 1737 781 tempor
1758 696 1879 761 alis
1900 696 2261 775 exardescit,
2294 715 2405 759 nec
2424 702 2617 778 potest
2640 696 2916 777 seipsum
2940 695 3272 773 continere,
3298 696 3481 761 immo
3502 698 3557 761 in

647 787 942 851 continuo
989 795 1166 850 motu
1209 782 1272 849 ἃ·
1316 784 1840 869 concupiscentiae
1868 784 2189 849 iteratimte
2216 784 2512 848 consistit.
2558 784 2691 849 Hoc
2715 784 2978 870 inquam
3002 785 3467 868 intelliqevtdum
3486 798 3557 851 est

645 876 977 959 provenire
1005 894 1082 938 ex
1103 873 1338 958 defectu
1361 874 1711 953 retinaculi,
1737 873 1898 938 sicut
1922 884 2253 939 moventur
2274 874 2444 956 serae
2470 872 2682 956 ruptis
2704 873 2991 949 vinculis,
3016 870 3082 938 ἃ·
3104 892 3295 937 naves
3316 876 3557 939 abstruc-

648 964 728 1028 tis
755 961 1214 1048 qubemmeulis.
1267 962 1700 1028 concedendae
1741 974 1895 1027 sunt
1940 962 2135 1046 iqitnr
2170 962 2445 1027 rationes
2466 962 2864 1039 ostendentes,
2896 962 3067 1047 qaod
3086 964 3553 1047 concupiscentia

649 1072 784 1117 non
827 1052 908 1117 sit
951 1072 993 1116 a
1037 1052 1190 1129 Dee,
1235 1062 1428 1136 prout
1471 1051 1850 1116 concludant
1873 1050 1949 1116 cle
1976 1051 2471 1135 concupiscentia
2494 1050 2843 1114 secandum
2870 1051 2938 1114 id
2960 1052 3135 1135 quod
3154 1064 3260 1116 est.
3311 1051 3441 1117 Hac
3464 1060 3555 1117 aut

650 1140 848 1205 simili
891 1140 1138 1205 ratione
1189 1160 1366 1205 mens
1396 1138 1844 1224 theologorum
1890 1142 2251 1203 nostrorum
2276 1138 2579 1222 explicari
2614 1142 2842 1221 potest,
2868 1138 2995 1201 imo
3020 1138 3067 1203 ἃ
3097 1140 3312 1205 debet.
3362 1140 3553 1205 Ratio-

649 1251 764 1293 nes
809 1232 958 1293 sunt
1002 1229 1162 1293 istae
1201 1226 1252 1292 I.
1307 1230 1443 1295 Rae.
1483 1228 1634 1314 quia
1673 1227 1914 1310 alioqui
1946 1227 2337 1291 discederent
2361 1230 2399 1290 a
2422 1226 2713 1291 thesibus
2739 1228 2786 1293 St
2810 1227 3275 1309 hypothesibus
3298 1228 3553 1309 Patr-um,

650 1316 1208 1397 scholasticorum,
1255 1316 1811 1400 Philosophorum,
1858 1320 2054 1381 immo
2100 1318 2147 1383 a
2194 1319 2232 1379 a
2268 1315 2543 1399 propriis
2567 1316 2898 1399 principiis
2923 1320 3116 1399 atque
3140 1318 3471 1383 axiomatis
3490 1320 3553 1384 de

649 1410 882 1472 natura
903 1406 1060 1471 mali
1092 1408 1139 1472 ἃ
1170 1406 1431 1489 peccati.
1483 1404 1648 1470 Vide
1673 1410 1971 1469 authores
1993 1426 2187 1489 supra
2209 1405 2315 1468 cit.
2351 1404 2505 1469 thesi
2533 1406 2589 1467 1.
2618 1404 2959 1489 hypothesi.
2992 1406 3053 1470 2.
3094 1410 3140 1467 ἃ
3164 1406 3324 1471 adde
3362 1408 3557 1495 Anqu-

651 1496 802 1561 stini
838 1496 1070 1579 scripta
1092 1506 1306 1559 contra
1325 1495 1737 1572 Manichaeos,
1763 1500 1808 1556 a
1835 1493 2057 1560 Rkada
2080 1496 2188 1559 loc.
2214 1494 2309 1557 cit.
2342 1490 2405 1556 8·
2438 1494 2670 1558 Becani
2710 1492 2911 1558 Theol.
2938 1493 3235 1559 Scholast.
3258 1516 3325 1579 p.
3354 1498 3409 1559 2.
3432 1510 3556 1561 tom.

657 1585 716 1648 1.
757 1596 896 1649 sect.
953 1585 1011 1648 l.
1059 1604 1198 1667 cap.
1245 1584 1306 1647 5.
1354 1603 1460 1669 qu.
1499 1586 1558 1647 1.
1585 1582 1672 1645 Et
1708 1584 2029 1648 Plessenm
2053 1583 2131 1646 de
2168 1582 2341 1645 γεῆι.
2374 1582 2696 1667 reliyionis
2719 1601 2852 1665 cap.
2886 1582 2984 1644 12.
3012 1580 3099 1645 Et
3135 1584 3551 1669 phosphorum

653 1673 943 1740 Eilhardi
991 1672 1222 1737 Lubini
1265 1672 1340 1737 de
1386 1672 1570 1737 Malo.
1619 1669 1941 1754 Imprimis
1980 1672 2027 1735 δι
2066 1672 2423 1745 Pezelium5
2452 1670 2827 1745 Zanchium,
2860 1669 2969 1735 etc.
3008 1668 3289 1754 Denique
3318 1672 3555 1759 Logicos

650 1763 698 1829 St
741 1759 1216 1845 Metaphysicos
1269 1782 1488 1823 omnes
1533 1758 1908 1823 reformatos
1948 1766 1991 1821 δι
2024 1757 2417 1823 Lutheranos
2448 1758 2513 1821 in
2544 1780 2682 1841 cap.
2709 1758 2784 1821 de
2816 1756 2993 1821 Malo
3024 1760 3069 1823 St
3094 1760 3173 1823 de
3196 1761 3549 1843 privatione,

651 1850 738 1917 II.
788 1852 926 1917 flat.
971 1848 1136 1925 Quia
1187 1848 1440 1913 odiosae
1491 1848 2000 1931 consequentiae,
2032 1847 2265 1929 quibus
2304 1869 2496 1929 supra
2520 1846 2677 1911 thesi
2707 1849 2759 1911 l.
2782 1848 2827 1912 a
2852 1868 2997 1909 mox
3024 1846 3195 1912 infra
3218 1862 3339 1914 rat.
3390 1851 3443 1915 7.
3466 1852 3555 1915 cit.

655 1939 1090 2006 Bellarminns
1120 1937 1222 2002 lib.
1249 1938 1325 2001 de
1345 1939 1560 2001 antiss.
1591 1937 1831 2021 qratiae
1860 1934 1971 1999 stc.
1996 1956 2045 1999 c.
2082 1938 2139 2000 1.
2172 1940 2421 1999 nostros
2460 1939 2690 2019 gravat
2720 1935 2965 2017 alioqui
3010 1936 3211 2001 solide
3240 1938 3497 2003 refutari
3516 1940 3553 2003 lt

652 2027 1010 2114 praescindi
1063 2048 1190 2091 non
1225 2029 1512 2110 possunt,
1554 2048 1670 2089 nec
1709 2024 1984 2107 suspicio
2009 2028 2121 2087 aut
2145 2024 2465 2088 calumnia
2488 2024 2565 2087 de
2590 2022 2907 2087 affinitate
2930 2045 3073 2088 cum
3100 2023 3554 2094 Manicheismo.

654 2120 700 2185 δι
746 2119 822 2182 de
859 2114 998 2179 Deo
1031 2118 1253 2181 autore
1285 2114 1526 2197 peccati
1559 2113 1889 2198 perspicue
1918 2113 2245 2176 removeri.
2292 2110 2397 2176 Sic
2422 2112 2593 2175 enim
2628 2112 3056 2175 Bellarminus
3080 2114 3123 2177 l.
3152 2116 3213 2177 5.
3238 2116 3317 2178 de
3341 2122 3496 2201 grat.
3518 2122 3551 2176 ἃ
3623 2136 3625 2139 ’

653 2210 828 2271 statu
851 2205 1096 2289 peccati
1125 2226 1260 2287 cap.
1290 2205 1350 2266 2.
1379 2226 1436 2286 p.
1461 2203 1610 2267 448.
1637 2202 1808 2265 iedit.
1837 2202 1903 2265 in
1938 2201 1999 2264 8.
2040 2202 2115 2266 Ae
2138 2221 2353 2265 revera
2380 2202 2628 2287 utrique
2652 2202 2938 2265 videntur
2972 2202 3327 2269 Manichaei
3352 2204 3414 2270 ἃ·
3438 2206 3561 2289 my-

653 2297 845 2371 ricas,
876 2292 939 2359 a
959 2292 1310 2358 adversarii
1329 2294 1466 2376 ejtm
1497 2291 1861 2369 Lntherani,
1886 2290 1995 2359 secl
2018 2291 2149 2373 ipse
2178 2292 2399 2375 Μαιρὰ.
2434 2291 2539 2355 Illi
2562 2290 2816 2375 quidem.
2840 2287 2996 2353 (lum
3030 2294 3261 2355 realem
3290 2292 3356 2358 ἃ·
3371 2294 3561 2378 positi·

653 2405 800 2450 vam
830 2383 1192 2469 qualitatem
1221 2392 1537 2470 peccatum
1569 2380 1832 2466 oriqinis
1878 2400 2005 2445 csse
2026 2380 2359 2468 definiunt,
2386 2390 2695 2463 coquntur
2723 2380 2987 2444 omnino
3016 2380 3233 2460 dicere,
3260 2386 3356 2449 vel
3378 2384 3561 2450 Deum

651 2493 786 2538 non
807 2492 935 2537 esse
963 2491 1224 2537 causam
1244 2470 1417 2536 illius
1442 2471 1760 2557 qua-litatis
1789 2471 2013 2546 malae,
2038 2489 2113 2532 ac
2132 2488 2246 2552 per
2273 2468 2385 2533 hoc
2421 2469 2597 2554 [pag.
2633 2467 2836 2552 1088]
2862 2489 2993 2533 non
3015 2489 3145 2534 esse
3166 2493 3423 2537 causam
3444 2494 3563 2536 om-

655 2564 842 2627 nium
871 2581 1110 2639 remm,
1135 2580 1296 2644 quae
1317 2579 1532 2624 revera
1552 2560 1846 2636 existunt,
1865 2559 1977 2643 qni
1997 2568 2085 2622 est
2102 2576 2279 2621 nnus
2300 2579 2375 2620 er
2396 2557 2717 2622 erroribus
2742 2558 3261 2626 Manichaeorum
3278 2585 3299 2626 .·
3325 2563 3415 2626 vel
3434 2575 3565 2626 certe

655 2670 914 2716 causam
934 2669 1062 2714 esse
1107 2650 1350 2732 peccati,
1393 2648 1507 2733 qui
1535 2658 1622 2712 cst
1652 2667 1832 2710 error
1862 2645 2137 2730 qravior,
2175 2666 2371 2731 qnam
2393 2647 2585 2729 faerit
2610 2645 3145 2711 Manichaeorum.
3196 2647 3411 2714 Velim
3440 2651 3564 2733 quis

655 2742 862 2803 tentet
890 2737 1082 2820 hujus
1128 2735 1616 2820 consequentiae
1661 2734 2063 2798 solutionem.
2112 2732 2231 2798 III.
2280 2733 2422 2800 Rae.
2455 2732 2595 2799 Nec
2618 2734 2812 2798 etiam
2836 2738 3290 2818 consequentia
3318 2737 3560 2822 Illyrici,

657 2849 786 2910 qua
814 2825 1196 2890 orthodoxos
1219 2829 1427 2910 urget,
1469 2827 1760 2888 accurate
1784 2825 1830 2889 δι
1854 2822 2145 2906 expedite
2178 2821 2445 2886 refutari
2472 2826 2705 2905 posset.
2754 2821 2873 2886 Est
2902 2828 3114 2888 autem
3138 2825 3301 2890 ista:
3326 2827 3446 2902 Qui
3468 2848 3565 2912 po-

655 2919 818 2980 nunt
839 2914 908 2978 in
953 2912 1212 2978 homine
1237 2912 1664 2976 substantiam
1689 2913 1946 2989 bonam,
1978 2911 2025 2975 85
2048 2911 2427 2994 qualitatem
2452 2910 2708 2989 malam,
2733 2910 2833 2972 illi
2856 2917 3005 2975 sunt
3027 2911 3425 2979 Manichaei:
3456 2913 3563 2978 Sed

657 3003 777 3066 hoc
799 3002 1046 3066 faciunt
1096 3001 1456 3076 orthodoxi3
1511 2999 1706 3084 Ergo,
1732 2998 2014 3076 Accedit,
2042 2999 2211 3082 quod
2240 2999 2509 3062 nimium
2540 2998 2985 3062 concederetur
3013 2998 3297 3083 Illyrico,
3320 3004 3505 3068 immo
3526 3004 3565 3068 ἃ

658 3089 1033 3169 ManicheiS,
1081 3089 1138 3153 si
1190 3093 1520 3173 peccatum
1565 3089 1824 3172 aliquod
1871 3091 2260 3151 statueretur
2310 3087 2501 3150 realis
2549 3087 2595 3152 St
2627 3085 2901 3170 positiva
2932 3088 3234 3170 qualitas.
3284 3093 3445 3169 Quia
3468 3091 3567 3154 illa
3623 3087 3625 3090 ’

657 3179 1011 3242 necessario
1041 3177 1302 3243 deberet
1347 3199 1483 3240 esse
1531 3180 1569 3241 a
1598 3176 1768 3241 Deo:
1803 3175 1978 3240 Deus
2026 3176 2195 3240 enim
2242 3174 2446 3239 omnis
2480 3175 2769 3238 entitatis
2800 3197 2991 3239 causa
3014 3177 3244 3259 prima.
3280 3177 3395 3244 lv.
3444 3181 3564 3246 flas.

657 3267 810 3350 quia
835 3267 1118 3350 alioquin
1149 3287 1275 3330 non
1321 3269 1534 3350 posset
1577 3265 1837 3329 retineri
1884 3271 1928 3326 δι
1976 3263 2228 3328 defendi
2275 3264 2539 3346 vulgata
2562 3262 2847 3328 definitio
2880 3265 3123 3348 peccati
3146 3268 3479 3353 originalis
3500 3289 3565 3330 ex

661 3357 986 3434 AnselmO,
1031 3355 1200 3439 quod
1246 3354 1331 3418 sit
1368 3354 1648 3418 carentia
1665 3352 1955 3437 justitiae
1987 3353 2319 3436 originalis
2343 3352 2582 3416 dibitae
2608 3351 2831 3416 inesse.
2882 3352 3087 3427 Quam
3111 3360 3334 3421 tamen
3358 3357 3569 3422 retinet

659 3445 705 3510 ἃ
752 3444 1036 3509 defendit
1083 3443 1371 3529 apoloqia
1396 3442 1806 3528 Anqnstanae
1840 3441 2259 3525 Confessionis
2290 3439 2402 3506 tre.
2433 3441 2810 3526 colloquium
2854 3443 3327 3525 Wormatiense,
3356 3448 3570 3512 Metan-

659 3534 828 3613 thon,
883 3535 930 3599 δι
977 3554 1122 3598 cum
1153 3531 1402 3598 Pezelio
1449 3531 1552 3597 lib.
1601 3531 1698 3595 cit.
1735 3551 1803 3615 p.
1837 3530 1988 3594 438.
2032 3531 2185 3594 439.
2217 3531 2367 3594 440.
2409 3532 2455 3595 &
2502 3531 2769 3614 Martyr.
2812 3532 2995 3596 locor.
3032 3534 3106 3595 cl.
3133 3534 3195 3599 2.
3220 3555 3272 3598 c.
3304 3536 3362 3598 1.
3394 3535 3447 3618 g.
3482 3533 3572 3596 19.

660 3621 748 3688 V.
778 3621 924 3688 Rae.
966 3619 1104 3685 Nec
1143 3624 1358 3704 posset
1389 3619 1640 3684 defendi
1665 3619 1950 3683 definitio
1972 3618 2215 3702 peccati
2245 3619 2299 3681 1.
2326 3617 2469 3684 Joh.
2495 3620 2555 3682 3.
2582 3618 2751 3701 quod
2774 3619 2861 3683 sit
2890 3616 3117 3694 ἀνομία.
3178 3621 3392 3707 Alpha
3420 3621 3573 3686 enim

658 3707 998 3784 στερητικέν
1020 3731 1098 3772 ex
1121 3731 1240 3772 usu
1273 3708 1533 3793 linguae
1558 3728 1841 3791 graecae,
1870 3707 2207 3772 manifeste
2236 3707 2476 3772 indicat
2496 3706 2941 3791 privationem.
2988 3707 3075 3772 Et
3120 3713 3329 3777 nostri
3374 3711 3572 3778 defen-

659 3799 816 3862 dunt
845 3799 1028 3862 illam
1073 3796 1526 3874 definitionem,
1585 3800 1893 3879 tanquam
1940 3817 2154 3859 veram
2209 3797 2255 3862 a
2312 3795 2667 3880 legitimam
2716 3797 3027 3860 essentiae
3076 3801 3569 3883 explicationem.

659 3886 834 3970 Ergo
878 3907 1004 3949 nou
1051 3889 1149 3949 est
1194 3885 1270 3948 de
1317 3884 1592 3948 essentia
1617 3885 1751 3967 ejus
1778 3884 1969 3948 realis
1996 3886 2041 3949 81,
2066 3883 2337 3967 positiva
2361 3883 2660 3965 qualitas.
2709 3882 2827 3948 VI.
2876 3885 3014 3950 nat.
3042 3885 3209 3961 Quia
3234 3889 3571 3955 committe-

661 3979 879 4038 rentur
931 3973 1212 4054 alioquin
1259 3971 1416 4036 haec
1469 3973 1889 4036 absurdorum
1920 3971 2407 4037 absurdissima:
2453 3973 2681 4055 primO,
2733 3976 2805 4035 ut
2848 3973 3157 4058 quidquid
3179 3976 3353 4042 inest
3372 3975 3569 4064 generi

659 4084 803 4125 cum
833 4062 1142 4144 proxim0‚
1167 4065 1304 4124 tum
1337 4061 1714 4144 propinquo,
1739 4082 1867 4124 non
1890 4065 2106 4125 tamen
2128 4059 2365 4123 inesset
2388 4060 2641 4144 speciei,
2666 4062 2713 4126 St
2746 4060 3053 4144 quidquid
3078 4069 3179 4128 est
3202 4066 3280 4130 de
3312 4064 3569 4131 essentia

661 4148 1866 4318 {5¹1¹“rsssszessss‘t'ssffsssretessinimii-¹323
1870 4146 2160 4300 ‘³3ss5ss
2164 4147 3573 4321 ἷἙῗζιῗὶῗὲῧῗΐέξὲἓζῗὲῖῖἱῗξιῖἶῗωωῗξ

661 4347 736 4388 ac
764 4323 940 4401 mali,
966 4345 1160 4404 quam
1183 4345 1479 4388 vocamus
1505 4327 1832 4406 peccatum
1856 4323 2169 4406 originale
2205 4345 2333 4387 non
2359 4329 2526 4389 esset
2550 4325 2977 4389 essentialiter
3004 4263 3572 4414 privativum&

664 4413 774 4478 sed
829 4411 1196 4494 positivum.
1245 4412 1327 4475 Et
1358 4413 1438 4476 ad
1459 4411 1916 4493 quaestionem,
1949 4412 2102 4495 quid
2133 4415 2230 4476 est
2256 4417 2582 4494 peccatum
2607 4413 2919 4496 originale
2950 4419 3451 4500 respond-endum
3478 4439 3569 4482 es-

3464 4509 3576 4578 set,
