3694 4871
406 1 3662 86 ————-—ff

319 332 487 398 D1sr.
536 331 657 397 IV.
708 333 805 397 Dr:
850 331 1262 397 Ner-sssrrxrr.
1313 356 1381 398 ετ
1433 332 1759 398 Urusi-xrs
1808 333 2121 398 Donums
2170 357 2242 397 nr.
2290 331 2400 397 SS.
2449 331 2804 398 Tamiram.
2960 333 3040 396 75

144 517 289 595 iusta
342 518 693 601 suspicione
744 518 809 582 in
872 517 1260 582 contrarium
1308 516 1656 598 laborante,
1705 519 1979 583 multum
2013 521 2050 583 a
2081 517 2452 582 fortioribus
2477 519 2523 584 δι
2554 541 2736 602 posse
2761 521 2808 585 a
2839 520 3040 583 solere

140 605 437 670 conniveri
485 608 565 670 ad
611 606 1165 684 hallucinationeS,
1202 605 1619 690 ignorantiaS,
1662 607 2113 684 dubitationes,
2147 607 2546 672 confusiones
2571 608 2736 671 circa
2766 607 3042 672 alterum

141 694 419 758 antitheti
468 695 859 760 membrum:
925 707 1061 760 lum
1115 693 1265 777 quia
1318 693 1600 759 deiectus
1655 718 1801 760 suos
1846 696 2181 779 deplorans
2213 695 2480 759 docilem
2503 717 2570 759 se
2596 695 2877 778 praebet,
2906 709 3040 761 lum

140 781 273 864 quia
327 806 473 847 vera
527 783 650 848 fide
692 783 889 848 habet
912 787 956 850 δι
982 787 1158 848 tenet
1188 803 1461 867 granum
1484 782 1645 848 illud
1676 784 1904 868 sinapi,
1939 785 2058 849 hoc
2089 788 2186 849 est
2208 784 2542 848 minimum
2572 784 2732 848 illud
2755 785 3042 850 veritatis

140 871 418 935 salutaris
468 872 749 956 praecise
804 873 881 936 ad
938 870 1446 937 communionem
1471 872 1962 937 ecclesiasticam
1986 875 2032 938 δι
2057 874 2306 938 animae
2337 873 2611 937 salutem
2632 873 3042 938 necessariae.

140 957 299 1032 Quod
352 961 643 1024 consistit
690 961 757 1024 in
811 960 913 1024 his
967 960 1257 1025 thesibus
1282 959 1683 1042 capitalibus·
1736 962 1794 1025 1.
1826 962 1988 1026 Esse
2013 966 2145 1026 tres
2169 983 2390 1026 revera
2414 961 2762 1038 distinctos,
2797 965 3044 1045 partem

140 1070 213 1110 se.
264 1049 485 1128 filium,
534 1050 581 1114 a
628 1048 792 1133 Spir.
852 1073 899 1112 s.
952 1071 1079 1114 non
1114 1047 1445 1112 distinctos
1478 1053 1549 1112 ut
1578 1051 1856 1126 nomina,
1892 1055 2004 1115 aut
2029 1049 2362 1128 attributa,
2387 1053 2501 1113 aut
2527 1054 2599 1113 ut
2621 1050 3041 1132 operationes,

138 1136 349 1212 officia,
398 1161 511 1202 seu
556 1159 821 1202 munera
856 1137 1040 1202 unius
1065 1137 1470 1221 ejusdemque
1492 1161 1833 1222 personae3
1861 1141 1970 1203 sed
2002 1139 2092 1203 sic
2116 1138 2446 1202 distinctos
2480 1142 2551 1202 ut
2575 1137 2704 1203 sint
2729 1139 2774 1203 81
2799 1139 3046 1222 possint

140 1224 248 1288 dici
271 1225 434 1290 alius
467 1229 513 1292 ἃ,
546 1226 741 1290 alius:
770 1225 887 1290 hoc
912 1231 1029 1290 est.
1063 1248 1197 1290 esse
1224 1223 1555 1291 distinctas
1578 1228 1972 1311 hypostases,
2009 1228 2070 1292 2.
2094 1226 2182 1291 Et
2203 1231 2332 1290 tres
2357 1225 2501 1291 illos
2529 1250 2602 1291 ac
2627 1249 3043 1310 unumquem-

140 1335 247 1394 que
293 1337 510 1379 eorum
572 1337 709 1379 esse
765 1337 961 1378 unum
1013 1314 1197 1378 illum
1237 1335 1459 1376 verum
1481 1314 1691 1380 Deum
1714 1320 2082 1388 creatorem,
2107 1319 2629 1392 conservatorem,
2666 1315 2844 1400 [pag.
2881 1315 3043 1402 468]

140 1402 617 1486 redemptorem3
675 1425 865 1486 quem
912 1427 1035 1468 una
1089 1401 1399 1486 religione
1445 1404 1727 1469 colimne.
1756 1405 1816 1468 3.
1844 1405 2005 1470 Esse
2035 1403 2320 1469 ordinem
2351 1408 2422 1468 ut
2451 1403 2922 1470 subsistentiae.
2956 1405 3047 1470 ita

140 1491 179 1554 s
222 1493 603 1574 operationis
660 1492 929 1556 istarum
975 1492 1424 1577 hypostaseon.
1472 1491 1731 1558 Patrem
1778 1494 1914 1559 scil.
1948 1515 2086 1558 esse
2119 1496 2156 1557 a
2179 1492 2431 1558 nemine
2455 1492 2662 1556 filium
2685 1515 2820 1558 esse
2845 1495 2883 1557 a
2913 1493 3047 1558 solo

142 1582 305 1660 patre
367 1603 479 1664 per
524 1581 1031 1666 generationen13
1097 1578 1263 1662 Spir.
1290 1601 1340 1642 s.
1366 1602 1480 1662 per
1509 1583 1974 1666 processionem
1998 1586 2036 1646 ὲ.
2066 1586 2246 1665 patre
2278 1582 2324 1646 δι
2355 1581 2507 1645 filio.
2557 1580 2720 1646 Vide
2743 1579 3048 1664 Symbola

142 1665 567 1745 conciliorum,
628 1673 675 1735 δι,
722 1668 1141 1733 Harmoniam
1167 1667 1665 1736 Confessionem.
1714 1671 1867 1736 Alia
1892 1674 2106 1735 autem
2131 1670 2296 1736 ratio
2321 1674 2418 1734 est
2441 1669 2802 1734 adultorum
2825 1670 2871 1732 &2
2907 1693 3046 1754 per-

144 1754 435 1822 fectorum
488 1762 584 1837 (ut
608 1761 913 1821 vocantur
936 1759 1121 1822 Hebr.
1156 1757 1217 1821 5.
1252 1756 1417 1821 Phil.
1447 1759 1536 1840 3.)
1566 1759 1946 1824 nominatim
1969 1759 2334 1837 Doctorum,
2360 1758 2672 1841 imprimis
2697 1758 2752 1822 si
2784 1758 3048 1824 ecclesia

146 1841 497 1911 haeresibus
552 1845 822 1921 θύραθεν
868 1843 1305 1922 circumfundi,
1359 1850 1470 1910 aut
1504 1848 1676 1912 intus
1701 1847 1950 1913 turbari
1979 1847 2262 1931 incipiat,
2297 1850 2410 1911 aut
2433 1846 2531 1911 illi
2562 1848 2876 1912 mordicus
2901 1850 2948 1914 δι
2972 1869 3048 1911 ex

148 1933 413 2014 professo
458 1935 571 1999 illa
617 1933 913 2010 δευτέρας,
940 1935 1329 2005 ὑποθετικῶς,
1381 1936 1427 2000 8⁶
1475 1935 1769 2011 ἑπομένως
1816 1937 2173 2001 necessaria
2219 1938 2589 2019 oppugnent
2625 1957 2698 1999 ac
2721 1936 3046 2018 oppositos

148 2028 464 2107 oenceptus
516 2024 565 2089 ἃ
618 2023 945 2107 opiniones
1000 2047 1145 2090 suas
1186 2021 1409 2104 cupide
1443 2021 1707 2100 εόκαίρῳς
1727 2023 1975 2099 ἀκαίρως
1997 2027 2322 2108 spargant.
2365 2022 2667 2098 Quamvis
2691 2024 2861 2088 enim
2883 2025 3045 2088 idem

149 2108 613 2177 fundamentum
658 2112 805 2176 fidei
866 2113 1146 2178 habeant
1192 2132 1338 2175 cum
1382 2111 1896 2195 simplicioribus,
1939 2135 2066 2176 non
2105 2117 2322 2184 tamen
2345 2111 2411 2175 in
2443 2111 2522 2176 iis
2547 2112 2970 2196 ignorantiae.
3005 2113 3050 2177 8z

151 2197 557 2266 dubitationes
582 2201 731 2268 illae
755 2201 847 2266 ita
871 2200 1417 2276 transmittendae,
1453 2204 1524 2264 ut
1540 2200 1732 2284 justis
1756 2201 2334 2284 praesumtionibus
2351 2200 2430 2266 ad
2447 2200 2802 2266 uberiorem
2817 2201 3052 2276 πρώτου

151 2283 623 2354 fundamentalis
662 2290 1173 2366 declarationem,
1200 2289 1246 2353 δῦ
1282 2288 1544 2364 δευτέρω
1566 2289 1939 2354 discentiam
1972 2289 2146 2374 adigi
2177 2294 2514 2372 nequeant,
2547 2311 2626 2353 ne
2649 2288 2910 2353 tandem
2937 2309 3044 2351 ex-

152 2396 317 2442 cusso
338 2381 547 2455 πρὼτῳ
568 2378 1052 2457 fundamenta-li,
1078 2379 1124 2445 δι
1157 2379 1335 2444 larva
1372 2378 1777 2463 hypocriseos
1800 2379 2047 2463 abjecta
2070 2379 2340 2480 maligni
2365 2379 2411 2445 δι
2435 2382 2765 2462 peccantes
2789 2375 2887 2442 illi
2917 2376 3048 2441 hu-

33 2536 34 2541 ,
156 2486 339 2531 mores
384 2467 447 2531 in
495 2488 759 2552 gravem
806 2490 879 2532 ac
932 2468 1355 2552 periculosum
1407 2468 1605 2532 totius
1654 2468 2062 2532 ecclesiastici
2093 2490 2371 2551 corporis
2395 2468 2688 2531 morbum
2711 2465 3050 2549 aliquando

33 2552 34 2635 }
155 2560 483 2639 erumpant.
533 2556 701 2631 Quin
733 2557 779 2621 δι
810 2556 1158 2621 Doctorum
1184 2557 1474 2633 aliorum,
1500 2578 1613 2640 per
1634 2556 1975 2621 recidivam
1999 2557 2166 2621 hanc
2184 2556 2591 2641 ignorantiae
2615 2558 2660 2622 &
2693 2553 3049 2619 dubitatio-

33 2638 36 2705 ἶ
156 2640 261 2719 nis,
304 2645 601 2726 quamdiu
642 2668 717 2709 ea
748 2646 1019 2721 laborat,
1053 2646 1427 2729 simpliciter
1451 2646 1530 2709 ad
1554 2645 2090 2728 dispensationem
2114 2645 2562 2729 mysteriorum
2592 2644 2740 2708 fidei
2763 2644 3050 2726 ineptum

31 2773 33 2788 1
158 2736 449 2811 putamus.
476 2732 802 2809 Quomodo
828 2734 999 2798 enim
1030 2758 1171 2799 eam
1202 2735 1421 2799 dextre
1446 2736 1491 2799 &
1515 2734 1700 2819 plene
1733 2734 2121 2817 explicabit?
2156 2733 2466 2817 quomodo
2500 2755 2641 2797 eam
2666 2731 2864 2797 solide
2893 2754 3050 2795 con-

156 2822 245 2883 tra
296 2821 679 2886 adversarios
702 2822 987 2887 tuebitur
1002 2827 1032 2887 ⁶?
1073 2822 1469 2906 Neutiquam
1493 2827 1707 2887 autem
1730 2822 1833 2886 hic
1858 2822 2278 2906 intelligimus
2303 2844 2415 2905 per
2439 2822 2670 2905 dogma
2693 2819 3052 2897 Trinitatis,

154 2912 255 2971 aut
276 2910 351 2973 ad
378 2910 534 2974 illud
566 2910 791 2975 referri
816 2911 1097 2995 patimur
1126 2911 1323 2976 falsas
1356 2912 1751 2994 quorundam
1779 2911 2196 2994 hypotheses3
2232 2912 2499 2975 audaces
2531 2910 2576 2973 δι
2605 2910 2881 2973 incertas
2905 2930 3076 2973 con-·

150 2993 403 3076 jecturas
446 2999 661 3082 potius
708 3022 901 3083 quam
948 3001 1361 3075 assertiones;
1397 3002 1795 3081 argumenta,
1828 3000 1882 3063 si
1917 3022 2078 3082 quae
2103 3003 2253 3063 sunt
2274 2998 2616 3080 nugatoria
2641 3000 2685 3064 85
2709 2998 3056 3062 straminea

156 3085 365 3166 quibus
386 3110 585 3153 causa
608 3088 817 3171 potius
841 3089 1007 3153 tradi
1036 3089 1300 3163 videtur,
1328 3111 1521 3172 quam
1544 3087 1831 3164 defendi3
1859 3087 2341 3171 inexplicabiles
2365 3088 2410 3151 8⁶
2442 3110 2639 3151 vanas
2665 3086 3056 3150 subtilitates

156 3173 365 3253 quibus
408 3176 653 3259 seipsos
697 3177 1029 3261 implicant
1080 3177 1289 3260 magis
1336 3199 1529 3260 quam
1584 3176 1930 3259 explicant;
1987 3176 2162 3251 Quae
2186 3176 2400 3240 omnia
2422 3184 2730 3259 tanquam
2752 3197 2986 3239 naevos
3011 3176 3056 3239 ἃ

33 3266 34 3337 ζ
160 3265 409 3329 strumas
456 3268 495 3328 a
550 3269 893 3348 systemate
940 3265 986 3329 ἃ
1032 3288 1290 3350 corpore
1315 3266 1505 3349 hujus
1536 3265 1858 3329 doctrinae
1891 3264 2360 3349 distinguimus,
2417 3264 2708 3339 Quantus
2733 3267 2950 3327 autem
2973 3262 3057 3326 sit

31 3387 33 3395 ,
158 3370 313 3415 error
356 3375 573 3417 eorum
619 3353 726 3436 qui
780 3354 939 3418 talia
971 3360 1220 3439 urgent,
1249 3358 1360 3418 aut
1392 3354 1535 3418 aliis
1560 3358 1866 3436 tanquam
1898 3353 2102 3437 primo
2127 3358 2238 3417 aut
2264 3354 2534 3417 secundo
2564 3352 2920 3417 neccssaria
2944 3352 3056 3415 ob-

33 3464 34 3470 *
160 3440 415 3518 trudunt,
470 3442 577 3505 hic
630 3464 757 3506 non
814 3446 909 3506 est
944 3443 1187 3508 dicendi
1214 3443 1408 3507 locus.
1458 3440 1710 3506 Sufficit
1736 3442 1839 3505 hic
1863 3442 2326 3527 preecognosci,
2353 3465 2479 3505 non
2505 3464 2640 3505 esse
2665 3440 2779 3504 illa
2809 3444 3058 3523 partem

31 3550 34 3594 ῑ
162 3532 255 3591 aut
274 3530 680 3613 appendicem
712 3530 901 3613 hujus
926 3531 1341 3607 fundamenti,
1368 3532 1596 3595 nedum
1616 3530 2006 3614 ipsissimum
2022 3530 2494 3595 fundamentale
2513 3530 2701 3613 hujus
2718 3528 3056 3613 dogmatis.

164 3610 232 3677 II.
272 3618 571 3697 Secundo,
604 3620 1029 3684 necessarium
1053 3620 1158 3684 hic
1183 3620 1336 3684 dicit
1369 3620 1811 3684 necessitatem
1834 3620 2002 3683 finis·
2049 3619 2271 3683 Potest
2303 3622 2517 3683 autem
2542 3640 2616 3681 ea
2639 3617 2917 3701 intelligi
2941 3617 3057 3680 du-

166 3703 387 3784 pliciter
414 3708 473 3771 l.
500 3708 603 3771 vel
629 3708 972 3773 necessitas
996 3707 1405 3792 professionis
1430 3709 1799 3792 dogmatum
1824 3709 1905 3772 ad
1929 3712 2254 3772 externam
2287 3707 2584 3771 unionem
2599 3708 2646 3772 δι
2669 3705 3056 3769 communio-

35 3820 36 3835 *
164 3812 287 3857 nem
306 3796 817 3869 ecclesiasticam,
842 3796 909 3861 in
934 3800 1213 3875 externa,
1248 3796 1505 3871 visibili,
1540 3799 1585 3863 δι
1626 3796 1996 3880 particulari
2023 3796 2303 3860 ecclesia.
2333 3798 2394 3860 2.
2422 3796 2521 3859 vel
2546 3794 2886 3858 necessitas
2912 3793 3058 3857 fidei

164 3878 405 3948 istorum
426 3885 801 3969 dogmatum
828 3886 907 3949 ad
932 3886 1437 3950 communionem
1458 3885 1775 3949 internam
1800 3886 1845 3949 &
1871 3883 2257 3949 invisibilem
2281 3906 2426 3949 cum
2443 3882 2717 3958 Christo,
2737 3885 2782 3949 δι
2801 3886 3060 3947 aeterna

166 3970 345 4035 salute
392 3996 509 4057 per
538 3972 777 4057 ipsum3
811 3996 924 4038 seu
954 3996 1097 4039 cum
1122 3974 1240 4039 Dei
1267 3974 1479 4059 gratia
1505 3976 1550 4039 &
1582 3973 1807 4059 gloria.
1841 3972 2332 4037 Distinctionem
2357 3972 2520 4037 hanc
2544 3971 2830 4053 pluribus
2855 3969 3058 4054 expli-

165 4058 401 4139 cuimus,
427 4064 473 4127 δι
498 4062 909 4145 probavimus
931 4062 997 4126 in
1022 4064 1201 4146 Disp.
1228 4064 1303 4129 de
1324 4063 1618 4127 Articulis
1647 4062 1709 4127 ἃ·
1734 4062 2054 4127 erroribus
2079 4060 2677 4145 fundamentalimw.
2705 4058 3062 4143 Opponitur

166 4152 355 4213 autem
388 4150 745 4215 necessario
770 4173 882 4215 seu
914 4150 1376 4216 fundamentali
1401 4151 1685 4235 dogmati
1711 4172 1786 4215 ex
1820 4172 2008 4215 sensu
2033 4149 2536 4215 adversariorum
2560 4148 2844 4213 doctrina
2867 4170 3056 4231 qua-e-

168 4232 303 4299 libet
346 4236 737 4323 Theologica
775 4240 984 4304 minus
1032 4239 1433 4324 principalis:
1475 4239 1603 4304 sive
1630 4262 1704 4304 ea
1736 4239 1820 4303 sit
1844 4239 2297 4323 problematica
2321 4238 2390 4301 in
2415 4237 2650 4302 scholis
2676 4240 2722 4304 a
2747 4236 3058 4301 ecclesiis:

170 4321 232 4385 de
258 4347 375 4409 qua
396 4349 511 4411 per
532 4326 898 4393 libertatem
922 4328 1340 4412 prophetandi
1374 4327 1564 4393 liceat
1586 4328 1654 4393 in
1679 4326 1989 4392 utramvis
2019 4332 2268 4411 partem
2291 4328 2573 4392 modeste
2605 4326 2840 4391 sentire
2865 4326 2910 4389 ἃ
2942 4348 3057 4409 pro

174 4429 229 4473 re
246 4418 388 4479 nata
416 4414 623 4479 dicere
642 4438 657 4494 3
691 4416 824 4481 sive
850 4418 1079 4482 saltem
1102 4416 1189 4481 sit
1209 4417 1379 4497 talis,
1406 4416 1484 4482 de
1506 4438 1635 4501 qna
1657 4416 1778 4482 etsi
1801 4436 1948 4481 cum
1970 4415 2404 4482 aedificatione
2421 4415 2718 4481 ecclesiae
2734 4415 2802 4479 in
2817 4418 3060 4515 utram-

2963 4522 3062 4567 vls
