3694 4871
452 314 674 379 Disr.
720 312 834 379 IX.
883 313 996 378 Da
1044 314 1298 380 STA‘ru
1344 313 1812 380 Ensc'roaum
1866 335 2057 378 ΛΝΤΕ
2105 311 2731 378 Convsasmnsn.
2929 310 3055 376 251

138 497 196 560 5.
244 499 347 563 20.
397 521 538 564 cum
597 501 700 567 11.
743 503 847 566 32.
898 503 1116 568 Lucae.
1168 503 1226 568 7.
1275 525 1332 566 v.
1370 502 1474 566 37.
1525 501 1628 565 47.
1657 503 1702 567 ἃ
1733 523 1781 567 c.
1810 501 1916 563 23.
1945 499 2049 564 32.
2078 499 2213 581 43.)
2262 502 2526 582 excepto
2550 499 2686 563 solo
2709 501 2965 582 peccato
2990 487 3059 562 in

52 643 56 650 .
137 585 440 670 Spiritum
466 586 791 668 Sanctum,
819 595 890 655 ut
913 612 1059 655 mox
1084 590 1384 667 dicemus,
1411 592 1456 658 81
1481 590 1659 654 finali
1675 588 2180 674 impoenitentia.
2209 588 2452 653 Deinde
2473 586 2633 646 κκτὰ
2657 585 2845 658 θέσιν,
2876 585 3057 662 Quod

136 674 304 740 Deus
331 698 484 759 erga
500 679 669 761 ipsos
694 684 982 744 versetur
1008 680 1220 764 gratia
1245 680 1501 764 triplici,
1520 677 2045 763 praeparationiS,
2070 676 2559 760 impetrationiS,
2592 673 3058 758 applicationis.

139 764 251 830 Illa
289 766 577 831 consistit
623 768 689 832 in
729 791 802 834 eo
834 769 1005 852 quod
1051 767 1224 834 Deus
1252 769 1674 853 amplectatur
1721 789 1826 832 eos
1859 788 2073 830 amore
2112 765 2591 830 benevolentiae
2608 763 2921 847 specialis,
2958 786 3059 827 se-

136 853 405 917 cundum
437 855 762 922 decretum
795 857 1122 922 electionis
1148 857 1288 923 Joh.
1319 859 1379 921 3.
1410 857 1511 920 16.
1539 859 1666 922 Ista
1697 857 1763 920 in
1792 878 1886 933 e0‚
1913 855 2079 938 quod
2116 854 2182 917 in
2208 857 2381 918 statu
2406 854 2519 917 illo
2544 851 3061 936 impoenitentiae

137 941 260 1005 sint
289 941 708 1010 nihilominus
742 969 818 1010 ex
839 968 1058 1010 eorum
1086 968 1369 1026 numero,
1403 946 1634 1029 quibus
1659 957 1756 1010 est
1780 945 1966 1008 datus
1990 943 2160 1006 filius
2184 942 2326 1018 Dei,
2354 943 2401 1008 &
2431 941 2541 1026 qui
2568 944 2716 1005 sunt
2742 940 2874 1004 dati
2906 940 3059 1018 filio,

137 1034 204 1094 ut
249 1053 355 1094 eos
404 1033 702 1098 salvaret.
749 1033 891 1100 Joh.
919 1035 980 1098 6.
1009 1035 1112 1098 37.
1144 1037 1247 1098 39.
1276 1037 1321 1101 a
1351 1036 1452 1099 10.
1482 1035 1585 1098 28.
1606 1033 1710 1098 29.
1735 1033 1835 1097 16.
1861 1035 1911 1098 a
1941 1032 2042 1095 17.
2074 1033 2175 1096 11.
2202 1034 2247 1097 &
2273 1030 2439 1114 quod
2456 1031 2586 1094 sint
2616 1029 2926 1113 redempti
2950 1049 3065 1112 per

135 1118 633 1186 satisfactionem
667 1122 940 1199 Christi;
981 1125 1027 1189 81,
1074 1123 1366 1189 Christus
1422 1145 1539 1206 pro
1585 1123 1666 1187 iis
1713 1118 2101 1186 satisfecerit
2138 1119 2323 1202 idque
2364 1118 2601 1184 eumin
2629 1119 2817 1182 finem
2851 1121 2924 1182 ut-
2948 1130 3066 1181 suo·

138 1211 422 1291 tempore
447 1211 720 1274 salntem
754 1212 833 1276 iis
859 1212 1228 1296 applicaret.
1277 1211 1570 1296 Denique
1601 1211 1768 1295 quod
1793 1209 2011 1274 sintin
2039 1213 2209 1274 statu
2248 1206 2724 1292 justificationis
2772 1207 2818 1271 81,
2842 1229 3062 1271 recon-

135 1296 475 1362 ciliationis
524 1301 693 1382 apud
740 1299 970 1380 Deum,
1019 1301 1221 1366 active
1269 1301 1403 1366 scil.
1440 1304 1731 1383 sumptae
1758 1301 1818 1364 2.
1862 1297 2142 1367 Corinth.
2172 1297 2229 1361 5.
2266 1297 2371 1360 20.
2401 1296 2653 1363 Haecin
2682 1317 2775 1373 e0‚
2808 1297 2861 1358 l.
2897 1295 3066 1380 quod

131 1383 301 1449 Deus
333 1407 444 1450 eos
493 1409 948 1471 saepenumero
995 1394 1322 1454 conservet
1365 1393 1402 1454 a
1426 1389 1648 1454 multis
1681 1387 1949 1472 flagitiis
1974 1390 2194 1452 contra
2224 1407 2621 1450 communem
2654 1384 3057 1448 honestatem

139 1475 182 1538 ἃ
204 1471 699 1556 humanitatem,
725 1477 916 1562 idque
934 1500 1048 1561 per
1072 1479 1438 1562 generalem
1463 1479 1738 1564 gratiam
1766 1475 2216 1560 reprimentem
2244 1496 2356 1539 seu
2379 1477 2789 1550 coamentem,
2817 1494 2927 1536 seu
2954 1493 3065 1554 per

142 1562 502 1627 communia
549 1566 859 1647 quaedam
907 1566 1147 1631 auxilia
1187 1567 1467 1646 luminis,
1494 1565 1878 1650 theologiae,
1905 1567 1950 1631 8⁶
1974 1563 2393 1628 conscientiae
2416 1562 2749 1639 naturaliS,
2778 1565 2848 1624 ut
2880 1562 2925 1626 ἃ
2947 1560 3060 1623 ho-

139 1651 406 1714 nestatis
455 1653 773 1735 politicae.
824 1655 884 1718 2.
931 1655 1101 1740 quod
1148 1678 1366 1720 omnes
1407 1657 1453 1722 s
1503 1655 1788 1740 singulos
1815 1654 2031 1740 (siqui
2063 1653 2141 1716 ad
2167 1652 2561 1736 agnitionem
2593 1651 2640 1716 &
2662 1670 3063 1715 communem

137 1738 674 1805 illuminationem
725 1743 1012 1808 veritatis
1061 1746 1100 1807 a
1153 1743 1551 1826 Gentilismo‚
1593 1747 1706 1808 aut
1729 1742 1927 1806 simili
1958 1741 2241 1826 perfecta
2265 1741 2586 1824 apostasia
2614 1739 2891 1804 traducti
2922 1738 3062 1801 fue-

135 1827 286 1909 rint)
337 1834 669 1894 conservet
701 1834 738 1894 a
761 1836 1018 1915 pec-cato
1049 1831 1116 1895 in
1165 1831 1329 1916 Spir.
1378 1829 1444 1897 S.
1476 1833 1645 1917 quod
1690 1831 1905 1916 colligi
1933 1834 2146 1914 potest
2178 1853 2254 1895 ex
2284 1829 2497 1894 Matth.
2529 1831 2629 1891 12.
2659 1829 2761 1893 31.
2791 1829 2894 1890 32.
2922 1847 3065 1890 cum

139 1917 314 1980 Hebr.
368 1918 428 1980 6.
481 1918 542 1981 4.
583 1919 640 1982 1.
665 1920 890 1985 lolam.
925 1921 985 1984 5.
1019 1920 1118 1986 16.
1147 1923 1206 1984 3.
1236 1922 1419 2004 Quod
1442 1944 1547 1986 eos
1571 1925 1901 1985 conservet
1930 1923 1967 1984 a
1990 1919 2166 1984 finali
2187 1917 2691 2002 impoenitentia,
2720 1918 2765 1982 a
2790 1914 3065 1979 infideli-

134 2009 296 2105 tate:
348 2009 542 2090 atque
591 2007 747 2073 adeo
793 2009 1139 2073 terminum
1187 2009 1454 2074 fatalem
1507 2010 1729 2074 mortis
1783 2031 1913 2073 non
1946 2007 2271 2093 attingant
2294 2011 2441 2072 ante
2468 2005 2783 2071 actualem
2806 2025 3065 2068 conver-

137 2115 396 2158 sionem.

218 2179 292 2251 4.
341 2181 428 2246 II.
481 2183 694 2250 Status
739 2186 1067 2252 electorum
1114 2187 1579 2271 foederatorum
1630 2187 1693 2253 ἃ·
1738 2187 1808 2251 in
1854 2187 2132 2269 infamia
2154 2185 2597 2271 reyenitomm,
2622 2183 2730 2247 sed
2754 2183 2824 2246 in
2846 2180 3067 2246 adult-d

141 2283 334 2336 aelate
357 2273 612 2338 demum
636 2275 677 2338 ὰ
705 2276 1092 2352 GentilismO,
1119 2289 1229 2341 aut
1255 2277 1702 2361 Epicuream,
1721 2285 1828 2341 caut
1859 2275 2316 2350 Libertiniwm,
2342 2285 2451 2339 aut
2466 2272 2729 2357 formali
2753 2269 3067 2357 hypocrisi

139 2370 606 2440 conversorum,
659 2363 871 2428 eodem
923 2363 1056 2428 fere
1081 2366 1264 2430 modo
1290 2388 1357 2430 se
1380 2365 1610 2429 habet:
1643 2364 1768 2428 nisi
1794 2364 1960 2447 quod
1979 2364 2164 2448 juxta
2196 2363 2401 2447 primo
2426 2361 2697 2446 primam
2729 2380 3068 2445 regenera-
3107 2425 3113 2432 ,

138 2450 377 2515 tionem
424 2452 472 2515 ἃ
517 2454 1079 2518 sanctificationem
1129 2452 1294 2537 Spir.
1323 2453 1386 2519 S.
1420 2455 1708 2539 ponenda
1725 2453 1811 2517 sit
1835 2452 1903 2516 in
1927 2453 2056 2517 illis
2086 2452 2344 2537 propior
2369 2451 2677 2535 quaedam
2704 2448 2929 2513 salutis
2955 2470 3064 2532 ap·

135 2537 434 2621 plicatio;
494 2541 646 2604 unio
695 2542 828 2606 scil.
879 2564 1024 2607 cum
1057 2541 1330 2622 Christo,
1370 2542 1762 2625 justificatio,
1797 2541 2245 2617 reconciliatiO,
2290 2542 2335 2607 δι
2360 2539 2636 2623 adoptiO,
2662 2560 2788 2603 non
2816 2541 3067 2601 tantum

137 2627 365 2707 activa,
418 2629 528 2693 sed
575 2630 770 2694 etiam
815 2631 1067 2714 passiva
1093 2632 1585 2715 quodammodo:
1646 2630 1938 2715 quamvis
1970 2631 2209 2713 absque
2240 2630 2372 2693 ullo
2404 2650 2591 2693 sensu
2623 2627 2689 2691 in
2715 2625 2891 2710 ipsis.
2941 2625 3068 2689 Ac-

135 2715 318 2793 cedit,
374 2718 546 2800 quod
575 2718 640 2781 in
664 2718 944 2785 educatis
970 2742 1043 2784 ac
1074 2721 1434 2785 viventibus
1457 2721 1526 2785 in
1557 2719 1808 2784 foedere
1837 2720 1885 2784 &
1921 2719 2068 2783 fidei
2091 2718 2483 2802 professione
2515 2720 2767 2800 praeter
2791 2714 3067 2801 gratiam

136 2804 592 2887 reprimentem
626 2807 804 2892 [pag.
833 2808 996 2894 408]
1029 2809 1253 2873 auxilii
1276 2810 1608 2887 naturalis,
1635 2809 1832 2873 etiam
1856 2808 2067 2893 gratia
2091 2807 2315 2871 auxilii
2337 2805 2839 2890 supernaturalis
2866 2803 3068 2889 (verbi

134 2893 264 2956 scil.
317 2900 882 2975 sacramentorum,
934 2898 1395 2963 ecclesiasticae
1444 2897 1835 2982 disciplinae,
1892 2896 2363 2983 miraculorum)
2414 2894 2750 2959 statuenda
2796 2892 2913 2968 sit;
2956 2914 3071 2975 per

135 3003 328 3064 quam
364 2983 448 3047 ab
476 3006 686 3050 errore
712 2986 791 3049 ad
815 2986 1103 3050 veritatis
1129 2986 1606 3069 professionem,
1659 2990 1695 3049 a
1720 2986 1849 3049 vita
1874 2985 2195 3070 flagitiosa
2228 2987 2274 3050 ἃ
2298 2983 2583 3048 moribus
2608 2980 2959 3067 Cyclopicis
2990 2980 3071 3045 ad

133 3068 494 3143 honestam,
533 3073 842 3150 decoram,
870 3076 916 3141 ἃ
939 3078 1197 3139 externe
1219 3074 1655 3144 ,Christianam
1681 3074 2222 3140 conversationem
2258 3076 2647 3138 revocentur.
2696 3070 2811 3135 ΙΙΙ.
2864 3070 3072 3136 Status

133 3158 488 3225 Elec-corum
525 3162 602 3225 ab
650 3162 926 3247 infantili
957 3156 1401 3248 reqenitorum,
1434 3162 1496 3229 a
1518 3165 1666 3230 inde
1689 3164 1758 3228 in
1782 3164 2025 3248 foedere
2054 3164 2459 3228 educatormn
2483 3182 2557 3226 ac
2580 3160 2941 3235 viventium,
2966 3158 3074 3224 scd

133 3248 500 3333 incompleta
547 3262 790 3316 tamum
814 3272 1276 3328 conversorum,
1321 3254 1386 3317 in
1413 3253 1634 3317 multis
1659 3250 2062 3329 praecedenti
2082 3250 2309 3316 similis
2336 3255 2449 3315 est.
2499 3247 2575 3314 In
2607 3270 2681 3313 eo
2706 3252 2919 3313 tamen
2946 3246 3071 3310 dif-

134 3336 278 3401 fert.
337 3339 396 3401 1.
448 3339 615 3421 quod
663 3344 841 3405 actus
873 3342 920 3407 a
951 3344 1162 3405 motus
1187 3342 1332 3405 fidei
1367 3365 1439 3406 ac
1473 3340 1947 3424 resipiscentiae
1972 3340 2263 3424 quamvis
2287 3339 2637 3416 inchoatOS,
2663 3338 2709 3401 St
2734 3336 3070 3401 admodum

133 3425 283 3491 obse
305 3448 460 3491 uros
505 3450 584 3491 ex
605 3428 984 3512 implantato
1008 3430 1506 3514 regenerationis
1551 3430 1790 3493 semine
1822 3429 2087 3493 subinde
2120 3428 2332 3493 eliciat
2357 3429 2415 3489 2.
2451 3426 2619 3510 quod
2658 3426 2724 3488 in
2770 3423 3073 3509 gravissi-

139 3536 242 3578 ma
273 3577 287 3590 ,
305 3520 570 3599 peccata
603 3517 855 3601 quidem
880 3518 1120 3582 incidat
1153 3524 1230 3596 (e.
1263 3540 1358 3603 gr.
1388 3518 1809 3604 AugustinuS,
1843 3516 2109 3599 Paulus)
2136 3517 2304 3581 inter
2328 3516 2455 3580 alia
2480 3515 2547 3577 in
2575 3513 2892 3591 haeresin,
2918 3534 3071 3595 apo-

135 3600 424 3683 stas¹am,
451 3626 634 3670 verae
664 3605 810 3670 fidei
843 3608 888 3673 δι
913 3606 1172 3690 pietatis
1196 3606 1677 3671 insectationem
1704 3611 1896 3689 atque
1920 3606 2461 3691 oppugnationem
2488 3604 2589 3669 διο.
2614 3624 2738 3667 non
2766 3606 2980 3665 tamen
3004 3600 3071 3667 in

136 3696 471 3775 peccatum
495 3694 936 3773 indurationis,
964 3695 1198 3760 mentis
1223 3695 1520 3771 ἁδοκίμου,
1548 3694 1970 3760 cauterizatae
1989 3694 2429 3759 conscientiae.
2449 3694 2510 3755 3.
2531 3690 2708 3766 Quod
2727 3688 3017 3773 quamvis
3036 3693 3075 3754 a

135 3781 446 3864 gravibus
473 3780 603 3847 illis
627 3784 904 3866 peccatis
929 3788 1286 3866 superetur;
1314 3806 1440 3847 non
1466 3784 1756 3848 videatur
1772 3787 1985 3848 tamen
2012 3804 2260 3866 semper
2277 3782 2323 3847 δι
2344 3779 2599 3846 omnino
2618 3778 2919 3843 immunis
2938 3800 3073 3842 esse

138 3871 174 3931 a
197 3869 502 3949 stimulis,
528 3871 1253 3950 recalicitrationibu8,&
1278 3872 1462 3957 quasi
1486 3871 1962 3938 retrahentibus
1994 3870 2363 3936 retinaculis
2388 3867 2807 3935 conscientiae
2824 3867 3073 3951 regeni-

138 3959 259 4023 tae.
280 3956 463 4033 Quae
481 3958 738 4043 quidem
755 3961 1164 4044 pertendente
1181 3962 1248 4024 in
1267 3961 1404 4045 ipso
1427 3960 1665 4044 peccati
1683 3961 1747 4024 vi
1771 3982 1844 4025 ac
1862 3959 2314 4025 consuetudine
2328 3962 2468 4023 tum
2485 3954 2789 4039 temporis
2808 3955 2915 4019 vix
2932 3978 3071 4021 sen-

136 4045 247 4121 tit3
275 4068 393 4110 seu
417 4048 708 4132 percipit,
735 4053 850 4113 aut
873 4049 928 4113 si
951 4047 1210 4114 confuse
1236 4051 1282 4115 δι
1307 4049 1531 4113 leviter
1555 4050 1791 4114 sentiat
1821 4046 1970 4125 πρὸς
1996 4046 2166 4122 ὅρκν,
2197 4070 2321 4112 non
2346 4044 2660 4130 imprimit
2681 4066 2795 4109 nec
2820 4044 3074 4109 eviden-

137 4136 236 4198 ter
263 4136 636 4200 recordatur
684 4138 871 4224 (haut
926 4138 1116 4203 aliter
1163 4161 1236 4202 ac
1283 4138 1425 4221 quis
1473 4139 1795 4202 somnians
1835 4142 2040 4203 totam
2075 4141 2325 4201 noctem
2358 4138 2498 4199 tum
2523 4131 2779 4217 quidem
2803 4133 3077 4217 percipit

136 4222 595 4304 phantasmata
641 4248 774 4303 sua,
826 4228 938 4291 sed
975 4229 1379 4311 experrectus
1401 4227 1685 4291 omnium
1708 4223 2150 4308 obliviscitur).
2200 4222 2325 4289 Sed
2350 4226 2494 4309 post
2510 4222 2890 4307 completam
2917 4244 3075 4287 con-

138 4311 496 4378 versionem
528 4315 1025 4399 quotiescunque
1054 4317 1124 4379 in
1148 4315 1522 4381 memoriam
1547 4336 1708 4380 novo
1740 4314 1981 4379 lumine
2012 4314 2405 4378 illustratam
2423 4334 2497 4377 ea
2523 4316 2799 4391 revocat,
2817 4316 3075 4395 protun-

138 4398 279 4465 dius
321 4400 372 4466 δῦ
395 4402 666 4469 evidenti
678 4426 748 4467 us
782 4405 858 4469 de
882 4403 961 4468 iis
979 4404 1243 4488 judicat.
1292 4403 1626 4489 Proprium
1661 4402 1829 4468 enim
1857 4402 1977 4467 hoc
1998 4424 2145 4468 vere
2169 4400 2473 4477 conversi,
2504 4406 2721 4466 exacte
2746 4400 3075 4484 explorare

2835 4492 3076 4553 statum
