3694 4871
668 361 795 425 194
870 359 1083 425 D1s1’.
1134 357 1284 425 VII.
1330 357 2011 423 Pnosnnxvruu
2056 378 2154 419 ns
2199 353 2559 419 Maturo
2605 353 2992 419 Caius-1⁸1
3037 352 3252 419 PAas
3297 351 3392 418 ΙῙ.

658 545 765 609 hic
810 544 1307 620 concedendum3
1350 526 1431 607 ‘ut
1478 541 1613 607 scil.
1662 546 1842 607 tanto
1877 540 2088 606 minus
2114 540 2366 605 odiosus
2391 540 2476 605 sit
2500 541 2677 626 rigor
2699 543 2954 605 nostrae
2977 539 3358 619 sententiae,
3390 544 3509 604 aut
3530 542 3594 604 nt

662 634 785 697 hac
831 632 1129 697 methodo
1177 630 1429 695 facilius
1470 631 1515 696 ἃ
1548 630 1751 696 tutius
1801 628 2194 695 adversarios
2239 629 2614 695 refutemus.
2661 628 2930 695 Frustra
2975 629 3176 693 talem
3229 629 3299 693 in
3337 628 3590 713 phrasi,

660 719 1150 795 συγκατάβασ-ιν,
1196 723 1309 783 aut
1354 720 1553 784 talem
1599 719 1972 784 methodum
2018 722 2057 782 a
2102 718 2426 782 nonnullis
2471 721 2833 783 nostrorum
2880 717 3258 797 adhibitam,
3310 740 3386 782 ex
3413 718 3592 781 unico

662 810 827 875 libro
856 809 990 873 Joh.
1042 808 1304 875 Windek
1334 811 1435 895 (ut
1458 808 1617 872 alios
1634 806 1809 873 'nunc
1830 806 2254 891 praeteream)
2288 807 2584 892 cognosci
2609 810 2854 891 potest:
2883 805 2992 870 ubi
3019 827 3156 891 cap.
3187 808 3293 870 12.
3329 810 3588 890 stupen-

664 900 811 961 dam
858 896 1326 981 blasphemiam
1372 900 1575 977 vocat,
1625 896 2042 961 assertionem
2073 896 2150 959 de
2181 894 2437 960 Christo
2463 918 2589 960 non
2615 898 2867 960 mortuo
2891 917 3006 978 pro
3039 895 3330 959 omnium
3353 896 3590 969 salute3

664 988 799 1070 ejus
830 1007 968 1049 reos
992 985 1245 1070 peragit
1268 984 1635 1064 Mulierum,
1666 984 2146 1061 Melanthonem‚
2173 985 2511 1065 Bucar-um,
2543 984 2900 1061 Calvinum,
2924 984 3184 1063 Bezam,
3213 986 3588 1062 Masi-ulum,

666 1074 1049 1161 Boquinum,
1087 1074 1317 1140 dolum.
1344 1074 1647 1140 ,iacobum
1676 1075 2066 1160 Grynem-am,
2103 1074 2477 1151 rossanum,
2513 1073 2817 1151 Pareum,
2855 1073 3230 1151 Zanchium,
3259 1072 3586 1139 Kimedon-

664 1163 846 1228 tium.
894 1161 1053 1245 Ejus
1077 1161 1564 1227 fundamentum
1588 1161 1746 1225 facit
1771 1161 1937 1247 (cap.
1969 1161 2100 1245 14.)
2125 1160 2488 1226 absolutam
2511 1160 2632 1225 Dei
2657 1160 3074 1240 voluntatem,
3108 1161 3156 1226 81
3179 1161 3382 1225 fixum
3403 1181 3584 1245 prae-

666 1250 1107 1316 destinationis
1140 1250 1483 1330 decretum,
1525 1249 2114 1333 ordinationemque
2139 1271 2476 1314 causarum
2499 1249 2918 1313 secundarum
2947 1248 3207 1315 fatali&
3231 1248 3580 1314 inevitabili

665 1339 1041 1405 necessitate
1067 1339 1563 1403 cohaerentium.
1612 1337 1731 1402 Cui
1775 1338 2044 1422 opponit
2067 1336 2486 1402 fundamenta
2509 1338 2868 1401 sententiae
2895 1336 3294 1415 pontificiae,
3315 1338 3389 1403 de
3406 1359 3582 1423 prae-

665 1428 1087 1493 destinatione
1134 1450 1212 1491 ex
1256 1426 1685 1511 praevisione;
1732 1426 2026 1511 Oppositi
2071 1430 2184 1491 aut
2228 1448 2358 1491 non
2404 1425 2682 1510 oppositi
2729 1425 2928 1491 obicis
2969 1426 3222 1491 divinae
3249 1426 3580 1497 vocationi;

665 1516 868 1600 deque
914 1517 1241 1580 voluntate
1290 1516 1700 1579 antecedente
1747 1538 1859 1579 seu
1899 1513 2353 1595 conditionata,
2401 1516 2450 1580 ἃ
2479 1518 2922 1597 consequente.
2973 1514 3228 1579 Addere
3253 1516 3582 1589 debuisset,

666 1604 1139 1669 distinctionem
1186 1604 1644 1687 praescientiae
1688 1602 1831 1682 Dei,
1877 1604 1948 1667 in
1978 1602 2339 1666 absolutam
2372 1604 2420 1669 a
2441 1601 2940 1667 conditionatam
2963 1601 3332 1669 futurorum
3355 1603 3580 1669 contin-

666 1693 989 1778 gentium3
1042 1692 1279 1756 adhaec
1326 1692 1795 1757 distinctionem
1838 1691 2087 1777 gratiae
2113 1690 2177 1753 in
2207 1690 2632 1755 sufficientem
2658 1693 2704 1757 ἃ,
2729 1690 3075 1756 efficacem.
3123 1690 3306 1757 Idem
3331 1714 3459 1777 cap.
3489 1691 3578 1755 15.

666 1781 1088 1845 emollitiones
1113 1780 1232 1881 (ita
1264 1780 1515 1865 loquar)
1540 1780 1673 1845 sive
1698 1780 1991 1865 phrasios
2017 1780 2060 1844 a
2091 1779 2264 1843 modi
2289 1779 2608 1863 loquendi,
2634 1779 2770 1843 sive
2794 1780 2997 1863 ipsius
3021 1780 3414 1861 assertionis,
3437 1802 3577 1865 quas

666 1874 705 1933 a
737 1869 969 1934 nostris
994 1868 1316 1933 adhibitas
1341 1868 1515 1949 dicit,
1540 1874 1852 1952 tanquam
1873 1868 2263 1952 imposturas
2289 1867 2334 1933 δι
2359 1868 2638 1947 fraude8‚
2663 1868 2709 1935 δι
2733 1870 3042 1951 tanquam
3065 1870 3578 1934 contradictiones

666 1962 832 2045 (cap.
890 1958 990 2022 17.
1042 1960 1087 2023 a
1134 1958 1269 2037 20.)
1318 1957 1586 2038 furores,
1619 1957 1665 2021 ἃ
1688 1957 1954 2042 spiritus
1977 1956 2314 2041 vertiginis
2335 1980 2350 2033 ;
2376 1978 2492 2020 nec
2514 1978 2642 2021 non
2665 1955 2815 2020 fidei
2839 1956 3205 2041 frequentes
3231 1956 3580 2023 variationis

667 2046 835 2134 (cap.
874 2047 976 2111 18.
1002 2046 1050 2111 Bt
1086 2046 1217 2129 19.)
1250 2046 1660 2110 vehementer
1683 2046 1993 2132 exagitat.

924 2206 1913 2283 PROBLEMATUM
1986 2206 2146 2279 DE
2221 2204 2717 2279 MERITO
2797 2206 3336 2282 CHRISTI

1873 2342 2039 2395 PARS
2072 2342 2327 2395 TERHA.
2350 2344 2386 2406 Ι)

760 2467 827 2536 1.
877 2467 1087 2534 Probl.
1136 2465 1303 2541 Quid
1341 2463 1751 2529 statuendum
1806 2465 1884 2527 de
1931 2464 2057 2528 isto
2103 2464 2337 2528 Achille
2379 2483 2524 2528 vero
2553 2461 2612 2528 ἃ·
2637 2462 2862 2527 invicto
2881 2482 3002 2546 pro
3026 2465 3236 2547 qratid
3257 2461 3580 2530 anites-sati
3661 2475 3667 2522 ς

668 2561 707 2622 a
755 2556 1136 2640 quibusdam
1159 2552 1508 2638 Theologis
1553 2552 1790 2616 alicubi
1814 2551 2095 2632 defensa,
2120 2574 2310 2636 quem
2333 2551 2453 2616 hoc
2475 2552 2667 2616 titulo
2693 2551 3060 2634 proponit&
3083 2553 3336 2636 reponit
3357 2551 3578 2618 Paulus
3660 2581 3667 2636 ε,

668 2645 1017 2710 Testardus
1065 2644 1133 2708 in
1181 2646 1503 2726 postremo
1550 2641 1789 2724 scripto
1821 2641 1926 2705 cui
1972 2640 2078 2707 tit.
2125 2639 2224 2706 De
2284 2645 2517 2704 natura
2568 2641 2616 2706 ἃ
2661 2639 2874 2724 gratia¹
2897 2641 3180 2714 τετάρτω
3201 2640 3489 2722 φροντίδες
3509 2639 3574 2704 A.
3664 2641 3667 2724 ξ

672 2735 861 2797 1649.
888 2733 955 2796 in
981 2735 1041 2798 8.
1068 2755 1128 2815 p.
1176 2732 1313 2794 101.
1346 2731 1490 2793 103.
1518 2729 1699 2815 [pag.
1729 2729 1892 2815 256]
3663 2773 3667 2822 ξ

764 2871 790 2900 ,,
804 2821 1130 2906 Quidquid
1174 2839 1391 2886 omnes
1414 2817 1477 2884 ἃ·
1504 2818 1744 2902 sinquli
1764 2818 2050 2882 homines
2072 2829 2187 2884 aut
2213 2829 2506 2883 tenentur
2533 2817 2795 2895 credere,
2819 2828 2932 2882 aut
2957 2819 3152 2883 teneri
3169 2831 3440 2903 possunt
3461 2837 3548 2885 ere
3664 2859 3667 2896 :

674 2912 851 2989 „dere
873 2909 986 2975 sub
1005 2928 1209 2993 poena
1230 2905 1684 2973 incredulitatis
1713 2907 1786 2971 in
1807 2908 2152 2992 Enanqelio
2175 2907 2588 2982 denuntiatd;
2617 2904 2779 2971 illud
2799 2926 3020 2972 verum
3043 2919 3151 2972 est.

764 2997 987 3084 „Atqui
1018 3017 1234 3063 omn-es
1258 2995 1320 3061 ἃ·
1340 2996 1580 3080 sinquli
1600 2995 1885 3060 homines
1918 3006 2224 3073 tenentur,
2248 3005 2357 3060 aut
2380 2995 2574 3060 teneri
2591 3006 2862 3079 possunt
2885 2994 3273 3080 (Euangelio
3300 2997 3570 3060 videlicet

676 3087 842 3165 „illis
888 3085 1270 3170 praedicatO,
1312 3084 1481 3167 quod
1505 3087 1603 3148 est
1624 3082 1920 3147 omnibus
1944 3085 1992 3150 ἃ
2022 3084 2316 3169 singulis,
2347 3104 2458 3148 seu
2479 3083 2656 3148 omni
2677 3095 2995 3148 creaturae
3015 3083 3341 3148 humanae
3361 3089 3570 3148 natura
3664 3089 3667 3114 ²

674 3198 825 3254 „sua
870 3173 1322 3259 praedicabile)
1360 3172 1603 3237 credere
1624 3171 1741 3237 sub
1769 3172 1980 3256 pocnd
2002 3172 2453 3238 incredulitatis
2499 3171 2890 3249 denuntiata,
2931 3171 3138 3238 Deum
3163 3173 3314 3238 velle
3335 3193 3436 3238 eos
3463 3173 3568 3237 sal·
3660 3189 3667 3256 ᾗ

674 3285 817 3344 „vos
860 3263 1019 3352 fieri,
1058 3260 1120 3328 ἃ
1150 3262 1469 3328 Christum
1490 3281 1608 3344 pro
1634 3261 1713 3324 iis
1734 3279 1863 3326 esse
1884 3271 2236 3338 mortuum,
2265 3271 2338 3325 ut
2361 3259 2607 3325 sublato
2617 3259 2900 3343 Justitiae
2915 3281 3030 3346 per
3057 3263 3194 3345 ejvs
3215 3261 3572 3348 sacrificium
3664 3257 3667 3336 ξ

673 3355 932 3438 „riyora
974 3362 1223 3436 possent
1266 3350 1353 3414 ad
1383 3350 1649 3414 salutem
1668 3369 1786 3433 per
1806 3349 1980 3413 viam
2000 3350 2148 3437 fidei
2177 3347 2240 3415 ἃ·
2262 3348 2720 3434 resipiscentiae
2735 3349 2965 3427 vocari,
3001 3346 3064 3414 ἃ·
3085 3369 3213 3414 sese
3231 3349 3290 3413 ei
3311 3349 3572 3416 commit·
3664 3379 3667 3432 i

673 3453 899 3521 „tentes
920 3461 994 3506 ac
1015 3451 1170 3505 totos
1193 3437 1502 3504 eredentes
1520 3437 1765 3521 possint
1787 3438 2047 3502 servari.
3664 3441 3667 3486 ἐ

763 3529 974 3615 „Ergo
1035 3529 1258 3594 Verum
1300 3537 1388 3592 est
1432 3525 1643 3592 Deum
1686 3527 1832 3592 velle
1876 3545 2092 3591 omnes
2121 3523 2185 3592 ἃ·
2207 3527 2487 3611 sinqulos
2515 3527 2720 3592 salvos
2741 3525 2902 3613 fieri,
2932 3523 2996 3590 ἃ·
3025 3525 3352 3592 Christum
3369 3547 3488 3612 pm
3511 3525 3573 3589 iis
3664 3573 3667 3616 ί

675 3639 837 3697 „esse
856 3624 1207 3695 mortuum,
1231 3627 1304 3682 ut
1332 3611 1447 3680 ἆυ.
3664 3617 3667 3692 ἱ

756 3709 937 3791 Resp.
986 3704 1374 3790 Argumenti
1420 3701 1609 3786 hujus
1657 3702 1888 3768 vitium
1932 3703 1980 3768 δι
2010 3702 2351 3768 infirmitas
2379 3706 2526 3766 ante
2555 3701 2678 3765 hac
2701 3705 2956 3766 ostensa
2982 3705 3098 3782 est,
3132 3705 3172 3766 a
3199 3701 3498 3768 Perkinso
3517 3703 3572 3768 in
3664 3693 3667 3768 ῗ

666 3796 863 3863 libello
908 3795 983 3860 de
1032 3792 1627 3869 praedestinatione,
1680 3792 1955 3856 comare
1987 3792 2060 3855 in
2090 3791 2523 3856 eruditissime
2544 3791 2706 3873 disp.
2734 3791 2811 3855 de
2835 3792 3032 3856 Morte
3057 3790 3291 3856 cmm·
3304 3815 3326 3856 .·
3349 3791 3569 3858 amessa
3660 3771 3667 3872 1

666 3886 737 3948 in
758 3886 1011 3968 refutat.
1038 3881 1495 3967 anti-synodal.
1523 3880 1870 3945 Remonstr.
1898 3879 1985 3944 ad
2005 3880 2182 3944 artic.
2210 3882 2270 3943 2.
2297 3900 2431 3963 cap.
2461 3881 2558 3955 5.;
2581 3877 2670 3943 Et
2691 3878 2778 3942 ad
2793 3881 2989 3966 finem
3005 3879 3314 3945 Medullac
3327 3904 3355 3957 ;
3381 3881 3570 3946 Pisca-

667 3986 795 4037 tore
822 3983 1039 4037 contra
1084 3972 1413 4048 Vct-stium,
1436 3968 1719 4034 Baronio
1742 3968 1814 4032 in
1844 3967 2258 4053 Philosophia
2291 3967 2650 4052 Theoloqiae
2677 3968 3016 4034 ancillantc
3037 3969 3298 4033 Exercit.
3329 3972 3391 4033 3.
3415 3969 3569 4034 artic.
3661 3953 3667 4054 l

666 4063 815 4136 25.;
856 4060 1214 4126 Wendelino
1236 4059 1337 4124 lib.
1376 4062 1427 4122 1.
1452 4076 1586 4140 cap.
1618 4057 1721 4120 17.
1756 4057 1987 4121 Twisso
2011 4057 2081 4121 in
2123 4056 2414 4122 Vindiciis
2439 4056 2542 4121 lib.
2569 4058 2628 4120 2.
2649 4067 2821 4140 part.
2843 4057 2906 4121 4.
2931 4066 3066 4120 sect.
3098 4055 3200 4120 18.
3227 4057 3334 4121 21.
3361 4057 3570 4123 Diestio
3664 4059 3667 4134 ἓ

666 4151 736 4213 in
768 4149 930 4232 disp.
956 4168 1147 4231 super
1168 4147 1541 4232 quaestione,
1564 4145 1665 4210 An
1693 4145 1977 4210 Christus
1995 4165 2113 4232 pro
2128 4145 2423 4210 omnibus
2445 4146 2526 4210 sit
2547 4156 2857 4224 mortuus,
2889 4165 3054 4208 anno
3083 4145 3304 4222 1641.;
3327 4146 3512 4210 etiam
3539 4147 3569 4208 ὲ
3664 4135 3667 4156 ’

663 4259 763 4302 me
806 4238 879 4300 in
922 4237 1146 4319 scripto
1167 4235 1499 4299 vernaculo
1523 4253 1688 4296 anno
1718 4234 1907 4295 1623.
1933 4244 2148 4299 contra
2171 4234 2448 4300 libellum
2481 4234 2680 4299 wem·
2703 4255 2781 4297 ex
2805 4231 3052 4296 Gallica
3074 4231 3142 4296 in
3165 4233 3452 4319 lingum
3471 4255 3568 4298 no-

669 4327 935 4387 stratem
974 4323 1356 4386 traductum.
1404 4319 1827 4405 Spanhemius
1873 4321 2040 4384 idem
2065 4321 2316 4386 abunde
2339 4322 2562 4386 docere
2585 4321 2899 4404 potuisset
2921 4321 3173 4405 gratiae
3209 4321 3568 4388 universalis

3375 4401 3569 4476 defen·

737 4549 777 4612 ¹)
813 4546 970 4611 Κεφ.
1002 4546 1221 4596 Annam
1254 4541 1575 4602 Posrnumo,
1610 4543 2063 4596 Medenbl.-Batav.
2097 4545 2184 4596 Ad
2215 4545 2366 4598 diem
2397 4543 2431 4597 3
2464 4545 2613 4607 Iulii,
2649 4545 2811 4596 Anno
2842 4541 2995 4596 1650.
