3694 4871
634 298 765 363 234
901 297 1117 365 Disr.
1166 296 1350 363 VIII.
1396 297 1509 362 DE
1556 296 1920 361 PnnsonA
1967 297 2304 363 Cnsxsri
2352 294 2882 361 Mamm-ome.
2929 294 3134 361 Pius
3173 294 3288 362 HL

637 505 785 548 nem
811 486 923 546 aut
948 504 1173 565 corpus
1200 482 1441 548 Christi
1456 482 1723 560 adorati,
1752 484 1822 546 ut
1857 480 2270 547 Theodorctus
2287 506 2306 544 .·
2355 480 2467 544 alii
2499 480 2824 545 Christum
2869 479 3196 543 hominem
3215 478 3446 542 adorari
3469 482 3532 541 ut

642 575 1118 637 Cantacuzenus
1141 594 1160 633 .·
1186 570 1319 635 Alii
1350 570 1676 636 Christum
1700 571 1767 634 in
1793 569 2001 633 forma
2032 570 2199 633 servi
2229 570 2508 651 positum
2541 568 2811 638 adorari.
2860 571 2932 632 ut
2973 566 3367 652 Falqcntins:
3391 565 3532 641 Alii,

638 660 963 724 Christum
1016 660 1265 725 adorari
1312 682 1455 724 cum
1504 682 1713 737 carne,
1768 662 1842 721 ut
1883 656 2156 738 Cyrillus
2182 658 2686 723 Alemandrinus:
2712 657 2846 721 Alii
2867 660 3164 720 naturam
3185 658 3452 719 nostram
3471 655 3532 717 in

638 748 891 813 Christo
936 748 1208 826 adorari,
1256 752 1327 812 ut
1378 749 1717 831 Greqorius
1776 748 1860 811 M.
1899 744 1961 811 a
1994 747 2496 831 Theophylactus.
2547 744 2670 809 Sed
2695 745 2970 827 explicat
2997 743 3259 827 phrasin
3287 744 3532 825 Cyrinus

638 836 977 902 Alexandr.
1011 835 1085 899 de
1112 836 1547 901 lucar-natione
1566 858 1714 921 paq.
1744 837 1847 898 33.
1883 835 2032 899 edit.
2058 836 2169 898 lat.
2205 833 2501 899 Vulcanii
2527 834 2592 897 in
2626 832 2685 897 4.
2733 832 2894 897 Has.
2929 835 3097 915 Eryo
3132 844 3197 897 ut
3243 832 3530 895 hominem

637 924 1047 990 adorabimus
1093 927 1522 991 Emanuelem.
1570 924 1717 989 Cra.
1765 922 1961 988 Absit.
2033 924 2455 987 Vanissimum
2499 924 2670 987 enim
2715 923 2829 985 hoc
2872 934 2979 997 est,
3013 920 3076 985 a
3099 920 3349 1004 fraudis
3372 932 3532 1005 atque

638 1013 869 1078 erroris
909 1012 1366 1096 plenissimum.
1420 1015 1584 1079 Nam
1632 1013 1744 1077 hoc
1784 1023 1964 1095 pacto
2021 1012 2183 1076 nihil
2213 1012 2582 1097 differemus
2633 1011 2812 1075 abiis
2835 1011 2949 1095 qui
2964 1020 3320 1075 creaturam
3349 1008 3530 1091 potius

639 1102 829 1187 quam
878 1112 1211 1167 creatorem
1258 1103 1488 1167 colunt.
1540 1102 1649 1187 qui
1696 1100 1948 1185 quidem
1994 1122 2193 1164 comm
2203 1111 2464 1164 utarunt
2509 1099 2820 1163 veritatem
2883 1097 3002 1163 Dci
3049 1098 3118 1161 in
3147 1097 3530 1172 mendacium,

639 1191 797 1255 sieut
843 1189 1167 1272 scriptum.
1216 1211 1490 1275 quorum
1538 1190 1905 1253 sententiam
1950 1190 2009 1252 si
2049 1208 2162 1252 nos
2201 1209 2560 1273 sequamur,
2594 1188 2728 1252 uiui
2751 1188 2936 1251 etiam
2959 1207 3102 1251 cam
3127 1186 3215 1250 eis
3236 1185 3527 1253 audimus,

652 1279 964 1356 „Dicentes
988 1299 1050 1342 se
1072 1298 1199 1345 esse
1222 1280 1551 1363 sapientes,
1576 1277 1900 1361 stultilacti
1923 1289 2090 1353 sunt,
2115 1274 2178 1341 ἃ
2201 1286 2603 1341 mutaverunt
2623 1276 2898 1359 qloriam.
2925 1273 3404 1357 incorruptibilis
3433 1272 3532 1337 Dei

650 1368 754 1443 „in
778 1367 1253 1432 similitudinem
1280 1367 1578 1451 imaqinis
1612 1365 2111 1448 incorruptibilis
2128 1365 2422 1441 hominis,
2454 1364 2516 1428 a
2537 1364 3045 1449 quadrupedum,
3077 1362 3528 1441 ‹St-sementiam.

640 1456 727 1519 Et
743 1454 1024 1518 limitant
1055 1453 1403 1520 Orthodoxi
1426 1456 1591 1518 hanc
1614 1476 1795 1517 suam
1827 1453 2309 1528 concessionem,
2338 1457 2410 1517 ut
2433 1452 2644 1516 videre
2669 1456 2766 1515 est
2791 1452 3014 1516 ibidem
3033 1451 3203 1533 apud
3241 1451 3532 1515 Ursinum:

642 1543 752 1625 qui
776 1543 914 1605 vult
939 1566 1051 1626 per
1075 1564 1329 1607 carnem
1354 1542 1635 1626 intelligi
1660 1563 1994 1625 personam
2025 1542 2088 1605 h.
2127 1562 2180 1605 e.
2209 1540 2532 1605 Christum
2574 1540 2920 1617 hominem,
2967 1562 3076 1603 seu
3105 1538 3314 1603 Deum
3344 1539 3530 1601 incar-

642 1636 881 1694 natum.
930 1632 1064 1695 Joh.
1114 1634 1453 1696 Oramerus
1500 1632 1567 1694 in
1616 1630 1859 1697 erudito
1908 1630 2142 1712 scripto
2181 1630 2281 1693 cui
2306 1629 2404 1693 tit.
2455 1628 2777 1693 Enchimfd.
2805 1639 3180 1692 controvers.
3215 1626 3530 1711 Ubiquitar.

638 1731 804 1802 part.
856 1719 911 1783 1.
969 1740 1113 1803 pay.
1157 1718 1306 1781 235.
1357 1720 1577 1783 eodem
1631 1718 1764 1782 fere
1794 1718 1979 1781 modo
2005 1717 2308 1799 explicat:
2337 1716 2520 1789 λόγον
2543 1718 2614 1781 in
2638 1717 2927 1781 humana
2954 1716 3194 1797 natura
3225 1736 3335 1780 scu
3360 1715 3533 1777 incar·

642 1819 890 1885 natum,
935 1809 1030 1872 vel
1088 1807 1407 1873 Christum
1460 1810 1668 1873 Dea-m
1719 1802 1781 1870 ἃ·
1812 1806 2125 1869 hominem
2169 1826 2297 1870 esse
2332 1805 2758 1869 adora-ndum.
2809 1803 3040 1868 Confer
3067 1804 3215 1867 ibid.
3237 1824 3378 1887 pay.
3410 1800 3531 1863 169.

647 1894 970 1978 Imprimis
1022 1916 1165 1979 paq.
1211 1896 1362 1959 615.
1408 1893 1541 1959 Ubi
1585 1894 1831 1958 Danaei
1879 1893 2360 1976 explicationem
2409 1893 2679 1957 adducit.
2714 1894 2858 1955 169.
2884 1895 3114 1975 &pa-rt.
3151 1893 3212 1955 2.
3245 1912 3380 1975 pay.
3405 1890 3535 1953 385.

646 1984 735 2047 Et
789 1982 1111 2068 Altinyius
1160 1986 1231 2049 in
1269 1983 1503 2072 syllabo
1552 1993 1924 2047 controvers.
1963 2003 2106 2047 cum
2159 1982 2530 2047 Lutheranis
2567 1992 2838 2046 controv.
2865 1982 2923 2042 2.
2948 2000 3098 2065 pay.
3127 1980 3274 2042 190.
3299 1976 3536 2061 duplicis

648 2071 1035 2136 adorationis
1061 2072 1531 2136 distinctionem
1563 2070 1852 2145 adhibet3
1879 2074 1952 2133 ut
1975 2092 2100 2133 una
2125 2070 2211 2134 sit
2239 2069 2380 2147 Dei,
2415 2069 2616 2134 altera
2648 2067 3040 2133 MediatoriS.
3088 2068 3386 2133 Danacus
3413 2065 3538 2129 ado-

642 2160 956 2223 rationem
1008 2161 1323 2225 humanae
1370 2164 1657 2238 naturae,
1704 2158 1900 2221 immo
1947 2160 1992 2223 δι
2040 2157 2280 2222 Christi
2317 2162 2444 2241 qua
2487 2157 2764 2221 hominis
2789 2156 3079 2221 absolute
3109 2158 3460 2240 negaverat,
3481 2153 3537 2215 in

645 2248 800 2313 lib-ro
832 2248 907 2312 de
953 2249 1200 2315 duabus
1249 2249 1499 2315 naturis
1524 2258 1739 2313 contra
1768 2246 2206 2312 Chemnitium.
2255 2243 2430 2309 Idem
2469 2250 2682 2309 tamen
2709 2248 2968 2329 propter
2997 2245 3306 2308 clamores
3325 2241 3538 2305 Luthe-
3647 2266 3649 2281 ³

644 2358 941 2399 ranorum
990 2336 1307 2420 imprimis
1360 2336 1566 2402 Jacobi
1604 2335 1896 2402 Andreae
1918 2336 1985 2399 in
2011 2336 2173 2419 disp.
2209 2334 2587 2417 Tubinyensi
2615 2337 2894 2397 mentem
2918 2355 3101 2396 suam
3135 2332 3462 2415 explicans,
3483 2330 3538 2391 in
3647 2404 3649 2411 Ι

644 2437 859 2489 assert.
912 2438 1130 2490 eontra
1178 2424 1384 2492 Jacob.
1436 2424 1784 2502 Andrcam,
1834 2424 1880 2489 ἃ
1925 2427 2073 2488 ante
2093 2447 2236 2488 eum
2263 2424 2523 2507 Mart-qr.
2562 2423 2629 2487 in
2657 2423 2874 2489 Genes.
2913 2422 3014 2486 18.
3045 2422 3108 2486 2.
3157 2423 3370 2506 (quem
3407 2416 3537 2482 ibid.
3647 2428 3649 2454 ³

646 2513 898 2576 adducit
922 2513 1210 2594 Dancus)
1244 2513 1558 2598 duplicem
1594 2512 1839 2576 faciunt
1871 2511 2110 2576 Christi
2135 2511 2586 2575 adorationem.
2639 2509 2870 2574 Confer
2905 2512 2952 2574 ἃ
2979 2511 3318 2596 Martyrem
3343 2509 3410 2571 in
3435 2505 3540 2571 Ro-

644 2621 819 2666 inan„
870 2601 930 2666 1.
980 2603 1026 2667 &
1070 2603 1296 2667 ibidem
1360 2603 1669 2668 Willetum
1706 2622 1853 2684 pay.
1905 2601 2010 2664 91.
2050 2612 2282 2686 quaest.
2331 2600 2428 2662 10.
2465 2600 2536 2663 in
2567 2603 2707 2686 fine.
2757 2597 2883 2663 Sed
2907 2598 3144 2662 omissa
3168 2595 3538 2661 distinctione
3646 2587 3649 2670 Ξ

649 2689 1054 2768 adorationis,
1104 2690 1446 2773 simplici&
1479 2689 1808 2772 expeditae
1838 2688 2246 2771 explicationi
2285 2689 2566 2753 Crameri
2589 2693 2632 2748 δι.
2669 2687 2882 2754 Ursini
2913 2687 3388 2750 inhaereamus:
3421 2703 3540 2747 cum

649 2781 774 2858 qua
806 2777 999 2841 etiam
1052 2778 1433 2842 conveniunt
1465 2777 1656 2841 verba
1686 2775 1932 2841 Danaei
1980 2780 2018 2840 ἐι
2053 2778 2346 2841 Cramero
2365 2797 2512 2861 pay.
2541 2776 2690 2840 615.
2715 2777 2811 2840 cit.
2835 2775 3161 2840 Zanchius
3192 2773 3260 2837 in
3281 2769 3539 2838 terminis

649 2867 738 2927 sic
786 2865 1089 2948 loquitur,
1137 2865 1240 2930 lib.
1268 2867 1329 2930 2.
1356 2866 1431 2930 de
1453 2867 1773 2930 Incarnat.
1806 2867 2032 2929 Franc.
2059 2866 2294 2930 lunius
2319 2865 2550 2948 defens.
2581 2866 2640 2928 3.
2665 2875 2884 2928 cont-ra
2911 2863 3222 2928 Samosat.
3245 2881 3388 2946 paq.
3419 2857 3537 2921 179.

672 2953 1077 3017 chdelinus
1101 2952 1203 3019 lib.
1240 2954 1296 3016 1.
1330 2954 1665 3018 Christian.
1718 2953 1996 3036 Theoloq.
2047 2975 2178 3038 cap.
2219 2953 2321 3015 19.
2353 2954 2423 3016 in
2453 2955 2596 3040 fine,
2623 2952 2853 3016 statuit
2877 2973 3070 3014 unam
3095 2972 3234 3014 esse
3259 2945 3540 3012 adoratio-

654 3061 823 3116 nem,
849 3061 1010 3121 quae
1036 3041 1115 3105 ad
1137 3063 1469 3124 personam
1503 3041 1820 3125 dirigitur,
1846 3041 1956 3104 sed
1979 3063 2122 3104 cum
2147 3044 2436 3124 respectu
2469 3041 2548 3104 ad
2573 3044 2908 3122 utramque
2932 3043 3268 3113 naturam3
3310 3043 3351 3098 a
3375 3035 3540 3100 addu-

650 3127 738 3192 cit
782 3127 933 3191 ibid.
983 3127 1447 3193 Damascenum
1494 3128 1609 3194 lib.
1653 3130 1712 3192 4.
1763 3150 1897 3211 cap.
1926 3129 1986 3191 2.
2012 3129 2330 3194 Adoratur
2353 3150 2488 3194 una
2512 3129 2864 3212 hypostasis
2889 3131 3026 3192 und
3047 3127 3411 3191 adoratione
3427 3143 3542 3188 cum

649 3236 871 3280 carne.-
917 3215 1131 3299 aitque
1186 3221 1577 3280 constantem
1622 3216 1786 3280 hanc
1833 3238 1968 3280 esse
2014 3217 2446 3280 Ecclesiarum
2493 3221 2854 3280 nostrarum
2909 3214 3285 3291 doctrinam,
3327 3212 3542 3296 idquea

662 3327 763 3380 „se
790 3304 1131 3387 probatum
1163 3303 1441 3368 Exercit.
1492 3305 1597 3367 59.
1646 3306 1701 3388 ἓ.
1730 3305 1833 3367 31.
1873 3305 2042 3371 Besa
2067 3305 2353 3370 concione
2380 3306 2438 3368 1.
2472 3306 2543 3368 in
2568 3305 2784 3368 histor.
2817 3313 3143 3370 resurrect.
3195 3301 3334 3366 Hoc
3377 3300 3542 3384 igitur
3646 3309 3649 3336 ³

662 3396 985 3476 „respectu
1020 3391 1173 3456 haec
1204 3391 1486 3456 adoratio
1512 3392 1705 3456 etiam
1728 3392 2029 3476 religiosa
2052 3394 2173 3456 toti
2199 3415 2502 3475 personae
2529 3391 2767 3456 Christi
2799 3392 3065 3456 debetur
3088 3392 3188 3456 διο.
3225 3389 3461 3473 proprie
3485 3407 3538 3448 ac

665 3480 1076 3563 „simpliciter
1126 3479 1309 3564 [pag.
1345 3479 1507 3563 326]
1533 3479 1799 3557 Deitati,
1824 3484 2137 3562 quatenus
2160 3481 2297 3563 ipse
2330 3480 2504 3544 Deus
2529 3485 2646 3557 est,
2671 3481 2716 3544 &
2741 3479 3132 3544 humanitati
3165 3479 3304 3562 ejus
3325 3473 3541 3557 oblique

666 3568 1179 3648 „quodammodo,
1227 3567 1292 3630 id
1338 3572 1453 3643 est,
1487 3588 1612 3630 non
1644 3567 2017 3650 simpliciter
2045 3568 2466 3632 humanitatis
2490 3572 2778 3650 respectu
2805 3572 2988 3652 (nam
3012 3567 3386 3631 detestanda
3411 3563 3540 3628 esset

668 3654 1085 3733 „idololatr-ia,
1112 3654 1584 3737 quantumlibet
1607 3655 1674 3718 in
1706 3655 1914 3738 seipsa
1939 3657 2346 3720 excellentem
2375 3659 2421 3722 St
2446 3656 2792 3740 gloriosam
2817 3677 2959 3719 eam
2977 3654 3437 3738 agnoscamus),
3457 3645 3540 3713 sed

668 3745 1014 3823 „quatenus
1063 3764 1203 3806 eam
1256 3739 1481 3806 Deitas
1520 3742 1633 3805 illa
1654 3740 1777 3805 Dei
1802 3743 1918 3805 filii
1945 3744 2262 3807 assumsit.
2309 3745 2625 3809 Iohannes
2654 3745 2918 3828 Beryius
2949 3745 3018 3807 in
3043 3742 3298 3806 erudita
3321 3743 3464 3825 disp.
3482 3735 3540 3800 de

664 3830 939 3893 Persona
992 3830 1241 3908 Christi,
1291 3829 1517 3894 habita
1536 3827 1939 3893 Francofurti
1963 3831 2042 3895 ad
2066 3829 2338 3895 Oderam
2375 3831 2432 3895 4.
2461 3833 2507 3896 a
2533 3833 2592 3895 9.
2617 3830 3001 3896 November.
3035 3831 3230 3894 1619.
3255 3831 3404 3895 thesi
3429 3825 3537 3890 191.

659 3920 855 3998 negat
906 3937 1048 3981 cum
1094 3915 1344 3999 Synodo
1374 3916 1699 3998 Ephesius
1725 3917 2042 3982 anathem.
2072 3919 2130 3982 8.
2166 3919 2326 3984 duos
2356 3920 2717 3984 adorandos
2742 3921 2788 3985 ἃ
2811 3918 3123 4002 duplicem
3153 3919 3538 3983 adorationem

664 4002 709 4065 δι
734 4002 977 4066 confert
998 4003 1150 4067 ibid.
1172 4002 1403 4086 Synod.
1439 4003 2034 4087 Constantinopolit.
2086 4008 2143 4069 2.
2173 4029 2308 4070 can.
2339 4009 2400 4070 9.
2425 4008 2512 4071 Et
2537 4008 2727 4090 paulo
2751 4012 2896 4091 post
2920 4006 3088 4071 thesi
3121 4007 3268 4070 193.
3297 4001 3534 4087 subjicit:

675 4090 875 4164 „Nam
900 4091 1065 4173 quod
1094 4091 1297 4176 aliqui
1317 4091 1635 4175 duplicem
1650 4091 1974 4170 honorem,
2001 4096 2090 4158 ali
2097 4116 2204 4159 um
2225 4095 2406 4169 λόγῳ,
2439 4096 2642 4160 alium
2664 4097 2860 4161 Carni
2883 4095 3158 4160 debitum
3187 4095 3535 4178 distinguunt

676 4196 840 4251 „non
894 4175 1207 4260 duplicem
1254 4180 1507 4261 proprie
1552 4179 2007 4244 Adorationem
2039 4183 2222 4262 (sicut
2248 4183 2565 4268 Pontifieii
2588 4182 2876 4248 Lati-iam
2899 4183 3275 4248 Divinitatis
3297 4193 3400 4248 aut
3421 4181 3532 4244 Per·

676 4282 916 4339 „sonac,
970 4263 1031 4327 ἃ·
1085 4263 1149 4326 H
1150 4266 1521 4347 yperdulian
1570 4268 1996 4333 Humanitatis
2043 4269 2204 4334 Bell.
2253 4270 2365 4334 lib.
2414 4274 2473 4335 2.
2517 4271 2592 4334 de
2619 4271 2800 4336 Beat.
2827 4269 3042 4336 Sanct.
3077 4293 3130 4334 c.
3167 4273 3272 4334 12.
3307 4270 3462 4336 Suar.
3487 4261 3534 4323 in

680 4349 775 4426 „3.
829 4346 1007 4412 Tom.
1063 4352 1120 4413 1.
1168 4351 1349 4434 Disp.
1400 4353 1503 4418 53.
1554 4357 1700 4417 sect.
1754 4357 1813 4417 3.
1838 4361 1984 4438 post
2006 4355 2232 4421 'l’hom.
2260 4380 2320 4440 p.
2350 4359 2406 4420 3.
2442 4381 2547 4440 qu.
2574 4361 2678 4423 25.
2713 4383 2804 4424 ar.
2833 4361 2895 4424 2.
2923 4360 3002 4424 ad
3033 4360 3119 4440 1.)
3149 4361 3263 4425 sed
3285 4361 3356 4424 in
3374 4353 3532 4504 midde?
