3694 4871
281 327 486 392 Disr.
531 325 679 392 VII.
727 325 1391 390 Pnonnauarnn
1437 347 1533 388 nn
1579 323 1935 389 Maxumo
1982 321 2615 389 Caa1s'r1PAns
2661 320 2779 388 III.
2870 323 2995 386 195

103 513 456 594 defensores,
500 513 568 577 in
614 513 1177 580 Exercitationibus
1200 513 1276 578 de
1293 511 1502 596 qratia
1523 510 1873 575 universali
1889 529 2036 594 paq.
2067 507 2258 572 1557.
2284 529 2483 594 usque
2500 529 2647 595 pay.
2668 508 2858 575 1587.
2876 507 2999 583 Qui

101 603 196 668 cit.
222 602 448 667 ibidem
471 601 710 666 socium
731 602 800 666 in
815 601 936 666 hac
945 602 1264 686 palaestra
1289 599 1756 684 Rhetorsorlem.
1783 599 1956 664 Idem
1976 599 2045 662 in
2083 598 2373 663 vindiciis
2387 618 2505 682 pro
2528 599 2999 665 Exercitationi-

103 691 203 758 bus
237 711 375 778 paq.
427 690 576 755 183.
633 690 784 756 375.
833 691 982 755 363.
1031 690 1178 755 361.
1219 689 1528 754 nonnulla
1565 688 1772 752 denuo
1795 687 2091 766 inculcat,
2116 708 2232 770 per
2254 709 2418 770 quae
2446 691 2847 771 praesumtus
2878 689 2999 753 iste

109 779 364 845 Achilles
415 779 610 863 plane
661 779 1065 844 delumbatus
1111 779 1273 844 mihi
1319 777 1601 841 videtur:
1640 776 1734 840 ita
1757 779 1830 840 ut
1854 776 1934 840 iis
1965 797 2129 860 quae
2156 777 2195 839 a
2217 773 2563 862 Theologis
2586 777 2819 842 nostris
2842 777 3003 842 bene

105 889 378 952 responsa
424 866 1046 947 RemonstrantibuS,
1094 869 1140 934 a
1195 871 1232 932 a
1278 865 1661 950 Spanhemio
1687 864 2009 929 hodiernis
2040 863 2421 928 universalis
2446 866 2696 950 gratiae
2720 866 3003 949 patronis

103 957 244 1022 bene
287 956 586 1041 adaptata
630 954 913 1032 fuerunt,
943 977 1026 1020 ne
1049 956 1314 1022 verbum
1337 955 1594 1039 quidem
1626 953 1855 1018 addere
1892 974 2146 1018 necesse
2171 952 2276 1018 sit.
2324 951 2449 1018 Sed
2473 954 2625 1036 quia
2653 955 2855 1020 visum
2881 954 3009 1018 fuit

103 1045 293 1112 autori
311 1045 496 1110 modo
518 1045 617 1109 cit.
649 1043 819 1108 idem
842 1043 1188 1128 sophisma,
1213 1066 1327 1110 seu
1349 1043 1564 1128 potius
1586 1042 2087 1126 paralogismum
2112 1041 2379 1106 eundem
2404 1042 2737 1125 paululum
2760 1046 3009 1110 mutato

105 1133 213 1220 (uti
253 1133 528 1216 videtur)
574 1131 896 1202 schemate
919 1133 986 1197 in
1011 1133 1142 1199 acie
1173 1133 1500 1210 collocare,
1548 1153 1674 1195 non
1698 1130 2112 1215 gravabimur
2136 1130 2218 1194 ad
2239 1129 2671 1196 abundantem
2694 1133 3009 1198 cautelam

105 1245 234 1288 eum
254 1222 458 1287 denuo
489 1242 736 1286 exuere.
765 1222 945 1307 Resp.
981 1243 1133 1308 ergo
1165 1221 1214 1287 I.
1241 1221 1322 1286 ad
1345 1220 1618 1285 formam
1641 1219 2027 1304 argumenti,
2053 1241 2189 1284 esse
2213 1240 2461 1283 merum
2488 1221 3007 1306 paralogismum,

105 1333 216 1376 non
249 1309 690 1396 syllogismum
714 1309 1083 1387 formalem:
1113 1309 1264 1394 quia
1285 1307 1546 1374 termini
1575 1330 1704 1372 non
1735 1306 2099 1372 inferuntur
2122 1307 2189 1371 in
2214 1309 2699 1389 conclusionem,
2725 1316 2797 1375 ut
2828 1316 3014 1376 erant

105 1399 279 1484 positi
333 1399 402 1463 in
433 1398 837 1483 praemissis:
872 1400 1040 1483 quod
1065 1398 1156 1463 sic
1187 1398 1471 1476 ostend0,
1503 1395 1805 1473 Quaestio
1836 1398 1955 1476 est,
1980 1393 2086 1460 An
2117 1394 2291 1461 Deus
2316 1397 2471 1461 velit
2494 1398 2779 1463 omnium
2802 1401 2849 1466 8τ
2878 1401 3011 1465 sin-

105 1489 382 1574 gulorum
417 1486 750 1552 hominum
789 1487 1064 1552 salutem
1089 1487 1135 1552 ἃ
1159 1509 1240 1552 an
1265 1486 1556 1552 Christus
1581 1485 1927 1551 secundum
1949 1484 2129 1548 illam
2158 1485 2556 1550 voluntatem
2576 1509 2695 1570 pro
2719 1488 3013 1555 omnibus

106 1579 146 1645 a
166 1576 428 1662 singulis
451 1575 538 1640 sit
560 1578 867 1641 mortuus.
893 1574 1124 1641 Thesis
1147 1576 1496 1656 affirmans,
1529 1575 1696 1657 quod
1721 1574 1800 1638 ad
1823 1577 2167 1657 utrumque
2190 1573 2567 1656 membrum,
2588 1579 2685 1642 est
2700 1574 3015 1656 Testardi,

109 1668 150 1733 s
190 1687 422 1744 eorum,
463 1685 626 1748 quos
649 1663 887 1729 ibidem
907 1665 1128 1730 laudat
1159 1667 1496 1746 ὁμοψήφους.
1545 1661 1722 1728 Haec
1747 1683 1901 1747 ergo
1924 1662 2152 1727 iisdem
2175 1663 2465 1728 terminis
2497 1667 2843 1730 constituat
2867 1689 3017 1732 con-

109 1754 473 1829 elusionem:
522 1752 762 1834 absque
786 1753 919 1826 ulla
948 1752 1301 1818 mutatione
1327 1751 1788 1818 enunciationis
1813 1773 2009 1834 purae
2034 1751 2101 1815 in
2126 1751 2474 1817 modalem:
2510 1754 2607 1818 uti
2630 1754 2697 1819 in
2722 1755 3015 1820 omnibus

107 1841 566 1928 quaestionibus
613 1838 1020 1927 Theologicis
1065 1841 1207 1907 fieri
1259 1841 1440 1921 solet,
1488 1863 1584 1905 ex.
1635 1861 1732 1926 gr.
1789 1862 1873 1904 an
1896 1861 2088 1924 opera
2103 1840 2477 1924 justificent,
2504 1865 2585 1906 an
2610 1842 2903 1909 Christus
2931 1845 3015 1909 sit

109 1931 286 2011 Deus,
313 1931 416 1995 An
441 1929 662 1995 eadem
685 1951 831 1994 caro
855 1930 940 1994 sit
955 1934 1386 1996 resurrectura
1401 1932 1500 1996 Suc.
1520 1927 1899 2013 Suspectum
1917 1929 2087 1993 enim
2102 1929 2310 1994 reddit
2326 1951 2392 1994 se
2408 1929 2529 1995 hoc
2544 1937 3014 2017 argumentum,

110 2022 262 2106 quod
288 2040 618 2104 nunquam
641 2020 798 2101 pure
823 2019 1216 2103 proponitur.
1265 2017 1391 2084 Sed
1412 2020 1697 2083 transeat
1723 2018 1904 2104 [pag.
1932 2017 2095 2104 257]
2120 2040 2287 2082 nunc
2318 2017 2574 2084 schema
2597 2021 2865 2100 modale,
2892 2042 3019 2106 quo

110 2110 230 2174 solo
272 2108 527 2175 videtur
569 2105 856 2172 Achilles
909 2111 1143 2189 noster,
1189 2108 1259 2172 in
1288 2108 1422 2172 acie
1447 2129 1808 2190 comparere
1830 2129 2037 2190 posse.
2084 2105 2571 2174 Provocavimus
2597 2108 2867 2174 antehac
2890 2109 3017 2174 Re-

112 2200 542 2274 monstranteS,
588 2199 662 2259 ut
705 2195 1143 2280 quaestionem
1186 2200 1652 2261 controversam
1699 2195 1832 2260 sive
1855 2217 2034 2279 pur0,
2062 2195 2194 2260 sive
2216 2195 2453 2260 modali
2476 2199 2679 2282 (cujus
2703 2197 3019 2263 conclusio

112 2289 341 2352 constat
391 2283 564 2349 dicto
602 2285 650 2350 δι
694 2284 906 2369 modo)
933 2283 1066 2350 sive
1091 2285 1268 2364 reali,
1295 2285 1427 2350 sive
1449 2284 1760 2349 nationali
1791 2284 2162 2369 syllogismo
2186 2283 2627 2350 concluderent
2636 2307 2654 2367 ;
2686 2286 2776 2351 sic
2800 2292 2872 2351 ut
2894 2309 3022 2351 non

111 2375 568 2441 committerent
589 2394 1002 2459 coccysmum,
1028 2377 1140 2442 aut
1162 2374 1605 2460 battologiam,
1630 2377 1745 2438 aut
1767 2373 2142 2457 petitionem
2166 2373 2321 2457 ejus,
2348 2374 2514 2458 quod
2537 2379 2635 2441 est
2648 2375 2716 2440 in
2740 2375 3021 2460 quaesti-

112 2486 238 2531 one.
281 2464 612 2529 Hactenus
658 2462 739 2526 ab
786 2463 1076 2529 Arminio
1122 2464 1168 2529 a
1194 2462 1794 2528 Remonstrantibus
1819 2462 1940 2528 hoc
1963 2466 2301 2541 tentatum,
2335 2464 2444 2527 sed
2475 2463 2746 2530 frustra:
2774 2488 3023 2549 semper

113 2554 264 2619 enim
321 2555 437 2619 aut
482 2553 731 2615 mutare
775 2573 978 2637 genus
1026 2552 1533 2637 praedicationis,
1589 2552 1963 2619 &terminos
1985 2572 2103 2635 pro
2128 2572 2192 2617 se
2220 2554 2364 2636 (pro
2387 2553 2487 2632 iis,
2514 2552 2605 2618 ait
2630 2553 3023 2639 Testardus,)

115 2664 244 2707 cum
285 2640 564 2707 termino
608 2662 720 2705 seu
765 2640 984 2725 phrasi
1020 2662 1138 2726 pro
1185 2642 1476 2707 omnibus
1522 2661 1596 2707 ac
1638 2641 1909 2726 sinyulis
1932 2641 2292 2706 hominibus
2316 2641 2639 2722 adhibere,
2668 2664 2741 2708 ac
2763 2643 2933 2709 inter
2957 2665 3023 2708 se

115 2730 506 2804 confundere,
554 2729 602 2794 a
655 2734 1112 2814 consequenter
1157 2730 1602 2816 syllogismum
1655 2733 1932 2813 quatuor
1976 2729 2244 2813 pedibus
2299 2735 2658 2796 currentem
2703 2733 3021 2816 parturire

115 2817 480 2904 deprehensi
525 2820 706 2881 sunt:
761 2819 818 2883 1.
872 2819 1194 2885 Christum
1235 2840 1355 2905 pro
1401 2840 1466 2885 se
1507 2830 1856 2900 mortuum,
1903 2817 1969 2881 in
2016 2818 2249 2884 minori
2294 2841 2405 2883 seu
2453 2820 2911 2886 subsumtione.
2963 2823 3024 2884 2.

119 2909 424 2975 Christum
443 2926 566 2991 pro
585 2906 876 2973 omnibus
906 2906 969 2974 ἃ·
988 2909 1257 2995 sinyulis
1278 2908 1638 2974 hominibus
1660 2919 1985 2974 mortuum
2006 2908 2078 2972 in
2102 2909 2507 2974 conclusione.
2535 2911 2595 2974 3.
2618 2911 2803 2992 Quod
2816 2931 3029 2976 omnes

121 2996 176 3063 ἃ
195 2997 430 3083 sinquli
452 3006 739 3061 tenentur
757 2996 1018 3076 credere,
1043 2997 1108 3061 in
1133 2998 1371 3081 majore
1396 2998 1442 3063 a
1464 2996 1714 3061 minori.
1742 2997 1802 3060 4.
1846 2998 2069 3063 Verum
2090 3008 2195 3076 est,
2220 2998 2288 3061 in
2306 2998 2527 3081 majori
2547 2997 2593 3062 ἃ
2608 2998 3027 3063 conclusione.

120 3085 286 3163 Quod
307 3083 658 3151 Testardus
681 3082 852 3149 hunc
881 3083 1205 3151 Achillem
1233 3085 1577 3151 infeliciter
1608 3084 1976 3164 formatum,
2010 3084 2353 3149 reformare
2380 3086 2648 3165 videtur,
2676 3088 2880 3151 medio
2903 3091 3029 3151 ter-

115 3175 274 3241 mino
298 3171 676 3257 disjunctive
693 3174 1017 3257 proposito
1041 3180 1086 3237 &
1101 3196 1216 3258 per
1239 3178 1694 3252 assumentum,
1713 3180 1852 3253 (ατιι
1876 3185 2145 3258 possunt
2171 3174 2364 3239 teneri
2376 3175 2643 3259 credere)
2662 3179 2941 3256 extens0,
2967 3175 3033 3239 id

119 3264 191 3328 ab
213 3264 477 3347 antiqno
500 3260 931 3346 paralogismo
953 3262 1167 3348 ipsum
1189 3285 1315 3327 non
1340 3263 1590 3345 liberat:
1616 3262 1841 3327 recidit
1864 3262 2035 3327 enim
2058 3262 2128 3325 in
2150 3262 2571 3327 mutationem
2594 3265 3031 3343 terminorum,

117 3353 160 3419 ἃ
186 3352 272 3417 sic
291 3352 362 3417 in
383 3347 830 3435 syllogismum
853 3351 1342 3435 quadrupedem,
1369 3352 1480 3436 qui
1503 3350 1623 3415 hoc
1645 3350 1830 3415 modo
1862 3350 1929 3415 in
1952 3350 2161 3416 forma
2189 3351 2590 3437 proponitur:

201 3436 521 3525 Quidquid
566 3458 784 3503 omnes
836 3440 884 3505 ἃ
929 3440 1168 3526 singuli
1215 3439 1506 3506 homines
1550 3443 1869 3516 tenentur,
1912 3444 2023 3505 aut
2045 3444 2311 3524 possunt
2332 3440 2537 3505 teneri
2561 3441 2811 3505 credere
2836 3440 2938 3506 8⁶0.
2963 3438 3030 3503 id

121 3552 330 3595 verum
353 3531 486 3594 est:

123 3710 182 3771 te
211 3617 414 3720 Atqui
439 3612 769 3769 ghristgm
781 3636 977 3701 prose
987 3621 1101 3683 aut
1118 3638 1240 3702 pro
1264 3618 1345 3683 iis
1361 3621 1707 3696 mortuum,
1740 3638 1959 3682 omnes
1985 3618 2031 3683 a
2057 3616 2297 3702 singuli
2322 3622 2620 3683 tenentur
2649 3621 2760 3683 aut
2775 3621 3041 3701 possunt

181 3728 316 3772 nen
341 3727 448 3772 cre
491 3723 616 3781 ere,
690 3726 745 3768 c.

205 3795 378 3881 Ergo
402 3790 731 3859 Christum
747 3814 870 3879 pro
892 3793 1182 3862 omnibus
1206 3794 1269 3862 ἃ·
1290 3794 1560 3880 sinqulis
1585 3797 1907 3859 mortuum
1934 3817 2088 3872 esse,
2124 3816 2340 3859 verum
2364 3799 2479 3861 est.

203 3882 401 3950 Vides
435 3878 755 3948 Achillem
787 3886 1060 3967 quatuor
1085 3883 1524 3948 terminorum.
1551 3882 1770 3948 Habes
1795 3883 1967 3947 enim
1991 3883 2145 3947 duos
2169 3884 2233 3947 in
2262 3883 2692 3948 conclusione:
2720 3885 2766 3949 δι
2789 3886 3043 3967 praeter

126 3972 262 4037 illos
305 3973 375 4037 in
407 3970 772 4056 praemissis
798 3972 956 4037 alios
980 3972 1156 4052 duOS,
1194 3973 1251 4036 1.
1290 3974 1522 4038 Omnes
1552 3970 1616 4037 st
1639 3972 1879 4057 sinyuli
1908 3972 2186 4037 homines
2212 3984 2515 4050 tenentur,
2538 3984 2649 4037 aut
2668 3983 2933 4057 possunt
2960 3983 3043 4037 te-

127 4062 258 4126 neri
299 4061 560 4128 credere.
597 4060 658 4123 2.
712 4061 1032 4128 Christum
1073 4080 1195 4144 pro
1241 4082 1304 4127 se
1324 4072 1434 4127 aut
1459 4081 1582 4143 pro
1605 4061 1684 4125 iis
1707 4071 2031 4127 ‘mortuum
2055 4082 2201 4125 esse.
2252 4061 2353 4125 Ad
2376 4061 2712 4124 materiam
2737 4084 2813 4125 ex
2839 4061 3043 4125 abun-

131 4148 296 4215 danti
319 4149 559 4234 optime
582 4150 948 4234 responderi
972 4152 1202 4234 potest,
1228 4150 1517 4234 negando
1549 4150 1882 4228 minorem,
1910 4151 1955 4215 &
1979 4148 2069 4213 sic
2092 4149 2398 4214 hactenus
2424 4152 2462 4213 a
2491 4152 2762 4216 Gomaro
2786 4150 3051 4236 aliisque

133 4257 322 4322 wpra
374 4239 472 4305 cit.
519 4262 594 4305 ac
623 4239 991 4323 nuperrime
1025 4242 1062 4302 a
1089 4237 1470 4323 Spanlaemio
1493 4260 1867 4322 responsum
1892 4240 2022 4313 est:
2048 4238 2158 4321 qui
2184 4238 2442 4322 insuper
2465 4239 2909 4322 probationem
2934 4240 3047 4303 ad-

127 4324 423 4409 jecerunt,
473 4328 766 4412 quamvis
798 4327 1061 4392 minime
1107 4329 1512 4403 tenerentur;
1562 4326 1650 4391 Et
1689 4348 1804 4392 nos
1831 4327 1900 4391 in
1924 4327 2087 4410 disp.
2113 4327 2188 4392 de
2211 4328 2418 4394 Praxi
2440 4328 2616 4393 Fidei
2637 4328 3048 4406 ostendimuS,

133 4416 440 4482 neminem
482 4418 610 4483 nisi
664 4422 812 4483 actu
857 4416 1334 4502 resipiscentem
1380 4420 1574 4500 atque
1613 4420 1758 4481 actu
1784 4415 2022 4481 directo
2045 4414 2193 4482 fidei
2218 4417 2577 4482 credentem
2609 4418 2677 4482 in
2703 4417 3049 4495 Christum,

2908 4507 3055 4569 actu
