<?xml version="1.0" encoding="UTF-8"?>
<!DOCTYPE html PUBLIC "-//W3C//DTD XHTML 1.0 Transitional//EN"
    "http://www.w3.org/TR/xhtml1/DTD/xhtml1-transitional.dtd">
<html xmlns="http://www.w3.org/1999/xhtml" xml:lang="en" lang="en">
 <head>
  <title>
</title>
<meta http-equiv="Content-Type" content="text/html;charset=utf-8" />
  <meta name='ocr-system' content='tesseract 3.04.00' />
  <meta name='ocr-capabilities' content='ocr_page ocr_carea ocr_par ocr_line ocrx_word'/>
</head>
<body>
  <div class='ocr_page' id='page_1' title='image "./selectarumdispu00kuypgoog_0132.png"; bbox 0 0 3694 4871; ppageno 0'>
   <div class='ocr_carea' id='block_1_1' title="bbox 595 290 3078 364">
    <p class='ocr_par' dir='ltr' id='par_1_1' title="bbox 595 290 3078 364">
     <span class='ocr_line' id='line_1_1' title="bbox 595 290 3078 364; baseline 0.004 -9"><span class='ocrx_word' id='word_1_1' title='bbox 595 290 2652 362; x_wconf 67' lang='grc' dir='ltr'><strong>1300111110111188.Τῂ111111111.ΡΑΒΒΛιΤΒιιΑ.</strong></span> <span class='ocrx_word' id='word_1_2' title='bbox 2958 298 3078 364; x_wconf 91' lang='grc'>101</span> 
     </span>
    </p>
   </div>
   <div class='ocr_carea' id='block_1_2' title="bbox 156 474 3087 2514">
    <p class='ocr_par' dir='ltr' id='par_1_2' title="bbox 156 474 3087 2514">
     <span class='ocr_line' id='line_1_2' title="bbox 239 474 3083 561; baseline 0 -15"><span class='ocrx_word' id='word_1_3' title='bbox 239 474 312 547; x_wconf 77' lang='grc'>4.</span> <span class='ocrx_word' id='word_1_4' title='bbox 360 476 655 543; x_wconf 88' lang='lat' dir='ltr'>Alterum</span> <span class='ocrx_word' id='word_1_5' title='bbox 687 478 1078 561; x_wconf 74' lang='lat' dir='ltr'><strong>quaestionis</strong></span> <span class='ocrx_word' id='word_1_6' title='bbox 1104 479 1465 543; x_wconf 84' lang='lat' dir='ltr'><strong>membrum</strong></span> <span class='ocrx_word' id='word_1_7' title='bbox 1491 484 1614 544; x_wconf 89' lang='lat' dir='ltr'>est:</span> <span class='ocrx_word' id='word_1_8' title='bbox 1663 478 1768 545; x_wconf 90' lang='lat' dir='ltr'>An</span> <span class='ocrx_word' id='word_1_9' title='bbox 1801 480 1869 543; x_wconf 91' lang='lat' dir='ltr'>in</span> <span class='ocrx_word' id='word_1_10' title='bbox 1900 478 2153 545; x_wconf 87' lang='lat' dir='ltr'>Politiis</span> <span class='ocrx_word' id='word_1_11' title='bbox 2178 480 2579 559; x_wconf 87' lang='lat' dir='ltr'>Christianis,</span> <span class='ocrx_word' id='word_1_12' title='bbox 2612 480 2863 546; x_wconf 89' lang='lat' dir='ltr'>haeresi</span> <span class='ocrx_word' id='word_1_13' title='bbox 2891 482 3083 546; x_wconf 91' lang='lat' dir='ltr'>Anti-</span> 
     </span>
     <span class='ocr_line' id='line_1_3' title="bbox 157 564 3083 635; baseline 0.002 -6"><span class='ocrx_word' id='word_1_14' title='bbox 157 564 534 631; x_wconf 85' lang='lat' dir='ltr'>Trinitariae</span> <span class='ocrx_word' id='word_1_15' title='bbox 577 566 954 632; x_wconf 88' lang='lat' dir='ltr'>nominatim</span> <span class='ocrx_word' id='word_1_16' title='bbox 997 564 1372 632; x_wconf 89' lang='lat' dir='ltr'>Socinianae</span> <span class='ocrx_word' id='word_1_17' title='bbox 1423 567 1686 633; x_wconf 89' lang='lat' dir='ltr'>libertas</span> <span class='ocrx_word' id='word_1_18' title='bbox 1732 569 2018 635; x_wconf 85' lang='lat' dir='ltr'>exercitii</span> <span class='ocrx_word' id='word_1_19' title='bbox 2049 592 2161 635; x_wconf 90' lang='lat' dir='ltr'>seu</span> <span class='ocrx_word' id='word_1_20' title='bbox 2192 574 2486 634; x_wconf 88' lang='lat' dir='ltr'>coetuum</span> <span class='ocrx_word' id='word_1_21' title='bbox 2514 569 3083 635; x_wconf 86' lang='lat' dir='ltr'>ecclesiasticorum</span> 
     </span>
     <span class='ocr_line' id='line_1_4' title="bbox 157 655 3081 742; baseline 0.002 -24"><span class='ocrx_word' id='word_1_22' title='bbox 157 655 490 720; x_wconf 72' lang='lat' dir='ltr'>celebratio</span> <span class='ocrx_word' id='word_1_23' title='bbox 535 656 820 741; x_wconf 89' lang='lat' dir='ltr'>publica,</span> <span class='ocrx_word' id='word_1_24' title='bbox 869 660 982 719; x_wconf 88' lang='lat' dir='ltr'>aut</span> <span class='ocrx_word' id='word_1_25' title='bbox 1012 655 1546 740; x_wconf 84' lang='lat' dir='ltr'>privato-publica</span> <span class='ocrx_word' id='word_1_26' title='bbox 1573 658 1968 722; x_wconf 85' lang='lat' dir='ltr'>concedenda</span> <span class='ocrx_word' id='word_1_27' title='bbox 1992 658 2095 722; x_wconf 89' lang='lat' dir='ltr'>sit.</span> <span class='ocrx_word' id='word_1_28' title='bbox 2120 656 2259 723; x_wconf 88' lang='lat' dir='ltr'>Nos</span> <span class='ocrx_word' id='word_1_29' title='bbox 2290 661 2633 742; x_wconf 77' lang='lat' dir='ltr'>negantem</span> <span class='ocrx_word' id='word_1_30' title='bbox 2664 657 3081 739; x_wconf 75' lang='lat' dir='ltr'>defendimuS,</span> 
     </span>
     <span class='ocr_line' id='line_1_5' title="bbox 161 744 3085 832; baseline 0.002 -25"><span class='ocrx_word' id='word_1_31' title='bbox 161 764 296 809; x_wconf 90' lang='lat' dir='ltr'>cum</span> <span class='ocrx_word' id='word_1_32' title='bbox 345 744 465 809; x_wconf 90' lang='lat' dir='ltr'>hac</span> <span class='ocrx_word' id='word_1_33' title='bbox 501 744 640 809; x_wconf 90' lang='lat' dir='ltr'>scil.</span> <span class='ocrx_word' id='word_1_34' title='bbox 664 744 1068 822; x_wconf 89' lang='lat' dir='ltr'>limitatione,</span> <span class='ocrx_word' id='word_1_35' title='bbox 1094 744 1408 829; x_wconf 86' lang='lat' dir='ltr'>siquidem</span> <span class='ocrx_word' id='word_1_36' title='bbox 1440 744 1856 830; x_wconf 82' lang='lat' dir='ltr'>Magistratui</span> <span class='ocrx_word' id='word_1_37' title='bbox 1887 746 1973 811; x_wconf 88' lang='lat' dir='ltr'>sit</span> <span class='ocrx_word' id='word_1_38' title='bbox 1996 748 2042 813; x_wconf 78' lang='lat' dir='ltr'>8z</span> <span class='ocrx_word' id='word_1_39' title='bbox 2064 750 2347 829; x_wconf 89' lang='lat' dir='ltr'>potestas</span> <span class='ocrx_word' id='word_1_40' title='bbox 2379 748 2426 811; x_wconf 77' lang='grc'>81</span> <span class='ocrx_word' id='word_1_41' title='bbox 2448 746 2736 831; x_wconf 89' lang='lat' dir='ltr'>potentia</span> <span class='ocrx_word' id='word_1_42' title='bbox 2752 769 2858 811; x_wconf 90' lang='lat' dir='ltr'>eos</span> <span class='ocrx_word' id='word_1_43' title='bbox 2881 746 3085 832; x_wconf 91' lang='lat' dir='ltr'>impe-</span> 
     </span>
     <span class='ocr_line' id='line_1_6' title="bbox 161 832 3083 918; baseline 0.001 -22"><span class='ocrx_word' id='word_1_44' title='bbox 161 832 382 911; x_wconf 88' lang='lat' dir='ltr'>diendi,</span> <span class='ocrx_word' id='word_1_45' title='bbox 402 834 642 917; x_wconf 83' lang='lat' dir='ltr'>absque</span> <span class='ocrx_word' id='word_1_46' title='bbox 668 833 950 917; x_wconf 89' lang='lat' dir='ltr'>periculo</span> <span class='ocrx_word' id='word_1_47' title='bbox 977 832 1425 913; x_wconf 77' lang='lat' dir='ltr'>subversioniS,</span> <span class='ocrx_word' id='word_1_48' title='bbox 1459 838 1570 899; x_wconf 89' lang='lat' dir='ltr'>aut</span> <span class='ocrx_word' id='word_1_49' title='bbox 1603 834 2019 911; x_wconf 77' lang='lat' dir='ltr'>gravissimae</span> <span class='ocrx_word' id='word_1_50' title='bbox 2039 835 2467 900; x_wconf 81' lang='lat' dir='ltr'>concussionis</span> <span class='ocrx_word' id='word_1_51' title='bbox 2504 833 2935 918; x_wconf 83' lang='lat' dir='ltr'>Reipublicae.</span> <span class='ocrx_word' id='word_1_52' title='bbox 2984 834 3083 900; x_wconf 90' lang='lat' dir='ltr'>De</span> 
     </span>
     <span class='ocr_line' id='line_1_7' title="bbox 161 922 3085 1007; baseline 0.001 -22"><span class='ocrx_word' id='word_1_53' title='bbox 161 942 278 1004; x_wconf 90' lang='lat' dir='ltr'>qua</span> <span class='ocrx_word' id='word_1_54' title='bbox 315 922 700 987; x_wconf 73' lang='lat' dir='ltr'>limitatione</span> <span class='ocrx_word' id='word_1_55' title='bbox 745 922 813 985; x_wconf 93' lang='lat' dir='ltr'>in</span> <span class='ocrx_word' id='word_1_56' title='bbox 869 944 1102 1006; x_wconf 88' lang='lat' dir='ltr'>genere</span> <span class='ocrx_word' id='word_1_57' title='bbox 1148 922 1396 1006; x_wconf 82' lang='lat' dir='ltr'>egimus</span> <span class='ocrx_word' id='word_1_58' title='bbox 1451 923 1518 987; x_wconf 91' lang='lat' dir='ltr'>in</span> <span class='ocrx_word' id='word_1_59' title='bbox 1564 924 1730 1007; x_wconf 74' lang='lat' dir='ltr'>disp.</span> <span class='ocrx_word' id='word_1_60' title='bbox 1779 924 1855 989; x_wconf 78' lang='lat' dir='ltr'>de</span> <span class='ocrx_word' id='word_1_61' title='bbox 1900 923 2197 989; x_wconf 73' lang='lat' dir='ltr'>Libertate</span> <span class='ocrx_word' id='word_1_62' title='bbox 2220 924 2625 989; x_wconf 75' lang='lat' dir='ltr'>conscientiae</span> <span class='ocrx_word' id='word_1_63' title='bbox 2647 923 2759 990; x_wconf 62' lang='lat' dir='ltr'>(tc.</span> <span class='ocrx_word' id='word_1_64' title='bbox 2794 922 2919 988; x_wconf 86' lang='lat' dir='ltr'>Hic</span> <span class='ocrx_word' id='word_1_65' title='bbox 2946 946 3085 989; x_wconf 90' lang='lat' dir='ltr'>eam</span> 
     </span>
     <span class='ocr_line' id='line_1_8' title="bbox 163 1010 3087 1095; baseline 0.001 -20"><span class='ocrx_word' id='word_1_66' title='bbox 163 1011 380 1075; x_wconf 82' lang='lat' dir='ltr'>saltem</span> <span class='ocrx_word' id='word_1_67' title='bbox 417 1010 1020 1095; x_wconf 88' lang='lat' dir='ltr'>praesupponimus:</span> <span class='ocrx_word' id='word_1_68' title='bbox 1069 1010 1158 1075; x_wconf 90' lang='lat' dir='ltr'>Et</span> <span class='ocrx_word' id='word_1_69' title='bbox 1179 1012 1458 1075; x_wconf 88' lang='lat' dir='ltr'>rationes</span> <span class='ocrx_word' id='word_1_70' title='bbox 1483 1012 1641 1076; x_wconf 88' lang='lat' dir='ltr'>istas</span> <span class='ocrx_word' id='word_1_71' title='bbox 1664 1011 2030 1077; x_wconf 81' lang='lat' dir='ltr'>adferimus,</span> <span class='ocrx_word' id='word_1_72' title='bbox 2078 1011 2132 1077; x_wconf 90' lang='grc' dir='ltr'>Ι.</span> <span class='ocrx_word' id='word_1_73' title='bbox 2178 1011 2342 1089; x_wconf 84' lang='lat' dir='ltr'>Quia</span> <span class='ocrx_word' id='word_1_74' title='bbox 2388 1016 2485 1077; x_wconf 88' lang='lat' dir='ltr'>est</span> <span class='ocrx_word' id='word_1_75' title='bbox 2507 1012 2763 1077; x_wconf 87' lang='lat' dir='ltr'>funesta</span> <span class='ocrx_word' id='word_1_76' title='bbox 2783 1012 3087 1092; x_wconf 78' lang='lat' dir='ltr'>haeresiS,</span> 
     </span>
     <span class='ocr_line' id='line_1_9' title="bbox 156 1098 3080 1186; baseline 0.002 -25"><span class='ocrx_word' id='word_1_77' title='bbox 156 1098 314 1164; x_wconf 87' lang='lat' dir='ltr'>circa</span> <span class='ocrx_word' id='word_1_78' title='bbox 361 1099 566 1183; x_wconf 89' lang='lat' dir='ltr'>primo</span> <span class='ocrx_word' id='word_1_79' title='bbox 615 1099 894 1184; x_wconf 89' lang='lat' dir='ltr'>primum</span> <span class='ocrx_word' id='word_1_80' title='bbox 941 1099 1426 1164; x_wconf 88' lang='lat' dir='ltr'>fundamentum</span> <span class='ocrx_word' id='word_1_81' title='bbox 1473 1100 1549 1163; x_wconf 93' lang='lat' dir='ltr'>de</span> <span class='ocrx_word' id='word_1_82' title='bbox 1597 1099 1917 1165; x_wconf 84' lang='lat' dir='ltr'>Trinitate</span> <span class='ocrx_word' id='word_1_83' title='bbox 1950 1100 1996 1165; x_wconf 77' lang='grc'>81</span> <span class='ocrx_word' id='word_1_84' title='bbox 2022 1101 2189 1165; x_wconf 86' lang='lat' dir='ltr'>circa</span> <span class='ocrx_word' id='word_1_85' title='bbox 2221 1123 2557 1184; x_wconf 85' lang='lat' dir='ltr'>personam</span> <span class='ocrx_word' id='word_1_86' title='bbox 2585 1100 2827 1167; x_wconf 84' lang='lat' dir='ltr'>Christi</span> <span class='ocrx_word' id='word_1_87' title='bbox 2852 1124 2869 1166; x_wconf 74' lang='grc' dir='ltr'><em>τ</em></span> <span class='ocrx_word' id='word_1_88' title='bbox 2894 1102 3080 1186; x_wconf 88' lang='lat' dir='ltr'>atqui</span> 
     </span>
     <span class='ocr_line' id='line_1_10' title="bbox 160 1186 3085 1273; baseline 0.002 -24"><span class='ocrx_word' id='word_1_89' title='bbox 160 1188 385 1252; x_wconf 77' lang='lat' dir='ltr'>talibus</span> <span class='ocrx_word' id='word_1_90' title='bbox 408 1188 780 1253; x_wconf 87' lang='lat' dir='ltr'>haeresibus</span> <span class='ocrx_word' id='word_1_91' title='bbox 803 1186 1170 1253; x_wconf 87' lang='lat' dir='ltr'>libertatem</span> <span class='ocrx_word' id='word_1_92' title='bbox 1195 1210 1307 1251; x_wconf 89' lang='lat' dir='ltr'>seu</span> <span class='ocrx_word' id='word_1_93' title='bbox 1353 1188 1677 1253; x_wconf 86' lang='lat' dir='ltr'>licentiam</span> <span class='ocrx_word' id='word_1_94' title='bbox 1703 1211 1828 1252; x_wconf 92' lang='lat' dir='ltr'>non</span> <span class='ocrx_word' id='word_1_95' title='bbox 1854 1212 1991 1253; x_wconf 89' lang='lat' dir='ltr'>esse</span> <span class='ocrx_word' id='word_1_96' title='bbox 2016 1189 2496 1267; x_wconf 84' lang='lat' dir='ltr'>concedendam,</span> <span class='ocrx_word' id='word_1_97' title='bbox 2522 1192 2594 1254; x_wconf 91' lang='lat' dir='ltr'>ut</span> <span class='ocrx_word' id='word_1_98' title='bbox 2618 1194 2993 1273; x_wconf 86' lang='lat' dir='ltr'>grassentur</span> <span class='ocrx_word' id='word_1_99' title='bbox 3016 1190 3085 1254; x_wconf 93' lang='lat' dir='ltr'>in</span> 
     </span>
     <span class='ocr_line' id='line_1_11' title="bbox 165 1274 3076 1361; baseline 0.001 -22"><span class='ocrx_word' id='word_1_100' title='bbox 165 1276 494 1358; x_wconf 85' lang='lat' dir='ltr'>perniciem</span> <span class='ocrx_word' id='word_1_101' title='bbox 535 1276 810 1341; x_wconf 90' lang='lat' dir='ltr'>nominis</span> <span class='ocrx_word' id='word_1_102' title='bbox 834 1274 1209 1354; x_wconf 82' lang='lat' dir='ltr'>Christiani,</span> <span class='ocrx_word' id='word_1_103' title='bbox 1243 1276 1662 1361; x_wconf 85' lang='lat' dir='ltr'>ignominiam</span> <span class='ocrx_word' id='word_1_104' title='bbox 1685 1276 1963 1341; x_wconf 89' lang='lat' dir='ltr'>nominis</span> <span class='ocrx_word' id='word_1_105' title='bbox 1988 1277 2205 1353; x_wconf 86' lang='lat' dir='ltr'>divini,</span> <span class='ocrx_word' id='word_1_106' title='bbox 2233 1278 2662 1342; x_wconf 86' lang='lat' dir='ltr'>seductionem</span> <span class='ocrx_word' id='word_1_107' title='bbox 2695 1278 3076 1357; x_wconf 87' lang='lat' dir='ltr'>animarum,</span> 
     </span>
     <span class='ocr_line' id='line_1_12' title="bbox 162 1364 3081 1450; baseline 0.001 -22"><span class='ocrx_word' id='word_1_108' title='bbox 162 1366 690 1447; x_wconf 88' lang='lat' dir='ltr'>perturbationem</span> <span class='ocrx_word' id='word_1_109' title='bbox 740 1364 1062 1443; x_wconf 87' lang='lat' dir='ltr'>ecclesiae,</span> <span class='ocrx_word' id='word_1_110' title='bbox 1111 1367 1157 1431; x_wconf 75' lang='grc'>81</span> <span class='ocrx_word' id='word_1_111' title='bbox 1205 1370 1664 1448; x_wconf 86' lang='lat' dir='ltr'>consequenter</span> <span class='ocrx_word' id='word_1_112' title='bbox 1693 1364 2127 1450; x_wconf 85' lang='lat' dir='ltr'>Reipublicae,</span> <span class='ocrx_word' id='word_1_113' title='bbox 2156 1366 2385 1430; x_wconf 87' lang='lat' dir='ltr'>statuit</span> <span class='ocrx_word' id='word_1_114' title='bbox 2408 1366 2741 1431; x_wconf 83' lang='lat' dir='ltr'>universus</span> <span class='ocrx_word' id='word_1_115' title='bbox 2766 1366 3081 1431; x_wconf 88' lang='lat' dir='ltr'>Christia-</span> 
     </span>
     <span class='ocr_line' id='line_1_13' title="bbox 161 1453 3086 1539; baseline 0.001 -23"><span class='ocrx_word' id='word_1_116' title='bbox 161 1453 390 1517; x_wconf 88' lang='lat' dir='ltr'>nismus</span> <span class='ocrx_word' id='word_1_117' title='bbox 435 1457 570 1518; x_wconf 90' lang='lat' dir='ltr'>tam</span> <span class='ocrx_word' id='word_1_118' title='bbox 619 1453 980 1539; x_wconf 86' lang='lat' dir='ltr'>theologice</span> <span class='ocrx_word' id='word_1_119' title='bbox 1029 1475 1222 1537; x_wconf 89' lang='lat' dir='ltr'>quam</span> <span class='ocrx_word' id='word_1_120' title='bbox 1253 1454 1543 1537; x_wconf 76' lang='lat' dir='ltr'>politice:</span> <span class='ocrx_word' id='word_1_121' title='bbox 1576 1454 1754 1538; x_wconf 85' lang='lat' dir='ltr'>cujus</span> <span class='ocrx_word' id='word_1_122' title='bbox 1785 1455 2103 1519; x_wconf 88' lang='lat' dir='ltr'>sententia</span> <span class='ocrx_word' id='word_1_123' title='bbox 2128 1476 2205 1519; x_wconf 85' lang='lat' dir='ltr'>ex</span> <span class='ocrx_word' id='word_1_124' title='bbox 2250 1454 2600 1537; x_wconf 84' lang='lat' dir='ltr'>scripturae</span> <span class='ocrx_word' id='word_1_125' title='bbox 2624 1454 3011 1520; x_wconf 89' lang='lat' dir='ltr'>testimoniis</span> <span class='ocrx_word' id='word_1_126' title='bbox 3038 1455 3086 1520; x_wconf 67' lang='grc' dir='ltr'>ἃ</span> 
     </span>
     <span class='ocr_line' id='line_1_14' title="bbox 161 1541 3082 1629; baseline 0.002 -25"><span class='ocrx_word' id='word_1_127' title='bbox 161 1542 501 1607; x_wconf 83' lang='lat' dir='ltr'>rationibus</span> <span class='ocrx_word' id='word_1_128' title='bbox 540 1542 607 1606; x_wconf 90' lang='lat' dir='ltr'>in</span> <span class='ocrx_word' id='word_1_129' title='bbox 654 1564 886 1628; x_wconf 87' lang='lat' dir='ltr'>genere</span> <span class='ocrx_word' id='word_1_130' title='bbox 911 1541 957 1606; x_wconf 77' lang='grc'>81</span> <span class='ocrx_word' id='word_1_131' title='bbox 983 1564 1062 1607; x_wconf 83' lang='lat' dir='ltr'>ex</span> <span class='ocrx_word' id='word_1_132' title='bbox 1085 1542 1370 1626; x_wconf 88' lang='lat' dir='ltr'>professo</span> <span class='ocrx_word' id='word_1_133' title='bbox 1402 1542 1763 1607; x_wconf 87' lang='lat' dir='ltr'>defenditur</span> <span class='ocrx_word' id='word_1_134' title='bbox 1793 1542 1861 1606; x_wconf 93' lang='lat' dir='ltr'>in</span> <span class='ocrx_word' id='word_1_135' title='bbox 1885 1542 2003 1608; x_wconf 91' lang='lat' dir='ltr'>loc.</span> <span class='ocrx_word' id='word_1_136' title='bbox 2030 1565 2255 1607; x_wconf 89' lang='lat' dir='ltr'>comm.</span> <span class='ocrx_word' id='word_1_137' title='bbox 2284 1564 2475 1627; x_wconf 88' lang='lat' dir='ltr'>supra</span> <span class='ocrx_word' id='word_1_138' title='bbox 2506 1543 2611 1608; x_wconf 91' lang='lat' dir='ltr'>cit.</span> <span class='ocrx_word' id='word_1_139' title='bbox 2639 1542 2715 1608; x_wconf 91' lang='lat' dir='ltr'>In</span> <span class='ocrx_word' id='word_1_140' title='bbox 2739 1542 3082 1629; x_wconf 83' lang='lat' dir='ltr'>hypothesi</span> 
     </span>
     <span class='ocr_line' id='line_1_15' title="bbox 163 1628 3084 1717; baseline 0.002 -25"><span class='ocrx_word' id='word_1_141' title='bbox 163 1628 260 1694; x_wconf 90' lang='lat' dir='ltr'>hic</span> <span class='ocrx_word' id='word_1_142' title='bbox 289 1633 536 1695; x_wconf 88' lang='lat' dir='ltr'>tantum</span> <span class='ocrx_word' id='word_1_143' title='bbox 583 1631 1082 1695; x_wconf 87' lang='lat' dir='ltr'>subsumendum</span> <span class='ocrx_word' id='word_1_144' title='bbox 1130 1635 1244 1705; x_wconf 89' lang='lat' dir='ltr'>est,</span> <span class='ocrx_word' id='word_1_145' title='bbox 1280 1628 1651 1695; x_wconf 89' lang='lat' dir='ltr'>Socinianas</span> <span class='ocrx_word' id='word_1_146' title='bbox 1684 1630 1977 1696; x_wconf 88' lang='lat' dir='ltr'>haereses</span> <span class='ocrx_word' id='word_1_147' title='bbox 2011 1653 2147 1696; x_wconf 89' lang='lat' dir='ltr'>esse</span> <span class='ocrx_word' id='word_1_148' title='bbox 2173 1631 2371 1696; x_wconf 90' lang='lat' dir='ltr'>tales:</span> <span class='ocrx_word' id='word_1_149' title='bbox 2398 1632 2566 1715; x_wconf 92' lang='lat' dir='ltr'>quod</span> <span class='ocrx_word' id='word_1_150' title='bbox 2589 1632 2944 1697; x_wconf 89' lang='lat' dir='ltr'>rationibus</span> <span class='ocrx_word' id='word_1_151' title='bbox 2967 1654 3084 1717; x_wconf 89' lang='lat' dir='ltr'>pro</span> 
     </span>
     <span class='ocr_line' id='line_1_16' title="bbox 163 1718 3081 1805; baseline 0.001 -24"><span class='ocrx_word' id='word_1_152' title='bbox 163 1719 522 1783; x_wconf 86' lang='lat' dir='ltr'>necessitate</span> <span class='ocrx_word' id='word_1_153' title='bbox 598 1722 644 1786; x_wconf 79' lang='grc'>81</span> <span class='ocrx_word' id='word_1_154' title='bbox 707 1719 988 1784; x_wconf 87' lang='lat' dir='ltr'>utilitate</span> <span class='ocrx_word' id='word_1_155' title='bbox 1053 1719 1371 1804; x_wconf 86' lang='lat' dir='ltr'>dogmatis</span> <span class='ocrx_word' id='word_1_156' title='bbox 1434 1720 1510 1785; x_wconf 92' lang='lat' dir='ltr'>de</span> <span class='ocrx_word' id='word_1_157' title='bbox 1557 1718 1876 1784; x_wconf 87' lang='lat' dir='ltr'>Trinitate</span> <span class='ocrx_word' id='word_1_158' title='bbox 1926 1720 2141 1784; x_wconf 87' lang='lat' dir='ltr'>allatis</span> <span class='ocrx_word' id='word_1_159' title='bbox 2190 1719 2345 1785; x_wconf 88' lang='lat' dir='ltr'>satis</span> <span class='ocrx_word' id='word_1_160' title='bbox 2398 1721 2739 1805; x_wconf 89' lang='lat' dir='ltr'>probatum</span> <span class='ocrx_word' id='word_1_161' title='bbox 2784 1722 3081 1786; x_wconf 86' lang='lat' dir='ltr'>arbitror.</span> 
     </span>
     <span class='ocr_line' id='line_1_17' title="bbox 165 1804 3082 1893; baseline 0.002 -25"><span class='ocrx_word' id='word_1_162' title='bbox 165 1804 243 1869; x_wconf 84' lang='lat'>11.</span> <span class='ocrx_word' id='word_1_163' title='bbox 289 1804 446 1881; x_wconf 85' lang='lat' dir='ltr'>Quia</span> <span class='ocrx_word' id='word_1_164' title='bbox 493 1812 594 1872; x_wconf 90' lang='lat' dir='ltr'>est</span> <span class='ocrx_word' id='word_1_165' title='bbox 637 1804 884 1879; x_wconf 77' lang='grc' dir='ltr'><strong><em>ὄισέβεικ</em></strong></span> <span class='ocrx_word' id='word_1_166' title='bbox 916 1808 1235 1892; x_wconf 84' lang='lat' dir='ltr'>impietas,</span> <span class='ocrx_word' id='word_1_167' title='bbox 1261 1808 1594 1892; x_wconf 89' lang='lat' dir='ltr'>conjuncta</span> <span class='ocrx_word' id='word_1_168' title='bbox 1621 1830 1764 1873; x_wconf 90' lang='lat' dir='ltr'>cum</span> <span class='ocrx_word' id='word_1_169' title='bbox 1795 1808 2128 1873; x_wconf 90' lang='lat' dir='ltr'>horrendis</span> <span class='ocrx_word' id='word_1_170' title='bbox 2152 1808 2589 1892; x_wconf 82' lang='lat' dir='ltr'>blasphemiis,</span> <span class='ocrx_word' id='word_1_171' title='bbox 2614 1808 2972 1893; x_wconf 89' lang='lat' dir='ltr'>ubicunque</span> <span class='ocrx_word' id='word_1_172' title='bbox 2996 1831 3082 1875; x_wconf 91' lang='lat' dir='ltr'>sc.</span> 
     </span>
     <span class='ocr_line' id='line_1_18' title="bbox 165 1894 3087 1983; baseline 0.002 -26"><span class='ocrx_word' id='word_1_173' title='bbox 165 1894 410 1960; x_wconf 87' lang='lat' dir='ltr'>libertas</span> <span class='ocrx_word' id='word_1_174' title='bbox 439 1896 882 1980; x_wconf 88' lang='lat' dir='ltr'>prophetandi,</span> <span class='ocrx_word' id='word_1_175' title='bbox 909 1896 956 1961; x_wconf 79' lang='lat'><strong>&amp;</strong></span> <span class='ocrx_word' id='word_1_176' title='bbox 985 1918 1100 1961; x_wconf 87' lang='lat' dir='ltr'>sua</span> <span class='ocrx_word' id='word_1_177' title='bbox 1123 1896 1466 1961; x_wconf 89' lang='lat' dir='ltr'>secundum</span> <span class='ocrx_word' id='word_1_178' title='bbox 1491 1919 1735 1962; x_wconf 89' lang='lat' dir='ltr'>morem</span> <span class='ocrx_word' id='word_1_179' title='bbox 1766 1918 1840 1962; x_wconf 88' lang='lat' dir='ltr'>ac</span> <span class='ocrx_word' id='word_1_180' title='bbox 1866 1897 2230 1961; x_wconf 89' lang='lat' dir='ltr'>methodum</span> <span class='ocrx_word' id='word_1_181' title='bbox 2252 1894 2874 1963; x_wconf 84' lang='lat' dir='ltr'>Remonstranticam</span> <span class='ocrx_word' id='word_1_182' title='bbox 2896 1901 3087 1983; x_wconf 90' lang='lat' dir='ltr'>prout</span> 
     </span>
     <span class='ocr_line' id='line_1_19' title="bbox 169 1982 3087 2071; baseline -0.001 -24"><span class='ocrx_word' id='word_1_183' title='bbox 169 1982 356 2048; x_wconf 74' lang='lat' dir='ltr'>visum</span> <span class='ocrx_word' id='word_1_184' title='bbox 379 1984 576 2049; x_wconf 89' lang='lat' dir='ltr'>fuerit</span> <span class='ocrx_word' id='word_1_185' title='bbox 601 1988 648 2051; x_wconf 68' lang='grc'>81</span> <span class='ocrx_word' id='word_1_186' title='bbox 672 2007 749 2049; x_wconf 79' lang='lat' dir='ltr'>ex</span> <span class='ocrx_word' id='word_1_187' title='bbox 773 2008 925 2050; x_wconf 88' lang='lat' dir='ltr'>suae</span> <span class='ocrx_word' id='word_1_188' title='bbox 957 1984 1378 2050; x_wconf 85' lang='lat' dir='ltr'>conscientiae</span> <span class='ocrx_word' id='word_1_189' title='bbox 1412 1986 1753 2050; x_wconf 88' lang='lat' dir='ltr'>dictamine</span> <span class='ocrx_word' id='word_1_190' title='bbox 1777 1986 2187 2071; x_wconf 89' lang='lat' dir='ltr'>proponendi,</span> <span class='ocrx_word' id='word_1_191' title='bbox 2214 1985 2483 2069; x_wconf 88' lang='lat' dir='ltr'>urgendi</span> <span class='ocrx_word' id='word_1_192' title='bbox 2508 1990 3017 2060; x_wconf 63' lang='lat' dir='ltr'>&amp;vammwmffiq</span> <span class='ocrx_word' id='word_1_193' title='bbox 3039 1987 3087 2052; x_wconf 69' lang='grc'>81</span> 
     </span>
     <span class='ocr_line' id='line_1_20' title="bbox 171 2072 3086 2159; baseline 0.003 -30"><span class='ocrx_word' id='word_1_194' title='bbox 171 2080 717 2147; x_wconf 69' lang='grc' dir='ltr'><strong><em>κατασκευαστικὼς</em></strong></span> <span class='ocrx_word' id='word_1_195' title='bbox 760 2074 1126 2138; x_wconf 89' lang='lat' dir='ltr'>obtinuerit.</span> <span class='ocrx_word' id='word_1_196' title='bbox 1153 2074 1468 2157; x_wconf 85' lang='lat' dir='ltr'>Exempla</span> <span class='ocrx_word' id='word_1_197' title='bbox 1493 2074 2036 2159; x_wconf 89' lang='lat' dir='ltr'>blasphemiarum</span> <span class='ocrx_word' id='word_1_198' title='bbox 2063 2072 2331 2149; x_wconf 82' lang='lat' dir='ltr'>Serveti,</span> <span class='ocrx_word' id='word_1_199' title='bbox 2358 2076 2403 2139; x_wconf 79' lang='grc'>81</span> <span class='ocrx_word' id='word_1_200' title='bbox 2428 2072 2869 2138; x_wconf 87' lang='lat' dir='ltr'>Ministrorum</span> <span class='ocrx_word' id='word_1_201' title='bbox 2894 2074 3086 2139; x_wconf 87' lang='lat' dir='ltr'>Anti-</span> 
     </span>
     <span class='ocr_line' id='line_1_21' title="bbox 171 2158 3081 2247; baseline 0.001 -24"><span class='ocrx_word' id='word_1_202' title='bbox 171 2158 456 2227; x_wconf 84' lang='lat' dir='ltr'>Trinitar.</span> <span class='ocrx_word' id='word_1_203' title='bbox 511 2162 580 2226; x_wconf 93' lang='lat' dir='ltr'>in</span> <span class='ocrx_word' id='word_1_204' title='bbox 627 2160 1145 2247; x_wconf 82' lang='lat' dir='ltr'>Transsylvania,</span> <span class='ocrx_word' id='word_1_205' title='bbox 1194 2164 1239 2227; x_wconf 72' lang='grc'>81</span> <span class='ocrx_word' id='word_1_206' title='bbox 1287 2162 1594 2227; x_wconf 89' lang='lat' dir='ltr'>similium</span> <span class='ocrx_word' id='word_1_207' title='bbox 1625 2162 1784 2227; x_wconf 90' lang='lat' dir='ltr'>satis</span> <span class='ocrx_word' id='word_1_208' title='bbox 1813 2166 1969 2227; x_wconf 87' lang='lat' dir='ltr'>nota</span> <span class='ocrx_word' id='word_1_209' title='bbox 2001 2166 2168 2240; x_wconf 89' lang='lat' dir='ltr'>sunt,</span> <span class='ocrx_word' id='word_1_210' title='bbox 2195 2183 2357 2245; x_wconf 87' lang='lat' dir='ltr'>quae</span> <span class='ocrx_word' id='word_1_211' title='bbox 2390 2162 2627 2246; x_wconf 84' lang='lat' dir='ltr'>legant,</span> <span class='ocrx_word' id='word_1_212' title='bbox 2658 2162 2768 2245; x_wconf 91' lang='lat' dir='ltr'>qui</span> <span class='ocrx_word' id='word_1_213' title='bbox 2785 2168 3081 2246; x_wconf 69' lang='lat' dir='ltr'>possunt:</span> 
     </span>
     <span class='ocr_line' id='line_1_22' title="bbox 173 2249 3083 2338; baseline 0.001 -27"><span class='ocrx_word' id='word_1_214' title='bbox 173 2271 356 2334; x_wconf 86' lang='lat' dir='ltr'>neque</span> <span class='ocrx_word' id='word_1_215' title='bbox 401 2252 575 2316; x_wconf 91' lang='lat' dir='ltr'>enim</span> <span class='ocrx_word' id='word_1_216' title='bbox 627 2249 942 2315; x_wconf 89' lang='lat' dir='ltr'>horrenda</span> <span class='ocrx_word' id='word_1_217' title='bbox 987 2251 1102 2315; x_wconf 89' lang='lat' dir='ltr'>illa</span> <span class='ocrx_word' id='word_1_218' title='bbox 1156 2249 1392 2316; x_wconf 87' lang='lat' dir='ltr'>referre</span> <span class='ocrx_word' id='word_1_219' title='bbox 1441 2250 1568 2315; x_wconf 86' lang='lat' dir='ltr'>fert</span> <span class='ocrx_word' id='word_1_220' title='bbox 1593 2251 1842 2315; x_wconf 88' lang='lat' dir='ltr'>animus</span> <span class='ocrx_word' id='word_1_221' title='bbox 1866 2249 1991 2316; x_wconf 90' lang='lat' dir='ltr'>nisi</span> <span class='ocrx_word' id='word_1_222' title='bbox 2032 2272 2281 2315; x_wconf 89' lang='lat' dir='ltr'>summa</span> <span class='ocrx_word' id='word_1_223' title='bbox 2303 2250 2682 2315; x_wconf 85' lang='lat' dir='ltr'>necessitate</span> <span class='ocrx_word' id='word_1_224' title='bbox 2708 2251 2889 2335; x_wconf 89' lang='lat' dir='ltr'>[pag.</span> <span class='ocrx_word' id='word_1_225' title='bbox 2918 2250 3083 2338; x_wconf 82' lang='lat'>502]</span> 
     </span>
     <span class='ocr_line' id='line_1_23' title="bbox 169 2338 3075 2420; baseline 0.001 -19"><span class='ocrx_word' id='word_1_226' title='bbox 169 2344 432 2420; x_wconf 77' lang='lat' dir='ltr'>urgente.</span> <span class='ocrx_word' id='word_1_227' title='bbox 465 2338 630 2404; x_wconf 91' lang='lat' dir='ltr'>Vide</span> <span class='ocrx_word' id='word_1_228' title='bbox 669 2340 912 2405; x_wconf 80' lang='lat' dir='ltr'>Calvini</span> <span class='ocrx_word' id='word_1_229' title='bbox 956 2338 1388 2403; x_wconf 85' lang='lat' dir='ltr'>defensionem</span> <span class='ocrx_word' id='word_1_230' title='bbox 1411 2344 1630 2403; x_wconf 88' lang='lat' dir='ltr'>contra</span> <span class='ocrx_word' id='word_1_231' title='bbox 1653 2338 2007 2404; x_wconf 82' lang='lat' dir='ltr'>Servetum.</span> <span class='ocrx_word' id='word_1_232' title='bbox 2032 2338 2152 2404; x_wconf 92' lang='lat' dir='ltr'>III.</span> <span class='ocrx_word' id='word_1_233' title='bbox 2177 2338 2341 2416; x_wconf 81' lang='lat' dir='ltr'>Quia</span> <span class='ocrx_word' id='word_1_234' title='bbox 2365 2342 2461 2403; x_wconf 90' lang='lat' dir='ltr'>est</span> <span class='ocrx_word' id='word_1_235' title='bbox 2484 2338 2846 2402; x_wconf 85' lang='lat' dir='ltr'>idololatria</span> <span class='ocrx_word' id='word_1_236' title='bbox 2870 2338 3075 2404; x_wconf 91' lang='lat' dir='ltr'>multo</span> 
     </span>
     <span class='ocr_line' id='line_1_24' title="bbox 171 2426 3080 2514; baseline 0.001 -24"><span class='ocrx_word' id='word_1_237' title='bbox 171 2427 499 2493; x_wconf 78' lang='lat' dir='ltr'>evidentior</span> <span class='ocrx_word' id='word_1_238' title='bbox 544 2428 593 2494; x_wconf 66' lang='lat'>8:</span> <span class='ocrx_word' id='word_1_239' title='bbox 637 2427 845 2513; x_wconf 89' lang='lat' dir='ltr'>magis</span> <span class='ocrx_word' id='word_1_240' title='bbox 868 2428 1219 2493; x_wconf 89' lang='lat' dir='ltr'>theoretica</span> <span class='ocrx_word' id='word_1_241' title='bbox 1243 2429 1288 2494; x_wconf 81' lang='lat'>&amp;</span> <span class='ocrx_word' id='word_1_242' title='bbox 1311 2450 1368 2493; x_wconf 91' lang='grc'>01</span> <span class='ocrx_word' id='word_1_243' title='bbox 1379 2450 1528 2510; x_wconf 70' lang='lat' dir='ltr'>assa¹</span> <span class='ocrx_word' id='word_1_244' title='bbox 1546 2451 1738 2513; x_wconf 89' lang='lat' dir='ltr'>quam</span> <span class='ocrx_word' id='word_1_245' title='bbox 1764 2451 1862 2494; x_wconf 83' lang='lat' dir='ltr'>ex.</span> <span class='ocrx_word' id='word_1_246' title='bbox 1888 2450 1987 2514; x_wconf 89' lang='lat' dir='ltr'>gr.</span> <span class='ocrx_word' id='word_1_247' title='bbox 2012 2432 2111 2494; x_wconf 92' lang='lat' dir='ltr'>est</span> <span class='ocrx_word' id='word_1_248' title='bbox 2133 2426 2448 2493; x_wconf 81' lang='lat' dir='ltr'>invocatio</span> <span class='ocrx_word' id='word_1_249' title='bbox 2476 2426 2717 2493; x_wconf 88' lang='lat' dir='ltr'>Mariae</span> <span class='ocrx_word' id='word_1_250' title='bbox 2749 2426 2797 2492; x_wconf 66' lang='grc' dir='ltr'><strong>ἃ</strong></span> <span class='ocrx_word' id='word_1_251' title='bbox 2828 2430 3080 2494; x_wconf 89' lang='lat' dir='ltr'>sancto-</span> 
     </span>
    </p>
   </div>
   <div class='ocr_carea' id='block_1_3' title="bbox 46 2515 3111 3044">
    <p class='ocr_par' dir='ltr' id='par_1_3' title="bbox 46 2515 3111 2779">
     <span class='ocr_line' id='line_1_25' title="bbox 46 2515 3084 2602; baseline 0.001 -22"><span class='ocrx_word' id='word_1_252' title='bbox 46 2559 48 2580; x_wconf 85' lang='lat'>.</span> <span class='ocrx_word' id='word_1_253' title='bbox 173 2536 296 2580; x_wconf 90' lang='lat' dir='ltr'>rum</span> <span class='ocrx_word' id='word_1_254' title='bbox 342 2517 408 2581; x_wconf 91' lang='lat' dir='ltr'>in</span> <span class='ocrx_word' id='word_1_255' title='bbox 445 2521 722 2602; x_wconf 87' lang='lat' dir='ltr'>papatu:</span> <span class='ocrx_word' id='word_1_256' title='bbox 775 2517 891 2581; x_wconf 89' lang='lat' dir='ltr'>illa</span> <span class='ocrx_word' id='word_1_257' title='bbox 936 2517 1108 2581; x_wconf 89' lang='lat' dir='ltr'>enim</span> <span class='ocrx_word' id='word_1_258' title='bbox 1152 2520 1288 2581; x_wconf 88' lang='lat' dir='ltr'>tam</span> <span class='ocrx_word' id='word_1_259' title='bbox 1335 2539 1545 2582; x_wconf 89' lang='lat' dir='ltr'>crasse</span> <span class='ocrx_word' id='word_1_260' title='bbox 1591 2539 1718 2582; x_wconf 91' lang='lat' dir='ltr'>non</span> <span class='ocrx_word' id='word_1_261' title='bbox 1745 2517 2006 2582; x_wconf 88' lang='lat' dir='ltr'>abducit</span> <span class='ocrx_word' id='word_1_262' title='bbox 2035 2517 2114 2582; x_wconf 88' lang='lat' dir='ltr'>ad</span> <span class='ocrx_word' id='word_1_263' title='bbox 2138 2517 2419 2582; x_wconf 89' lang='lat' dir='ltr'>alienum</span> <span class='ocrx_word' id='word_1_264' title='bbox 2444 2515 2674 2595; x_wconf 89' lang='lat' dir='ltr'>Deum,</span> <span class='ocrx_word' id='word_1_265' title='bbox 2709 2539 2903 2601; x_wconf 89' lang='lat' dir='ltr'>quam</span> <span class='ocrx_word' id='word_1_266' title='bbox 2924 2516 3084 2583; x_wconf 89' lang='lat' dir='ltr'>haec</span> 
     </span>
     <span class='ocr_line' id='line_1_26' title="bbox 46 2601 3111 2690; baseline -0.001 -21"><span class='ocrx_word' id='word_1_267' title='bbox 46 2611 48 2656; x_wconf 63' lang='grc' dir='ltr'><strong>ἐ</strong></span> <span class='ocrx_word' id='word_1_268' title='bbox 173 2601 516 2670; x_wconf 89' lang='lat' dir='ltr'>Sociniana:</span> <span class='ocrx_word' id='word_1_269' title='bbox 565 2605 746 2690; x_wconf 89' lang='lat' dir='ltr'>atqui</span> <span class='ocrx_word' id='word_1_270' title='bbox 790 2606 1228 2671; x_wconf 86' lang='lat' dir='ltr'>seductoribus</span> <span class='ocrx_word' id='word_1_271' title='bbox 1271 2605 1463 2670; x_wconf 88' lang='lat' dir='ltr'>idolol</span> <span class='ocrx_word' id='word_1_272' title='bbox 1473 2606 1688 2672; x_wconf 88' lang='lat' dir='ltr'>atricis</span> <span class='ocrx_word' id='word_1_273' title='bbox 1722 2606 2050 2671; x_wconf 89' lang='lat' dir='ltr'>licentium</span> <span class='ocrx_word' id='word_1_274' title='bbox 2075 2606 2554 2684; x_wconf 87' lang='lat' dir='ltr'>concedendam,</span> <span class='ocrx_word' id='word_1_275' title='bbox 2580 2627 2705 2669; x_wconf 90' lang='lat' dir='ltr'>non</span> <span class='ocrx_word' id='word_1_276' title='bbox 2731 2609 2981 2670; x_wconf 89' lang='lat' dir='ltr'>constat</span> <span class='ocrx_word' id='word_1_277' title='bbox 3008 2627 3111 2671; x_wconf 85' lang='lat' dir='ltr'>ex.</span> 
     </span>
     <span class='ocr_line' id='line_1_27' title="bbox 46 2692 3077 2779; baseline 0.001 -23"><span class='ocrx_word' id='word_1_278' title='bbox 46 2715 48 2774; x_wconf 64' lang='lat' dir='ltr'>j</span> <span class='ocrx_word' id='word_1_279' title='bbox 173 2694 346 2758; x_wconf 80' lang='lat' dir='ltr'>sacris</span> <span class='ocrx_word' id='word_1_280' title='bbox 369 2694 594 2772; x_wconf 73' lang='lat' dir='ltr'>literis,</span> <span class='ocrx_word' id='word_1_281' title='bbox 621 2695 850 2759; x_wconf 90' lang='lat' dir='ltr'>saltem</span> <span class='ocrx_word' id='word_1_282' title='bbox 871 2717 1000 2758; x_wconf 91' lang='lat' dir='ltr'>non</span> <span class='ocrx_word' id='word_1_283' title='bbox 1030 2716 1109 2758; x_wconf 84' lang='lat' dir='ltr'>ex</span> <span class='ocrx_word' id='word_1_284' title='bbox 1141 2695 1328 2760; x_wconf 76' lang='lat' dir='ltr'>Deul.</span> <span class='ocrx_word' id='word_1_285' title='bbox 1367 2696 1458 2758; x_wconf 85' lang='grc'>13.</span> <span class='ocrx_word' id='word_1_286' title='bbox 1485 2717 1602 2760; x_wconf 84' lang='grc'><strong>1100</strong></span> <span class='ocrx_word' id='word_1_287' title='bbox 1625 2694 1749 2779; x_wconf 92' lang='lat' dir='ltr'>ipsi</span> <span class='ocrx_word' id='word_1_288' title='bbox 1777 2693 2139 2760; x_wconf 80' lang='lat' dir='ltr'>Remonstr.</span> <span class='ocrx_word' id='word_1_289' title='bbox 2192 2693 2409 2758; x_wconf 86' lang='lat' dir='ltr'>velint.</span> <span class='ocrx_word' id='word_1_290' title='bbox 2443 2692 2559 2757; x_wconf 92' lang='lat' dir='ltr'>IV.</span> <span class='ocrx_word' id='word_1_291' title='bbox 2584 2693 2751 2771; x_wconf 86' lang='lat' dir='ltr'>Quia</span> <span class='ocrx_word' id='word_1_292' title='bbox 2781 2715 3077 2778; x_wconf 88' lang='lat' dir='ltr'>sequere-</span> 
     </span>
    </p>

    <p class='ocr_par' dir='ltr' id='par_1_4' title="bbox 46 2781 3085 3044">
     <span class='ocr_line' id='line_1_28' title="bbox 46 2781 3085 2867; baseline 0.001 -23"><span class='ocrx_word' id='word_1_293' title='bbox 46 2835 48 2844; x_wconf 93' lang='lat'>.</span> <span class='ocrx_word' id='word_1_294' title='bbox 173 2783 264 2844; x_wconf 86' lang='lat' dir='ltr'>tur</span> <span class='ocrx_word' id='word_1_295' title='bbox 289 2783 352 2846; x_wconf 92' lang='lat' dir='ltr'>in</span> <span class='ocrx_word' id='word_1_296' title='bbox 375 2783 670 2847; x_wconf 89' lang='lat' dir='ltr'>omnibus</span> <span class='ocrx_word' id='word_1_297' title='bbox 695 2782 1078 2848; x_wconf 86' lang='lat' dir='ltr'>Christianis</span> <span class='ocrx_word' id='word_1_298' title='bbox 1113 2782 1360 2848; x_wconf 90' lang='lat' dir='ltr'>Politiis</span> <span class='ocrx_word' id='word_1_299' title='bbox 1388 2783 1713 2847; x_wconf 80' lang='lat' dir='ltr'>licentiam</span> <span class='ocrx_word' id='word_1_300' title='bbox 1737 2783 1921 2848; x_wconf 90' lang='lat' dir='ltr'>illam</span> <span class='ocrx_word' id='word_1_301' title='bbox 1946 2783 2407 2848; x_wconf 85' lang='lat' dir='ltr'>concedendam</span> <span class='ocrx_word' id='word_1_302' title='bbox 2438 2781 2854 2859; x_wconf 86' lang='lat' dir='ltr'>Manichaeis,</span> <span class='ocrx_word' id='word_1_303' title='bbox 2888 2781 3085 2867; x_wconf 89' lang='lat' dir='ltr'>Ophi·</span> 
     </span>
     <span class='ocr_line' id='line_1_29' title="bbox 46 2868 3081 2958; baseline 0.001 -25"><span class='ocrx_word' id='word_1_304' title='bbox 46 2927 48 2958; x_wconf 48' lang='lat'>,</span> <span class='ocrx_word' id='word_1_305' title='bbox 173 2868 265 2942; x_wconf 80' lang='lat' dir='ltr'>tis,</span> <span class='ocrx_word' id='word_1_306' title='bbox 305 2869 710 2948; x_wconf 89' lang='lat' dir='ltr'>Simonianis,</span> <span class='ocrx_word' id='word_1_307' title='bbox 757 2869 1103 2948; x_wconf 75' lang='lat' dir='ltr'>SethianiS,</span> <span class='ocrx_word' id='word_1_308' title='bbox 1138 2870 1491 2949; x_wconf 75' lang='lat' dir='ltr'>CoelicoliS,</span> <span class='ocrx_word' id='word_1_309' title='bbox 1519 2870 1995 2936; x_wconf 84' lang='lat' dir='ltr'>Valentinianis</span> <span class='ocrx_word' id='word_1_310' title='bbox 2032 2871 2230 2936; x_wconf 90' lang='lat' dir='ltr'>immo</span> <span class='ocrx_word' id='word_1_311' title='bbox 2253 2871 2300 2934; x_wconf 77' lang='grc'>81</span> <span class='ocrx_word' id='word_1_312' title='bbox 2323 2869 2835 2948; x_wconf 73' lang='grc' dir='ltr'><strong>Μ11111111101110113,</strong></span> <span class='ocrx_word' id='word_1_313' title='bbox 2861 2869 3081 2936; x_wconf 87' lang='lat' dir='ltr'>Sama-</span> 
     </span>
     <span class='ocr_line' id='line_1_30' title="bbox 46 2956 3082 3044; baseline 0.002 -24"><span class='ocrx_word' id='word_1_314' title='bbox 46 2959 48 2976; x_wconf 77' lang='lat'><strong>²</strong></span> <span class='ocrx_word' id='word_1_315' title='bbox 175 2956 316 3036; x_wconf 85' lang='lat' dir='ltr'>ritis,</span> <span class='ocrx_word' id='word_1_316' title='bbox 351 2958 651 3025; x_wconf 87' lang='lat' dir='ltr'>Judaeis:</span> <span class='ocrx_word' id='word_1_317' title='bbox 711 2960 940 3024; x_wconf 87' lang='lat' dir='ltr'>saltem</span> <span class='ocrx_word' id='word_1_318' title='bbox 964 2959 1043 3024; x_wconf 91' lang='lat' dir='ltr'>iis</span> <span class='ocrx_word' id='word_1_319' title='bbox 1075 2959 1416 3024; x_wconf 88' lang='lat' dir='ltr'>haereticis</span> <span class='ocrx_word' id='word_1_320' title='bbox 1440 2959 1551 3043; x_wconf 90' lang='lat' dir='ltr'>qui</span> <span class='ocrx_word' id='word_1_321' title='bbox 1577 2961 1965 3044; x_wconf 83' lang='lat' dir='ltr'>scripturam</span> <span class='ocrx_word' id='word_1_322' title='bbox 1988 2959 2228 3044; x_wconf 86' lang='lat' dir='ltr'>pariter</span> <span class='ocrx_word' id='word_1_323' title='bbox 2252 2981 2396 3024; x_wconf 90' lang='lat' dir='ltr'>cum</span> <span class='ocrx_word' id='word_1_324' title='bbox 2429 2958 2783 3024; x_wconf 89' lang='lat' dir='ltr'>Socinianis</span> <span class='ocrx_word' id='word_1_325' title='bbox 2806 2959 3082 3025; x_wconf 87' lang='lat' dir='ltr'>honora·-</span> 
     </span>
    </p>
   </div>
   <div class='ocr_carea' id='block_1_4' title="bbox 175 3046 3085 3222">
    <p class='ocr_par' dir='ltr' id='par_1_5' title="bbox 175 3046 3085 3222">
     <span class='ocr_line' id='line_1_31' title="bbox 175 3046 3080 3134; baseline 0.001 -25"><span class='ocrx_word' id='word_1_326' title='bbox 175 3049 318 3124; x_wconf 74' lang='grc'><strong>10111,</strong></span> <span class='ocrx_word' id='word_1_327' title='bbox 369 3046 607 3112; x_wconf 88' lang='lat' dir='ltr'>Christi</span> <span class='ocrx_word' id='word_1_328' title='bbox 654 3070 884 3113; x_wconf 90' lang='lat' dir='ltr'>nomen</span> <span class='ocrx_word' id='word_1_329' title='bbox 933 3049 1404 3132; x_wconf 89' lang='lat' dir='ltr'>profiterentur,</span> <span class='ocrx_word' id='word_1_330' title='bbox 1455 3050 1500 3114; x_wconf 82' lang='lat'><strong>&amp;</strong></span> <span class='ocrx_word' id='word_1_331' title='bbox 1547 3049 1742 3132; x_wconf 89' lang='lat' dir='ltr'>probe</span> <span class='ocrx_word' id='word_1_332' title='bbox 1769 3049 2177 3134; x_wconf 89' lang='lat' dir='ltr'>modesteque</span> <span class='ocrx_word' id='word_1_333' title='bbox 2217 3047 2495 3112; x_wconf 86' lang='lat' dir='ltr'>victuros</span> <span class='ocrx_word' id='word_1_334' title='bbox 2521 3071 2587 3112; x_wconf 90' lang='lat' dir='ltr'>se</span> <span class='ocrx_word' id='word_1_335' title='bbox 2612 3047 3080 3132; x_wconf 89' lang='lat' dir='ltr'>pollicerentur.</span> 
     </span>
     <span class='ocr_line' id='line_1_32' title="bbox 177 3131 3085 3222; baseline 0.001 -24"><span class='ocrx_word' id='word_1_336' title='bbox 177 3131 336 3208; x_wconf 85' lang='lat' dir='ltr'>Quod</span> <span class='ocrx_word' id='word_1_337' title='bbox 378 3135 430 3200; x_wconf 90' lang='lat' dir='ltr'>si</span> <span class='ocrx_word' id='word_1_338' title='bbox 473 3136 795 3221; x_wconf 81' lang='lat' dir='ltr'>excipiant</span> <span class='ocrx_word' id='word_1_339' title='bbox 841 3137 1204 3200; x_wconf 87' lang='lat' dir='ltr'>libertatem</span> <span class='ocrx_word' id='word_1_340' title='bbox 1251 3138 1450 3201; x_wconf 87' lang='lat' dir='ltr'>talem</span> <span class='ocrx_word' id='word_1_341' title='bbox 1495 3159 1624 3201; x_wconf 89' lang='grc'><strong>11011</strong></span> <span class='ocrx_word' id='word_1_342' title='bbox 1657 3159 1792 3201; x_wconf 89' lang='lat' dir='ltr'>esse</span> <span class='ocrx_word' id='word_1_343' title='bbox 1827 3137 2011 3202; x_wconf 89' lang='lat' dir='ltr'>dictis</span> <span class='ocrx_word' id='word_1_344' title='bbox 2036 3136 2397 3200; x_wconf 84' lang='lat' dir='ltr'>errantibus</span> <span class='ocrx_word' id='word_1_345' title='bbox 2421 3137 2901 3216; x_wconf 89' lang='lat' dir='ltr'>concedendam,</span> <span class='ocrx_word' id='word_1_346' title='bbox 2928 3158 3085 3222; x_wconf 90' lang='lat' dir='ltr'>rogo</span> 
     </span>
    </p>
   </div>
   <div class='ocr_carea' id='block_1_5' title="bbox 46 3221 3081 3310">
    <p class='ocr_par' dir='ltr' id='par_1_6' title="bbox 46 3221 3081 3310">
     <span class='ocr_line' id='line_1_33' title="bbox 46 3221 3081 3310; baseline 0.002 -26"><span class='ocrx_word' id='word_1_347' title='bbox 46 3261 48 3264; x_wconf 57' lang='lat'>&gt;</span> <span class='ocrx_word' id='word_1_348' title='bbox 177 3221 218 3284; x_wconf 73' lang='grc'>81</span> <span class='ocrx_word' id='word_1_349' title='bbox 237 3223 507 3290; x_wconf 85' lang='grc' dir='ltr'><strong>0111οε101</strong></span> <span class='ocrx_word' id='word_1_350' title='bbox 532 3229 604 3289; x_wconf 88' lang='grc'>111</span> <span class='ocrx_word' id='word_1_351' title='bbox 627 3225 908 3290; x_wconf 86' lang='lat' dir='ltr'>rationes</span> <span class='ocrx_word' id='word_1_352' title='bbox 932 3225 1208 3309; x_wconf 90' lang='lat' dir='ltr'>liquidas</span> <span class='ocrx_word' id='word_1_353' title='bbox 1236 3247 1314 3290; x_wconf 85' lang='lat' dir='ltr'>ex</span> <span class='ocrx_word' id='word_1_354' title='bbox 1338 3224 1654 3310; x_wconf 86' lang='lat' dir='ltr'>scriptura</span> <span class='ocrx_word' id='word_1_355' title='bbox 1678 3225 2072 3310; x_wconf 89' lang='lat' dir='ltr'>depromant,</span> <span class='ocrx_word' id='word_1_356' title='bbox 2101 3224 2333 3308; x_wconf 91' lang='lat' dir='ltr'>quibus</span> <span class='ocrx_word' id='word_1_357' title='bbox 2364 3225 2637 3308; x_wconf 89' lang='lat' dir='ltr'>probent</span> <span class='ocrx_word' id='word_1_358' title='bbox 2653 3225 3081 3290; x_wconf 85' lang='lat' dir='ltr'>differentiam</span> 
     </span>
    </p>
   </div>
   <div class='ocr_carea' id='block_1_6' title="bbox 177 3311 3084 3752">
    <p class='ocr_par' dir='ltr' id='par_1_7' title="bbox 177 3311 3084 3752">
     <span class='ocr_line' id='line_1_34' title="bbox 183 3311 3084 3397; baseline 0.001 -21"><span class='ocrx_word' id='word_1_359' title='bbox 183 3311 514 3393; x_wconf 77' lang='lat' dir='ltr'>specificam</span> <span class='ocrx_word' id='word_1_360' title='bbox 545 3313 718 3378; x_wconf 89' lang='lat' dir='ltr'>inter</span> <span class='ocrx_word' id='word_1_361' title='bbox 737 3313 1090 3378; x_wconf 87' lang='lat' dir='ltr'>haereticos</span> <span class='ocrx_word' id='word_1_362' title='bbox 1115 3313 1300 3378; x_wconf 92' lang='lat' dir='ltr'>modo</span> <span class='ocrx_word' id='word_1_363' title='bbox 1325 3314 1545 3392; x_wconf 91' lang='lat' dir='ltr'>dictos,</span> <span class='ocrx_word' id='word_1_364' title='bbox 1575 3313 1858 3397; x_wconf 90' lang='lat' dir='ltr'>aliosque</span> <span class='ocrx_word' id='word_1_365' title='bbox 1881 3313 1923 3378; x_wconf 86' lang='lat' dir='ltr'><strong>J</strong></span> <span class='ocrx_word' id='word_1_366' title='bbox 1927 3335 2039 3378; x_wconf 92' lang='lat' dir='ltr'>ure</span> <span class='ocrx_word' id='word_1_367' title='bbox 2064 3312 2253 3378; x_wconf 84' lang='lat' dir='ltr'>Civili</span> <span class='ocrx_word' id='word_1_368' title='bbox 2276 3312 2653 3397; x_wconf 78' lang='lat' dir='ltr'>prohibitos,</span> <span class='ocrx_word' id='word_1_369' title='bbox 2678 3313 2723 3376; x_wconf 72' lang='grc'>81</span> <span class='ocrx_word' id='word_1_370' title='bbox 2744 3313 2913 3378; x_wconf 88' lang='lat' dir='ltr'>inter</span> <span class='ocrx_word' id='word_1_371' title='bbox 2936 3311 3084 3378; x_wconf 87' lang='lat' dir='ltr'>Mu-</span> 
     </span>
     <span class='ocr_line' id='line_1_35' title="bbox 177 3395 3081 3485; baseline 0.002 -25"><span class='ocrx_word' id='word_1_372' title='bbox 177 3395 540 3466; x_wconf 82' lang='lat' dir='ltr'>hamedistas</span> <span class='ocrx_word' id='word_1_373' title='bbox 587 3403 633 3468; x_wconf 81' lang='lat'>&amp;</span> <span class='ocrx_word' id='word_1_374' title='bbox 683 3399 1073 3466; x_wconf 88' lang='lat' dir='ltr'>Socinianos.</span> <span class='ocrx_word' id='word_1_375' title='bbox 1098 3400 1181 3465; x_wconf 93' lang='lat' dir='ltr'>V.</span> <span class='ocrx_word' id='word_1_376' title='bbox 1207 3401 1372 3478; x_wconf 83' lang='lat' dir='ltr'>Quia</span> <span class='ocrx_word' id='word_1_377' title='bbox 1395 3402 1802 3467; x_wconf 85' lang='lat' dir='ltr'>observatum</span> <span class='ocrx_word' id='word_1_378' title='bbox 1826 3400 2348 3485; x_wconf 88' lang='lat' dir='ltr'>blasphemarum</span> <span class='ocrx_word' id='word_1_379' title='bbox 2373 3402 2682 3484; x_wconf 90' lang='lat' dir='ltr'>ejusmodi</span> <span class='ocrx_word' id='word_1_380' title='bbox 2706 3401 3081 3466; x_wconf 86' lang='lat' dir='ltr'>haereseum</span> 
     </span>
     <span class='ocr_line' id='line_1_36' title="bbox 177 3489 3079 3576; baseline 0.001 -25"><span class='ocrx_word' id='word_1_381' title='bbox 177 3489 632 3568; x_wconf 84' lang='lat' dir='ltr'>permissionem</span> <span class='ocrx_word' id='word_1_382' title='bbox 678 3489 1052 3574; x_wconf 90' lang='lat' dir='ltr'>plerumque</span> <span class='ocrx_word' id='word_1_383' title='bbox 1098 3491 1321 3576; x_wconf 81' lang='lat' dir='ltr'>gravia</span> <span class='ocrx_word' id='word_1_384' title='bbox 1375 3489 1498 3554; x_wconf 90' lang='lat' dir='ltr'>Dei</span> <span class='ocrx_word' id='word_1_385' title='bbox 1546 3491 1786 3576; x_wconf 88' lang='lat' dir='ltr'>judicia</span> <span class='ocrx_word' id='word_1_386' title='bbox 1833 3489 2085 3555; x_wconf 87' lang='lat' dir='ltr'>Politiis</span> <span class='ocrx_word' id='word_1_387' title='bbox 2112 3511 2464 3560; x_wconf 82' lang='lat' dir='ltr'>accersere:</span> <span class='ocrx_word' id='word_1_388' title='bbox 2491 3493 2710 3553; x_wconf 91' lang='lat' dir='ltr'>contra</span> <span class='ocrx_word' id='word_1_389' title='bbox 2738 3489 3079 3554; x_wconf 87' lang='lat' dir='ltr'>earundem</span> 
     </span>
     <span class='ocr_line' id='line_1_37' title="bbox 177 3577 3080 3663; baseline 0.001 -25"><span class='ocrx_word' id='word_1_390' title='bbox 177 3578 615 3644; x_wconf 79' lang='lat' dir='ltr'>coercitionem.</span> <span class='ocrx_word' id='word_1_391' title='bbox 641 3577 763 3642; x_wconf 91' lang='lat' dir='ltr'>Dei</span> <span class='ocrx_word' id='word_1_392' title='bbox 789 3578 1276 3644; x_wconf 69' lang='lat' dir='ltr'>benedictiones</span> <span class='ocrx_word' id='word_1_393' title='bbox 1326 3578 1507 3656; x_wconf 81' lang='lat' dir='ltr'>Quod</span> <span class='ocrx_word' id='word_1_394' title='bbox 1531 3602 1648 3643; x_wconf 90' lang='lat' dir='ltr'>sua</span> <span class='ocrx_word' id='word_1_395' title='bbox 1671 3583 1883 3644; x_wconf 89' lang='lat' dir='ltr'>aetate</span> <span class='ocrx_word' id='word_1_396' title='bbox 1908 3577 2209 3644; x_wconf 86' lang='lat' dir='ltr'>accidisse</span> <span class='ocrx_word' id='word_1_397' title='bbox 2247 3578 2506 3663; x_wconf 87' lang='lat' dir='ltr'>egregie</span> <span class='ocrx_word' id='word_1_398' title='bbox 2536 3578 2830 3642; x_wconf 87' lang='lat' dir='ltr'>observat</span> <span class='ocrx_word' id='word_1_399' title='bbox 2859 3578 3080 3644; x_wconf 83' lang='lat' dir='ltr'>Ambr.</span> 
     </span>
     <span class='ocr_line' id='line_1_38' title="bbox 179 3663 3084 3752; baseline 0.002 -26"><span class='ocrx_word' id='word_1_400' title='bbox 179 3663 233 3728; x_wconf 78' lang='lat' dir='ltr'>in</span> <span class='ocrx_word' id='word_1_401' title='bbox 255 3686 454 3750; x_wconf 72' lang='lat' dir='ltr'>praes.</span> <span class='ocrx_word' id='word_1_402' title='bbox 497 3667 584 3732; x_wconf 85' lang='lat' dir='ltr'>ad</span> <span class='ocrx_word' id='word_1_403' title='bbox 620 3668 660 3732; x_wconf 84' lang='lat' dir='ltr'>l.</span> <span class='ocrx_word' id='word_1_404' title='bbox 687 3667 765 3731; x_wconf 85' lang='lat' dir='ltr'>de</span> <span class='ocrx_word' id='word_1_405' title='bbox 786 3667 892 3752; x_wconf 93' lang='lat' dir='ltr'>Sp.</span> <span class='ocrx_word' id='word_1_406' title='bbox 920 3688 970 3731; x_wconf 84' lang='lat'>8.</span> <span class='ocrx_word' id='word_1_407' title='bbox 997 3666 1110 3730; x_wconf 92' lang='lat' dir='ltr'>VI.</span> <span class='ocrx_word' id='word_1_408' title='bbox 1139 3667 1396 3732; x_wconf 86' lang='lat' dir='ltr'>Accedit</span> <span class='ocrx_word' id='word_1_409' title='bbox 1421 3668 1635 3751; x_wconf 85' lang='lat' dir='ltr'>praxis</span> <span class='ocrx_word' id='word_1_410' title='bbox 1661 3667 2137 3732; x_wconf 87' lang='lat' dir='ltr'>Christianismi</span> <span class='ocrx_word' id='word_1_411' title='bbox 2162 3669 2209 3732; x_wconf 73' lang='grc'>81</span> <span class='ocrx_word' id='word_1_412' title='bbox 2232 3665 2501 3750; x_wconf 88' lang='lat' dir='ltr'>antiqui,</span> <span class='ocrx_word' id='word_1_413' title='bbox 2551 3667 2595 3732; x_wconf 82' lang='lat'>&amp;</span> <span class='ocrx_word' id='word_1_414' title='bbox 2618 3665 2944 3731; x_wconf 87' lang='lat' dir='ltr'>hodierni:</span> <span class='ocrx_word' id='word_1_415' title='bbox 2971 3667 3084 3732; x_wconf 89' lang='lat' dir='ltr'>ubi</span> 
     </span>
    </p>
   </div>
   <div class='ocr_carea' id='block_1_7' title="bbox 46 3749 3082 3840">
    <p class='ocr_par' dir='ltr' id='par_1_8' title="bbox 46 3749 3082 3840">
     <span class='ocr_line' id='line_1_39' title="bbox 46 3749 3082 3840; baseline 0.002 -25"><span class='ocrx_word' id='word_1_416' title='bbox 46 3751 49 3834; x_wconf 67' lang='lat' dir='ltr'>f</span> <span class='ocrx_word' id='word_1_417' title='bbox 177 3749 453 3820; x_wconf 83' lang='lat' dir='ltr'>Ecclesiis</span> <span class='ocrx_word' id='word_1_418' title='bbox 501 3757 549 3821; x_wconf 82' lang='lat'>&amp;</span> <span class='ocrx_word' id='word_1_419' title='bbox 597 3777 817 3820; x_wconf 88' lang='lat' dir='ltr'>earum</span> <span class='ocrx_word' id='word_1_420' title='bbox 866 3755 1246 3820; x_wconf 89' lang='lat' dir='ltr'>Doctoribus</span> <span class='ocrx_word' id='word_1_421' title='bbox 1278 3756 1372 3820; x_wconf 89' lang='lat' dir='ltr'>ita</span> <span class='ocrx_word' id='word_1_422' title='bbox 1402 3756 1877 3840; x_wconf 88' lang='lat' dir='ltr'>postulantibus</span> <span class='ocrx_word' id='word_1_423' title='bbox 1909 3755 2175 3820; x_wconf 90' lang='lat' dir='ltr'>libertas</span> <span class='ocrx_word' id='word_1_424' title='bbox 2204 3754 2320 3819; x_wconf 87' lang='lat' dir='ltr'>illa</span> <span class='ocrx_word' id='word_1_425' title='bbox 2360 3775 2610 3839; x_wconf 88' lang='lat' dir='ltr'>semper</span> <span class='ocrx_word' id='word_1_426' title='bbox 2631 3759 2864 3838; x_wconf 89' lang='lat' dir='ltr'>negata</span> <span class='ocrx_word' id='word_1_427' title='bbox 2891 3753 3082 3820; x_wconf 86' lang='lat' dir='ltr'>Anti-</span> 
     </span>
    </p>
   </div>
   <div class='ocr_carea' id='block_1_8' title="bbox 178 3835 3081 4527">
    <p class='ocr_par' dir='ltr' id='par_1_9' title="bbox 178 3835 3081 4460">
     <span class='ocr_line' id='line_1_40' title="bbox 179 3835 3081 3928; baseline 0.002 -26"><span class='ocrx_word' id='word_1_428' title='bbox 179 3835 538 3922; x_wconf 82' lang='lat' dir='ltr'>Trinitariis,</span> <span class='ocrx_word' id='word_1_429' title='bbox 563 3844 816 3926; x_wconf 89' lang='lat' dir='ltr'>quando</span> <span class='ocrx_word' id='word_1_430' title='bbox 841 3843 1066 3928; x_wconf 89' lang='lat' dir='ltr'>negari</span> <span class='ocrx_word' id='word_1_431' title='bbox 1087 3845 1318 3928; x_wconf 89' lang='lat' dir='ltr'>potuit,</span> <span class='ocrx_word' id='word_1_432' title='bbox 1344 3843 1594 3910; x_wconf 79' lang='lat' dir='ltr'>&amp;tanto</span> <span class='ocrx_word' id='word_1_433' title='bbox 1618 3844 1904 3909; x_wconf 88' lang='lat' dir='ltr'>strictius</span> <span class='ocrx_word' id='word_1_434' title='bbox 1930 3848 2168 3928; x_wconf 89' lang='lat' dir='ltr'>quanto</span> <span class='ocrx_word' id='word_1_435' title='bbox 2193 3843 2518 3928; x_wconf 90' lang='lat' dir='ltr'>Principes</span> <span class='ocrx_word' id='word_1_436' title='bbox 2542 3864 2615 3907; x_wconf 89' lang='lat' dir='ltr'>ac</span> <span class='ocrx_word' id='word_1_437' title='bbox 2639 3841 3081 3927; x_wconf 81' lang='lat' dir='ltr'>Magistratus,</span> 
     </span>
     <span class='ocr_line' id='line_1_41' title="bbox 178 3929 3080 4018; baseline -0.001 -25"><span class='ocrx_word' id='word_1_438' title='bbox 178 3930 483 4012; x_wconf 70' lang='lat' dir='ltr'>sapientia,</span> <span class='ocrx_word' id='word_1_439' title='bbox 537 3935 802 4016; x_wconf 84' lang='lat' dir='ltr'>pietate,</span> <span class='ocrx_word' id='word_1_440' title='bbox 857 3932 1098 3996; x_wconf 82' lang='lat' dir='ltr'>virture</span> <span class='ocrx_word' id='word_1_441' title='bbox 1143 3933 1438 3997; x_wconf 89' lang='lat' dir='ltr'>omnibus</span> <span class='ocrx_word' id='word_1_442' title='bbox 1487 3932 1629 3996; x_wconf 89' lang='lat' dir='ltr'>aliis</span> <span class='ocrx_word' id='word_1_443' title='bbox 1686 3932 1898 4018; x_wconf 88' lang='lat' dir='ltr'>magis</span> <span class='ocrx_word' id='word_1_444' title='bbox 1950 3932 2425 4016; x_wconf 89' lang='lat' dir='ltr'>praecellerent.</span> <span class='ocrx_word' id='word_1_445' title='bbox 2454 3929 2837 3996; x_wconf 87' lang='lat' dir='ltr'>Notavimus</span> <span class='ocrx_word' id='word_1_446' title='bbox 2869 3932 2959 3997; x_wconf 75' lang='lat' dir='ltr'>tit.</span> <span class='ocrx_word' id='word_1_447' title='bbox 2992 3933 3080 4012; x_wconf 85' lang='lat' dir='ltr'>C.‚</span> 
     </span>
     <span class='ocr_line' id='line_1_42' title="bbox 179 4019 3079 4102; baseline 0.002 -21"><span class='ocrx_word' id='word_1_448' title='bbox 179 4037 300 4081; x_wconf 84' lang='lat' dir='ltr'>eum</span> <span class='ocrx_word' id='word_1_449' title='bbox 325 4020 552 4102; x_wconf 87' lang='lat' dir='ltr'>quibus</span> <span class='ocrx_word' id='word_1_450' title='bbox 593 4024 766 4083; x_wconf 74' lang='lat' dir='ltr'>iacta</span> <span class='ocrx_word' id='word_1_451' title='bbox 803 4019 1226 4092; x_wconf 83' lang='lat' dir='ltr'>Constantini,</span> <span class='ocrx_word' id='word_1_452' title='bbox 1276 4019 1639 4100; x_wconf 85' lang='lat' dir='ltr'>Theodosii,</span> <span class='ocrx_word' id='word_1_453' title='bbox 1690 4019 1995 4086; x_wconf 85' lang='lat' dir='ltr'>Martiani</span> <span class='ocrx_word' id='word_1_454' title='bbox 2014 4021 2114 4086; x_wconf 80' lang='lat' dir='ltr'>&amp;c.</span> <span class='ocrx_word' id='word_1_455' title='bbox 2140 4019 2531 4085; x_wconf 88' lang='lat' dir='ltr'>consensisse</span> <span class='ocrx_word' id='word_1_456' title='bbox 2554 4023 2873 4084; x_wconf 88' lang='lat' dir='ltr'>testantur</span> <span class='ocrx_word' id='word_1_457' title='bbox 2896 4021 3079 4086; x_wconf 74' lang='lat' dir='ltr'>hislo-</span> 
     </span>
     <span class='ocr_line' id='line_1_43' title="bbox 181 4101 3080 4200; baseline 0.001 -30"><span class='ocrx_word' id='word_1_458' title='bbox 181 4105 292 4170; x_wconf 76' lang='lat' dir='ltr'>riae</span> <span class='ocrx_word' id='word_1_459' title='bbox 339 4108 806 4178; x_wconf 65' lang='lat' dir='ltr'>ecclesiasticae,</span> <span class='ocrx_word' id='word_1_460' title='bbox 863 4111 908 4174; x_wconf 75' lang='grc'>81</span> <span class='ocrx_word' id='word_1_461' title='bbox 931 4111 1080 4174; x_wconf 74' lang='lat' dir='ltr'>Acta</span> <span class='ocrx_word' id='word_1_462' title='bbox 1106 4109 1526 4175; x_wconf 76' lang='lat' dir='ltr'>Consiliorum</span> <span class='ocrx_word' id='word_1_463' title='bbox 1576 4109 1913 4174; x_wconf 88' lang='lat' dir='ltr'>Inveniens</span> <span class='ocrx_word' id='word_1_464' title='bbox 1937 4109 2031 4173; x_wconf 90' lang='lat' dir='ltr'>ibi</span> <span class='ocrx_word' id='word_1_465' title='bbox 2062 4108 2241 4172; x_wconf 83' lang='lat' dir='ltr'>varia</span> <span class='ocrx_word' id='word_1_466' title='bbox 2264 4108 2515 4172; x_wconf 88' lang='lat' dir='ltr'>decreta</span> <span class='ocrx_word' id='word_1_467' title='bbox 2540 4109 2771 4192; x_wconf 89' lang='lat' dir='ltr'>quibus</span> <span class='ocrx_word' id='word_1_468' title='bbox 2795 4101 3080 4200; x_wconf 57' lang='lat' dir='ltr'>Impera-</span> 
     </span>
     <span class='ocr_line' id='line_1_44' title="bbox 183 4189 3080 4282; baseline 0.002 -26"><span class='ocrx_word' id='word_1_469' title='bbox 183 4195 326 4258; x_wconf 72' lang='lat' dir='ltr'>tores</span> <span class='ocrx_word' id='word_1_470' title='bbox 347 4196 716 4280; x_wconf 82' lang='lat' dir='ltr'>proscriptis</span> <span class='ocrx_word' id='word_1_471' title='bbox 738 4196 1108 4262; x_wconf 88' lang='lat' dir='ltr'>haeresibus</span> <span class='ocrx_word' id='word_1_472' title='bbox 1139 4219 1595 4281; x_wconf 89' lang='lat' dir='ltr'>nonnunquam</span> <span class='ocrx_word' id='word_1_473' title='bbox 1625 4198 1882 4263; x_wconf 91' lang='lat' dir='ltr'>mulctis</span> <span class='ocrx_word' id='word_1_474' title='bbox 1915 4199 1960 4264; x_wconf 77' lang='grc'>81</span> <span class='ocrx_word' id='word_1_475' title='bbox 1982 4197 2204 4282; x_wconf 88' lang='lat' dir='ltr'>poenis</span> <span class='ocrx_word' id='word_1_476' title='bbox 2227 4196 2565 4280; x_wconf 88' lang='lat' dir='ltr'>impositis,</span> <span class='ocrx_word' id='word_1_477' title='bbox 2591 4189 3080 4264; x_wconf 52' lang='lat' dir='ltr'>fideffilcathnli-</span> 
     </span>
     <span class='ocr_line' id='line_1_45' title="bbox 187 4277 3080 4376; baseline 0.001 -29"><span class='ocrx_word' id='word_1_478' title='bbox 187 4299 302 4346; x_wconf 73' lang='lat' dir='ltr'>eam</span> <span class='ocrx_word' id='word_1_479' title='bbox 341 4285 800 4349; x_wconf 85' lang='lat' dir='ltr'>communiunt:</span> <span class='ocrx_word' id='word_1_480' title='bbox 853 4305 1014 4368; x_wconf 89' lang='lat' dir='ltr'>quae</span> <span class='ocrx_word' id='word_1_481' title='bbox 1061 4286 1325 4351; x_wconf 88' lang='lat' dir='ltr'>collecta</span> <span class='ocrx_word' id='word_1_482' title='bbox 1357 4286 1500 4350; x_wconf 83' lang='lat' dir='ltr'>vide</span> <span class='ocrx_word' id='word_1_483' title='bbox 1526 4290 1564 4351; x_wconf 73' lang='lat' dir='ltr'>a</span> <span class='ocrx_word' id='word_1_484' title='bbox 1598 4288 1891 4353; x_wconf 79' lang='lat' dir='ltr'>Goldasto</span> <span class='ocrx_word' id='word_1_485' title='bbox 1922 4286 1993 4350; x_wconf 81' lang='lat' dir='ltr'>in</span> <span class='ocrx_word' id='word_1_486' title='bbox 2020 4283 2329 4352; x_wconf 67' lang='lat' dir='ltr'>Constitu!</span> <span class='ocrx_word' id='word_1_487' title='bbox 2377 4277 3080 4376; x_wconf 53' lang='lat' dir='ltr'>lm&#39;penvstMehalffaffile</span> 
     </span>
     <span class='ocr_line' id='line_1_46' title="bbox 187 4365 3079 4460; baseline 0.002 -27"><span class='ocrx_word' id='word_1_488' title='bbox 187 4371 268 4433; x_wconf 72' lang='lat' dir='ltr'>est</span> <span class='ocrx_word' id='word_1_489' title='bbox 282 4369 432 4438; x_wconf 90' lang='lat' dir='ltr'>illud</span> <span class='ocrx_word' id='word_1_490' title='bbox 452 4373 621 4458; x_wconf 88' lang='lat' dir='ltr'>quod</span> <span class='ocrx_word' id='word_1_491' title='bbox 645 4373 921 4438; x_wconf 83' lang='lat' dir='ltr'>refertur</span> <span class='ocrx_word' id='word_1_492' title='bbox 943 4374 1019 4440; x_wconf 88' lang='lat' dir='ltr'>de</span> <span class='ocrx_word' id='word_1_493' title='bbox 1043 4373 1214 4440; x_wconf 87' lang='lat' dir='ltr'>facto</span> <span class='ocrx_word' id='word_1_494' title='bbox 1239 4374 1678 4458; x_wconf 89' lang='lat' dir='ltr'>Amphilochii</span> <span class='ocrx_word' id='word_1_495' title='bbox 1700 4374 2001 4460; x_wconf 87' lang='lat' dir='ltr'>Episcopi</span> <span class='ocrx_word' id='word_1_496' title='bbox 2016 4373 2386 4460; x_wconf 62' lang='grc' dir='ltr'><strong>10011111·ψο</strong></span> <span class='ocrx_word' id='word_1_497' title='bbox 2411 4365 2805 4442; x_wconf 57' lang='grc' dir='ltr'><strong>’111ἱῶ11δῦ11ιῦ</strong></span> <span class='ocrx_word' id='word_1_498' title='bbox 2828 4377 3079 4460; x_wconf 59' lang='lat' dir='ltr'>permo-</span> 
     </span>
    </p>

    <p class='ocr_par' dir='ltr' id='par_1_10' title="bbox 2974 4467 3079 4527">
     <span class='ocr_line' id='line_1_47' title="bbox 2974 4467 3079 4527; baseline 0.01 -1"><span class='ocrx_word' id='word_1_499' title='bbox 2974 4467 3079 4527; x_wconf 87' lang='lat' dir='ltr'>tus</span> 
     </span>
    </p>
   </div>
  </div>
 </body>
</html>
