3694 4871
631 304 758 367 332
1296 302 2907 371 str.XI.DESAnnA'rnou'ansrls.

631 490 828 553 animi
883 494 928 556 &
977 491 1322 574 voluptatis
1377 514 1589 557 causa.
1635 492 1732 557 De
1780 492 2007 576 sinapi,
2043 494 2194 571 sale,
2231 494 2375 557 vino
2400 493 2644 572 adusto,
2670 496 2866 568 acet0‚
2890 490 3133 576 lig-ulie,
3152 489 3417 565 aciculis,
3444 491 3533 555 &c‘

627 584 842 659 posset
867 578 1018 643 talis
1042 602 1223 643 casus
1249 579 1539 653 incidere,
1567 584 1786 645 utnon
1815 586 1983 646 esset
2005 582 2302 646 illicitum
2328 604 2401 647 ea
2435 602 2676 645 emere:
2728 580 2836 645 sed
2864 600 3049 643 nemo
3074 578 3281 643 studio
3304 577 3365 641 in
3388 578 3529 643 diem

625 667 809 731 illum
855 668 1173 732 ordinario
1219 669 1562 733 emtionem
1607 670 1876 734 istorum
1902 692 1971 734 re
1996 693 2247 735 servare
2274 671 2479 747 debet,
2522 674 2634 735 aut
2668 669 3023 753 promiscue
3049 667 3271 750 quovis
3300 666 3393 729 die
3412 666 3527 731 sive

623 754 981 833 DominicO,
1028 756 1159 820 sive
1213 756 1340 821 alio
1387 759 1726 823 emtionem
1752 758 1798 822 ἃ
1824 759 2250 823 venditionem
2274 782 2489 823 eorum
2514 782 2629 841 pro
2654 780 2722 821 re
2745 762 2917 835 nata,
2944 760 3057 820 aut
3080 759 3267 839 prout
3290 753 3525 819 cuilibet

623 843 690 908 in
723 847 1000 909 mentem
1032 845 1226 923 venit,
1253 867 1559 910 exercere.
1610 846 1730 923 Qui
1763 847 1913 911 huic
1936 848 2216 912 cacoethi
2244 852 2614 913 assuescunt
2658 850 2771 910 aut
2801 845 3299 929 patrocinantur.
3328 846 3515 907 osten-

625 930 782 995 dunt
805 955 871 998 se
895 933 1190 1017 ignorare
1219 934 1346 998 vim
1367 940 1470 992 τοῦ
1511 947 1814 1001 memento
1837 937 1960 1000 diei
1986 936 2301 1014 sabbathi,
2320 937 2420 1001 810.
2448 934 2687 1011 Quodsi
2711 934 2986 1017 excipiat
3008 934 3171 1015 quis,
3196 930 3399 997 Unam
3420 930 3507 995 hi-

624 1020 960 1084 rundinem
1007 1043 1134 1085 non
1173 1022 1380 1087 faeere
1405 1046 1535 1101 ver,
1571 1046 1684 1088 nec
1712 1023 1897 1089 unius
1923 1025 2197 1089 hominis
2222 1046 2415 1089 unam
2442 1024 2755 1089 actionem
2778 1025 3219 1086 transeuntem
3256 1020 3321 1084 in
3342 1042 3529 1085 emen-

628 1106 705 1171 do
754 1130 804 1172 e.
853 1130 950 1191 gr.
997 1115 1195 1188 acet0,
1245 1114 1356 1175 aut
1405 1112 1548 1177 vino
1598 1113 1842 1190 adust0,
1878 1116 1991 1177 aut
2022 1113 2275 1196 squilla,
2302 1118 2413 1177 aut
2438 1135 2621 1177 succo
2652 1113 2981 1187 limonum,
3007 1114 3120 1173 aut
3147 1130 3409 1189 saccarO,
3440 1114 3531 1173 aut

625 1195 766 1258 uvis
791 1196 992 1278 passis
1018 1198 1116 1262 &c.
1152 1198 1409 1263 turbare
1435 1198 1751 1265 Sabbathi
1775 1202 2362 1266 sanctificationem.
2396 1200 2521 1266 Sed
2544 1223 2788 1285 regem,
2814 1221 2941 1263 non
2958 1220 3097 1263 esse
3122 1198 3529 1280 quaestionem

627 1284 702 1345 de
749 1306 874 1348 uno
928 1286 1251 1351 individuo
1299 1288 1469 1353 facto
1495 1295 1598 1348 τοῦ
1637 1288 1787 1347 δεῖνα
1829 1290 2025 1373 (quod
2056 1295 2271 1353 tamen
2292 1312 2407 1373 pro
2432 1294 2547 1353 sua
2570 1293 2751 1373 parte
2776 1289 2843 1351 in
2868 1291 3120 1351 tantum
3144 1286 3407 1365 turbat.)
3428 1283 3531 1349 Sed

625 1394 707 1435 an
753 1372 951 1437 cuivis
1004 1373 1370 1439 Christiano
1425 1378 1756 1441 conveniat
1796 1378 1909 1441 illo
1957 1378 2055 1442 die
2104 1401 2302 1461 aeque
2351 1401 2422 1442 ac
2470 1378 2598 1442 alio
2636 1400 2736 1441 res
2762 1376 2906 1440 illas
2932 1376 3222 1457 aliasque
3246 1378 3528 1452 centenae,

626 1463 805 1525 extra
842 1482 1059 1526 casum
1105 1465 1522 1543 necessitatis,
1574 1487 1799 1529 emere.
1852 1464 1923 1530 Si
1964 1467 2106 1549 quis
2154 1468 2306 1549 ajat,
2348 1468 2485 1550 jam
2538 1463 2899 1529 intervertit
2922 1468 3133 1528 totum
3162 1462 3530 1527 Sabbathum

624 1549 1022 1615 venditorum
1075 1550 1122 1614 81
1169 1553 1517 1617 artificum:
1569 1554 1666 1616 illi
1691 1554 1861 1617 enim
1890 1555 1969 1617 ad
1996 1555 2359 1619 universum
2384 1554 2505 1619 hoc
2538 1553 2837 1619 vendendi
2862 1574 3095 1616 munus
3120 1574 3237 1635 pro
3270 1550 3531 1615 omnibus

625 1636 802 1700 urbis
849 1640 895 1703 St
935 1639 1076 1723 agri
1100 1641 1369 1723 subjecti
1395 1642 1616 1705 incolis
1643 1642 1786 1705 ilico
1810 1666 1879 1706 se
1907 1643 2226 1727 alligatos,
2266 1646 2311 1709 a
2336 1646 2543 1712 totum
2569 1643 2736 1705 diem
2761 1641 2883 1705 sibi
2908 1640 3229 1724 perditum
3254 1638 3529 1703 sentient:

623 1728 770 1789 utut
816 1726 1056 1811 singuli
1096 1732 1387 1807 emtores»,
1421 1731 1666 1793 ratione
1707 1738 1810 1788 τοῦ
1854 1730 2003 1789 δῖενκ
2053 1732 2380 1795 vendentis
2415 1732 2616 1815 piper,
2646 1735 2756 1795 aut
2781 1734 3053 1806 acetum,
3078 1732 3192 1792 aut
3218 1748 3532 1803 saccatum,

625 1817 736 1876 aut
759 1836 915 1879 uvas
940 1837 1178 1898 passae,
1207 1820 1318 1879 aut
1347 1816 1679 1896 lactucam,
1709 1818 1809 1882 &c.
1835 1819 1959 1882 sibi
1984 1823 2237 1883 tantum
2262 1824 2531 1903 partem,
2560 1824 2672 1883 aut
2694 1818 3077 1902 particulam
3102 1817 3229 1881 diei
3252 1816 3533 1879 interver-

623 1904 786 1965 tant.
835 1900 958 1967 Sed
1005 1904 1059 1967 si
1105 1904 1396 1987 singulae
1436 1906 1720 1971 familiae
1767 1907 1834 1970 in
1860 1908 2076 1991 aliqua
2104 1909 2256 1972 urbe
2285 1910 2607 1993 degenteS,
2635 1930 2779 1972 cum
2802 1907 3057 1971 rusticis
3084 1906 3149 1969 in
3186 1904 3475 1969 suburbio
3494 1904 3533 1967 8:

623 2011 778 2073 agro
827 1991 1107 2074 ejusdem
1155 1993 1331 2057 urbis
1355 2017 1609 2058 omnem
1634 1995 1867 2071 cibum,
1893 1997 2107 2060 omnia
2130 1997 2416 2075 obsonia,
2442 1996 2657 2061 omnia
2675 1996 3099 2071 condimenta,
3123 1994 3337 2058 omnia
3362 1992 3531 2057 bella·

622 2076 738 2155 ria,
786 2100 1039 2144 omnem
1085 2084 1308 2165 potum
1346 2084 1392 2147 a
1440 2083 1772 2167 liquorem,
1829 2086 2039 2147 omnia
2087 2086 2167 2149 ad
2191 2087 2459 2163 culinae,
2486 2086 2532 2149 81
2556 2084 2682 2149 foci
2706 2083 3208 2157 calefactionem,
3234 2082 3315 2145 ad
3338 2082 3535 2145 domus

623 2168 1089 2251 purgationem,
1131 2169 1211 2233 ad
1249 2172 1552 2235 vestitum
1601 2174 1647 2237 &
1693 2176 1989 2236 ornatum
2028 2175 2328 2257 corporiS,
2363 2174 2495 2238 sive
2544 2172 2901 2238 necessaria
2926 2172 3056 2235 sive
3082 2170 3291 2247 utilia,
3324 2170 3431 2233 illo
3450 2168 3535 2233 die

625 2254 750 2317 sibi
796 2278 1161 2339 comparare
1216 2259 1643 2339 instituerent,
1694 2260 1982 2325 viderent
2022 2262 2278 2346 singuli,
2335 2263 2389 2326 si
2430 2285 2555 2326 non
2604 2264 2832 2338 totum,
2861 2259 3086 2324 saltem
3116 2280 3413 2344 magnam
3430 2256 3536 2321 diei

621 2347 871 2425 partem
918 2346 1234 2411 exercitiis
1273 2347 1530 2431 pietatis
1562 2349 2049 2432 impendendam
2073 2350 2197 2413 sibi
2223 2351 2617 2415 subtractum
2642 2350 2745 2415 iri.
2794 2348 2889 2413 De
2922 2348 3393 2412 ambulatorum
3414 2368 3538 2411 cur·

620 2453 822 2514 ruque
847 2434 892 2500 8⁶
909 2435 1168 2520 navigio
1191 2437 1562 2516 volantium,
1589 2438 1758 2502 domi
1791 2461 1943 2502 suae
1975 2438 2043 2502 in
2075 2441 2354 2504 triclinio
2380 2444 2491 2504 aut
2512 2440 2667 2504 foris
2692 2440 2760 2503 in
2783 2438 2989 2503 hortis
3017 2434 3479 2502 convivantium
3498 2435 3537 2501 81

622 2519 995 2602 ludentium,
1023 2525 1418 2602 saltantium,
1447 2526 1628 2610 [pag.
1667 2527 1869 2612 1271]
1903 2529 2273 2592 venantium
2299 2529 2558 2606 delitiis,
2598 2551 2725 2591 non
2766 2531 2864 2591 est
2894 2528 3063 2610 quod
3088 2526 3283 2590 verba
3304 2525 3535 2589 faciam.

621 2606 691 2672 Si
724 2610 834 2692 qui
859 2607 988 2674 sint
1011 2611 1130 2677 hac
1162 2613 1226 2677 in
1251 2618 1432 2696 parte
1458 2613 1500 2678 J
1505 2615 1869 2678 udaizantes
1896 2616 1995 2699 (de
2024 2639 2147 2698 quo
2175 2619 2394 2700 supra)
2418 2617 2497 2680 iis
2538 2617 2865 2681 meliorem
2892 2619 3171 2679 mentem
3196 2634 3535 2698 precamur;

621 2701 694 2759 ut
737 2698 1131 2779 perditorum
1173 2699 1216 2764 J
1220 2703 1565 2766 udaeorum
1611 2704 2434 2786 pseudo-sabbathizatione
2474 2705 2714 2784 relicta,
2742 2704 2942 2768 semel
2958 2703 3365 2768 Dominicurn
3391 2703 3537 2766 diem

620 2806 764 2848 cum
797 2785 1176 2853 Christianis
1199 2790 1496 2873 religiose
1528 2795 1797 2855 servent.
1841 2791 2037 2856 Casus
2062 2793 2455 2858 necessitatis
2480 2793 2585 2857 hic
2608 2793 3046 2876 exceptionem
3068 2813 3201 2856 non
3222 2791 3404 2855 facit:
3434 2787 3537 2854 nisi

619 2873 785 2936 forte
809 2878 1173 2940 aestuantes
1199 2877 1662 2961 hypochondrii
1689 2902 1973 2962 vaporeS,
2002 2885 2113 2944 aut
2136 2904 2385 2945 morsus
2411 2882 2776 2946 tarantulae
2810 2885 2923 2945 aut
2946 2879 3193 2963 aliquid
3225 2879 3399 2944 aliud
3422 2900 3536 2943 ma·

619 2960 772 3038 lum,
805 2967 1166 3045 promptam
1193 2966 1390 3030 animi
1430 2969 1474 3033 81
1500 2967 1776 3050 corporis
1802 2969 2254 3033 recreationem
2280 2973 2326 3036 8z
2352 2970 2872 3034 exercitationem
2895 2969 3206 3052 requirat,
3232 2990 3397 3052 quae
3420 2967 3533 3032 sine

618 3049 900 3131 periculo
923 3050 991 3114 in
1015 3053 1361 3118 crastinum
1390 3055 1629 3120 differri
1654 3061 1945 3137 nequeat.
1974 3056 2183 3121 XVII.
2235 3058 2337 3121 An
2385 3058 2808 3124 recreationes
2843 3057 3137 3140 publicae
3162 3057 3532 3132 chorearum,

620 3138 666 3201 a
697 3137 1005 3203 similium
1030 3141 1286 3205 lusuum
1311 3146 1606 3228 (quorum
1631 3167 1823 3226 supra
1857 3145 2288 3219 meminimus)
2316 3148 2551 3230 populo
2583 3147 3019 3211 concedendae
3068 3146 3237 3210 sint:
3264 3151 3340 3210 ut
3362 3163 3531 3229 popu·

619 3224 718 3289 lus
759 3229 938 3291 tanto
989 3230 1218 3294 melius
1264 3230 1386 3295 hac
1410 3237 1701 3296 concessa
1725 3232 2021 3297 libertate
2054 3234 2120 3296 in
2152 3233 2489 3320 Religione
2515 3235 2864 3299 reformata
2882 3234 3275 3312 stabiliatur,
3303 3237 3349 3300 &
3374 3239 3409 3297 'a
3430 3231 3531 3297 Pa-

620 3314 826 3395 pismo
873 3322 1198 3382 avertatur
1215 3321 1246 3382 P
1293 3321 1473 3403 Resp.
1513 3319 1671 3385 Tale
1720 3321 1870 3404 quid
1918 3321 2227 3387 Sabbatbi
2276 3323 2828 3406 profanationibus
2874 3323 3196 3405 praetexit
3242 3317 3531 3387 Francisc.

622 3401 846 3467 White
878 3403 1089 3488 Episc.
1135 3406 1412 3472 Eliensis
1464 3409 1532 3472 in
1577 3412 1761 3472 tract.
1811 3409 2085 3493 Anglico
2134 3411 2207 3475 de
2234 3409 2565 3476 Sabbatho
2590 3435 2646 3476 a.
2680 3412 2868 3475 1635.
2910 3435 2973 3494 p.
3010 3411 3162 3476 266.
3192 3411 3305 3476 ubi
3354 3415 3437 3476 sic
3456 3410 3531 3472 lo-

621 3489 872 3572 quitur:
923 3496 1054 3559 Hoc
1098 3496 1344 3561 videtur
1375 3496 1533 3562 mihi
1573 3499 1861 3582 primum
1908 3499 2103 3581 sitisse
2134 3502 2436 3566 motivam
2480 3500 2879 3585 principibus
2926 3501 3183 3576 nostris,
3226 3512 3297 3566 ut
3320 3497 3531 3585 populo

617 3580 932 3679 quasdam
981 3586 1384 3650 recreationes
1432 3586 1664 3669 leyibus
1717 3588 1951 3651 nostris
1974 3608 2106 3652 non
2125 3589 2473 3672 prohibitas
2497 3590 2713 3655 diebus
2736 3590 2908 3674 festis
2930 3589 3346 3655 concederem.
3392 3588 3528 3654 Nam

619 3687 673 3731 st
729 3670 1078 3736 secandum
1118 3673 1439 3757 principia
1479 3673 1945 3739 Paritanoram
1970 3675 2045 3740 ab
2073 3679 2249 3741 omni
2272 3680 2649 3745 recreatione
2677 3699 2777 3744 eos
2806 3677 3155 3742 cohiberent
3174 3699 3189 3742 :
3210 3679 3343 3744 dies
3362 3679 3531 3764 festus

618 3774 808 3841 aeque
837 3759 1126 3842 inqratus
1149 3762 1305 3844 ipsis
1334 3762 1652 3827 adveniret
1675 3783 1746 3826 ac
1769 3763 1897 3827 dies
1922 3767 2278 3848 operarius:
2320 3767 2535 3832 Posset
2582 3767 2844 3851 insuper
2866 3767 3105 3831 ani-mis
3128 3768 3355 3851 populi
3368 3783 3529 3852 prae·

619 3845 806 3942 sentis
853 3845 1196 3930 Reliyionis
1223 3850 1557 3930 fastidium
1599 3852 1981 3935 inqenerare.
2030 3851 2154 3916 Sed
2176 3877 2493 3938 nusquam
2526 3855 2699 3919 Deus
2726 3855 2955 3934 docuit,
2982 3859 3056 3919 ut
3082 3857 3321 3920 mundo
3344 3856 3385 3919 ἃ
3414 3871 3527 3916 mo-

617 3931 795 3996 rlbus
843 3936 1396 4010 πατροπαρκδὸτστς
1427 3939 1494 4001 in
1519 3937 1765 4021 Papatu
1799 3941 2068 4023 receptis
2100 3963 2214 4006 nos
2239 3943 2689 4008 conformando
2719 3943 3014 4007 homines
3031 3947 3067 4006 a
3094 3944 3331 4008 mundo
3354 3944 3399 4009 81
3425 3937 3527 4003 Pa-

618 4023 774 4098 patu
797 4020 1322 4089 abalienaremuS.
1373 4025 1544 4089 Audi
1567 4026 1949 4109 Apostolum
1996 4027 2179 4094 Rom.
2218 4033 2315 4094 12.
2368 4054 2527 4095 vers.
2558 4034 2616 4096 2.
2672 4033 2759 4098 Ne
2788 4033 3308 4115 conformamini,
3326 4033 3432 4097 ’δῖα
3456 4024 3527 4090 Et

621 4103 1056 4208 Augu-stillum
1103 4111 1178 4175 de
1215 4113 1422 4176 verbis
1459 4111 1738 4191 Domini,
1775 4111 1979 4180 Serm.
2008 4117 2069 4181 6.
2118 4118 2187 4183 si
2209 4121 2506 4206 quaeritis
2529 4121 2701 4185 unde
2723 4121 3065 4185 vinea-ntur
3095 4121 3363 4205 Paqam',
3388 4113 3529 4184 mule

621 4195 1079 4293 altammenear,
1129 4201 1300 4265 unde
1323 4201 1408 4265 ad
1429 4204 1691 4267 salutem
1723 4217 2036 4270 vocemur.
2086 4206 2359 4274 Dese-rite
2388 4229 2603 4274 omnes
2628 4209 3027 4274 solennitates
3052 4210 3365 4294 ipsorum,
3386 4205 3525 4271 dese·

617 4292 734 4344 rue
755 4303 964 4366 nuyas
993 4307 1211 4352 eoram
1225 4311 1254 4362 ,¹
1283 4301 1336 4353 et
1360 4289 1416 4352 si
1444 4309 1576 4353 non
1598 4293 1985 4359 consentiant
2016 4295 2258 4360 veritati
2290 4309 2560 4374 nostrae,
2585 4298 2802 4362 sallem
2824 4297 3082 4380 pudeat.
3128 4295 3205 4361 In
3236 4297 3391 4361 tales
3412 4311 3527 4358 cax-

619 4368 795 4432 nales
816 4375 1235 4439 recreationes
1262 4375 1482 4440 diebus
1507 4375 1856 4445 Dominicis
1889 4383 2195 4446 exercitas
2221 4383 2610 4449 invehuntur
2636 4407 2713 4449 ex
2738 4385 3043 4450 Patribus
3064 4387 3346 4452 Clemens
3368 4381 3525 4448 Alex-

3428 4486 3529 4533 m·
