3694 4871
614 330 743 400 270
938 328 1310 404 D1sr.1X.
1358 328 1471 403 ΒΕ
1518 332 1769 403 S'rA‘ru
1814 328 2288 402 Era-:cronon
2333 358 2529 401 Ax'rs
2577 330 3206 404 Convsasroxsu.

613 524 949 589 contrariis
993 524 1309 591 fructibus
1334 524 1715 589 contrariam
1738 528 2064 608 appareat.
2113 524 2176 589 4.
2201 522 2429 606 Excipi
2463 527 2698 607 posset,
2729 523 2883 588 hinc
2907 524 3090 609 sequi
3113 522 3458 587 amentiam
3487 523 3526 587 tt

614 614 991 678 surditatem
1045 614 1112 677 in
1148 613 1509 677 amentibus
1555 615 1601 679 δι
1646 612 1855 677 surdis
1901 613 2243 678 foederatis
2288 634 2404 695 pro
2433 612 2797 677 indubitato
2823 612 3187 678 charactere
3211 610 3526 675 electionis

614 702 938 767 constitui.
987 702 1061 769 R.
1090 702 1431 785 Quousque
1473 699 1828 766 infantibus
1865 700 2149 767 defectus
2173 700 2696 779 ratiocinationis,
2722 702 2769 767 a
2792 704 3248 785 consequenter
3269 698 3528 763 actualis

614 791 995 874 receptionis
1019 790 1261 855 Christi
1282 812 1396 874 per
1428 790 1617 854 fidem
1640 810 1719 853 ex
1750 789 1930 854 verbi
1954 790 2198 868 auditu,
2223 793 2296 853 ut
2324 790 2370 855 δι
2394 788 2678 853 defectus
2702 788 2902 853 obicis
2940 811 3050 853 seu
3083 788 3370 854 absentia
3397 788 3522 852 obi·

613 878 723 958 ciS,
749 900 941 962 quem
966 879 1302 965 euangelio
1324 880 1371 943 δι
1394 878 1702 943 oblationi
1728 878 1968 943 Christi
1997 900 2114 943 nec
2136 882 2401 962 ponunt,
2427 898 2544 941 nec
2567 899 2801 961 ponere
2825 882 3111 961 possunt,
3130 899 3243 961 pro
3265 876 3520 941 charac-

612 971 751 1032 tere
802 967 1201 1032 indubitatae
1250 966 1573 1032 electionis
1621 967 2051 1045 constituitur,
2100 970 2212 1031 aut
2255 988 2380 1030 non
2427 965 2871 1041 constituitur;
2920 987 3195 1050 eousque
3239 966 3432 1029 etiam
3463 964 3520 1027 in

614 1056 977 1120 amentibus
1008 1058 1054 1122 δι
1077 1056 1284 1121 surdis
1310 1058 1529 1139 (supra
1552 1054 1912 1139 descriptis)
1939 1059 1976 1120 a
1998 1055 2181 1121 nobis
2205 1054 2507 1119 constitui
2538 1057 2768 1137 potest.
2817 1053 2946 1119 Ubi
3000 1055 3143 1138 quis
3167 1052 3522 1138 explicuerit

614 1146 661 1210 Sc
707 1144 1071 1227 probaverit
1117 1144 1548 1209 indubitatum
1585 1142 2020 1209 characterem
2065 1145 2409 1209 electorum
2445 1141 2786 1222 infantum,
2826 1165 3059 1227 sequar
3079 1144 3285 1227 ipsum
3315 1141 3517 1225 appli-

615 1232 812 1295 cando
858 1234 1127 1299 eundem
1182 1232 1367 1298 dictis
1413 1232 1777 1296 amentibus
1800 1234 1846 1298 δι
1871 1232 2112 1297 surdis:
2144 1232 2254 1296 ubi
2277 1231 2548 1310 steterit,
2580 1233 2628 1297 dt
2658 1252 2780 1316 ego
2794 1231 2996 1296 stabo,
3023 1231 3148 1297 Sed
3172 1232 3246 1297 de
3267 1230 3366 1294 his
3386 1230 3520 1313 plus

614 1322 792 1384 satis,
840 1320 995 1385 Dixi
1039 1322 1206 1405 quod
1246 1322 1315 1386 in
1353 1344 1421 1385 re
1447 1342 1572 1384 non
1596 1323 1733 1384 tam
1756 1321 2001 1406 liquida
2026 1321 2189 1385 mihi
2213 1320 2339 1384 dici
2363 1341 2548 1403 posse
2577 1319 2944 1385 videbatur:
2981 1320 3093 1385 sed
3117 1321 3352 1405 absque
3373 1318 3520 1381 alio-

614 1431 755 1473 rum
780 1411 1186 1493 praejudicio,
1204 1432 1319 1474 nec
1342 1410 1640 1494 cuiquam
1665 1410 1818 1494 quid
1842 1410 2220 1493 praescribo.
2255 1408 2416 1472 Eam
2445 1408 2811 1472 libertatem
2835 1409 3114 1474 vicissim
3137 1408 3294 1473 mihi
3314 1428 3519 1471 conce-

614 1498 787 1577 dant,
814 1520 1008 1583 quam
1033 1500 1187 1583 ipsis
1221 1497 1496 1562 libenter
1525 1497 1834 1581 relinquo,
