3694 4871
637 304 720 373 80
1126 297 1714 369 D1sP.IV.D1·:
1761 302 2389 369 NECESSITATE
2436 326 2529 367 ΕΤ
2578 297 3093 369 Urna-rnre:

635 490 990 575 apostasiae
1036 490 1324 554 absolute
1361 488 1676 565 exitialis3
1703 512 1778 553 ea
1803 490 1975 553 enim
1998 493 2250 573 praeter
2276 478 2585 572 pietatem
2612 488 2657 552 81
2682 490 3089 572 probitatem,
3114 490 3339 554 statuit
3374 489 3553 553 fidem

635 580 823 643 unius
868 577 1010 653 Dei,
1038 580 1084 643 &
1108 578 1347 641 Christi
1371 582 1678 661 tanquam
1705 578 1924 662 magni
1948 578 2297 661 prophetae
2324 600 2395 641 ac
2422 577 2622 661 legati
2654 577 2776 642 Dei
2800 600 2877 642 ex
2908 578 3158 663 virgine
3188 579 3343 652 nati,
3370 580 3551 641 immo

633 673 940 751 tanquam
971 665 1242 731 Messiae
1271 691 1284 743 ;
1317 667 1411 730 ita
1434 670 1506 730 ut
1530 665 1596 729 in
1619 666 1721 729 his
1745 666 2331 731 fundamentalibus
2355 688 2481 729 non
2504 666 2840 730 admodum
2864 667 3201 731 dissentire
3228 668 3548 731 videantur

635 756 716 821 ab
746 753 1308 819 Anti-Trinitariis
1353 754 1676 819 Francisci
1700 753 1963 819 Davidis
1988 755 2407 819 sectatoribus
2434 779 2449 831 3
2484 777 2643 837 quos
2670 778 2887 819 omnes
2931 759 3191 819 aeterno
3217 755 3412 819 exitio
3436 776 3550 819 non

635 844 1032 909 devovebunt
1056 844 1180 927 (uti
1201 844 1450 928 opinor)
1475 842 2019 916 Remonstrantes;
2048 843 2201 907 solis
2219 844 2351 907 scil.
2367 842 2579 907 Socini
2596 843 3033 919 sectatoribuS,
3054 844 3208 927 quia
3226 846 3380 907 duos
3394 843 3549 907 Deos

634 942 878 1010 vocant,
927 935 1221 995 aeternae
1269 932 1462 995 saluti
1495 932 1851 1014 adscriptis.
1901 932 2105 1007 Quam
2130 934 2299 995 recte
2324 954 2517 1014 supra
2549 932 2708 995 alios
2740 932 3030 995 infideles
3056 932 3550 997 Mahumedistae

635 1023 711 1087 de
759 1020 1012 1085 Christo
1045 1020 1342 1097 sentiant,
1374 1020 1634 1085 innuere
1663 1021 1863 1083 voluit
1888 1018 2476 1084 Remonstrantium
2502 1020 2819 1103 quondam
2844 1020 3186 1085 advocatus
3216 1020 3471 1085 Grotius
3490 1020 3547 1083 in

635 1114 818 1175 tract.
869 1109 944 1173 de
976 1108 1266 1172 Ver-itate
1309 1108 1636 1192 religionis
1661 1108 2061 1173 Christianae
2088 1107 2197 1171 lib.
2226 1108 2285 1171 6.
2314 1129 2461 1192 pag.
2496 1110 2597 1171 18.
2628 1110 2753 1175 Nos
2777 1129 2919 1173 vero
2941 1130 3087 1173 cum
3110 1110 3325 1173 lesum
3348 1109 3463 1174 Dei
3482 1112 3549 1192 fi·

637 1199 790 1263 lium
840 1196 1127 1275 dici‘muS,
1145 1198 1256 1263 hoe
1282 1198 1735 1283 siqnificavmts,
1760 1198 1929 1282 quod
1960 1198 2091 1281 ipse
2114 1218 2257 1262 cum
2282 1218 2421 1261 eum
2448 1197 2705 1262 verbum
2728 1198 2785 1261 ci
2806 1198 2947 1261 dicit
2964 1220 2984 1261 .·
3014 1198 3279 1262 verbum
3298 1199 3465 1263 enim
3484 1220 3547 1261 cx

637 1298 837 1351 mente
881 1285 1305 1371 suoquodam
1352 1286 1534 1349 modo
1577 1286 1906 1369 959nitur:
1938 1286 2099 1350 adde
2128 1287 2291 1369 jam,
2330 1286 2498 1369 quod
2527 1308 2603 1350 ex
2628 1285 2886 1368 vimine,
2913 1287 3047 1349 sola
3070 1286 3194 1352 Dei
3218 1307 3409 1369 opera
3436 1287 3549 1349 vim

632 1387 966 1459 paternam
995 1376 1319 1459 supplente
1347 1386 1540 1438 natus
1563 1386 1668 1451 est,
1693 1376 1864 1459 quod
1889 1375 1958 1439 in
1983 1375 2219 1439 coelum
2241 1386 2474 1438 evectus
2500 1375 2618 1439 Dei
2636 1386 2941 1456 potestate,
2974 1394 3135 1459 quae
3163 1372 3228 1439 ἃ·
3250 1376 3391 1459 ipsa
3420 1376 3546 1439 Μα-

634 1464 873 1529 humcti
915 1464 1195 1546 consessa
1238 1462 1571 1527 ostendunt
1593 1464 1806 1527 lesam
1829 1464 2146 1547 sinywtari
2168 1462 2445 1547 quodam
2455 1464 2493 1545 j
2499 1484 2609 1528 ure
2638 1464 2756 1528 Dei
2784 1464 2995 1550 filium·
3026 1464 3341 1547 appcllari
3368 1484 3547 1542 posse,

641 1551 704 1617 ἃ·
740 1552 968 1617 debere.
1011 1550 1188 1615 Haec
1213 1552 1404 1618 verba
1430 1550 1652 1615 lectori
1676 1550 2037 1615 Christiano
2060 1550 2469 1635 eaependenda
2492 1552 2803 1635 relinquo,
2853 1549 2969 1614 III.
2996 1549 3409 1635 Sequeretur,
3440 1572 3545 1615 non

634 1662 818 1724 posse
851 1639 1050 1703 evinci
1083 1661 1342 1707 errores,
1391 1638 1726 1718 Cerintihi,
1753 1639 2039 1718 Ebionis‚
2068 1640 2450 1717 ArtemoniS,
2480 1639 2902 1722 Herxnophili,
2930 1640 3279 1723 Appolloni
3306 1642 3356 1705 a
3388 1640 3547 1703 simi-

637 1730 794 1793 lium
816 1732 1243 1792 monstrorum
1266 1728 1464 1791 fuisse
1489 1727 2019 1806 fundamentales»,
2044 1750 2171 1792 non
2196 1728 2402 1813 magis
2426 1750 2619 1811 quam
2651 1728 2807 1805 Arii,
2834 1726 3257 1805 Samosateni,
3284 1728 3547 1803 Photini,

635 1816 866 1892 Socim,
912 1816 1232 1881 Francisci
1265 1814 1549 1894 DavidiS,
1598 1815 1863 1881 Serveti.
1892 1816 2031 1879 Illis
2057 1818 2225 1880 enim
2250 1838 2449 1899 aeque
2474 1838 2547 1879 ac
2571 1817 2713 1880 istis
2736 1816 3012 1899 proclive
3038 1817 3159 1880 erit
3184 1818 3471 1901 excipere
3490 1839 3546 1879 se

635 1906 947 1989 siquidem
973 1905 1206 1969 alicubi
1233 1908 1463 1977 errent,
1491 1906 1760 1989 paucula
1783 1906 1898 1967 illa
1922 1904 2475 1968 Remonstrantica
2498 1904 3003 1969 fundamentalia
3026 1908 3246 1969 tamen
3268 1906 3547 1978 retinere,

635 2016 799 2079 quae
831 1998 1010 2057 sunt:
1061 1993 1241 2069 Quod
1272 1993 1357 2057 sit
1388 1992 1582 2071 Densi,
1623 1996 1670 2059 &
1717 1994 1886 2077 quod
1917 1994 2002 2057 sit
2026 1998 2461 2057 renumerator
2487 2018 2501 2069 3
2549 1995 2713 2076 quod
2740 1993 2825 2056 sit
2852 2016 3013 2057 unus
3034 1992 3355 2057 Dominus
3378 1993 3547 2058 Jesus

637 2083 947 2160 Christus,
989 2082 1142 2161 Aut,
1192 2087 1265 2145 ut
1295 2082 1501 2145 verbis
1529 2086 1670 2145 utar
1695 2080 1989 2156 ἁνωνὺμου
2012 2081 2079 2145 in
2104 2081 2373 2163 epistola
2406 2082 2739 2165 apologiae
2764 2080 3361 2146 Remonstrantium
3384 2105 3547 2166 prae-

635 2174 762 2237 fixa
815 2172 1170 2239 Necessaria
1216 2171 1510 2254 doqmata
1554 2191 1716 2247 voco,
1751 2190 1913 2255 quae
1942 2192 2017 2234 ea·
2048 2171 2253 2258 officio
2274 2169 2453 2234 nobis
2477 2172 2545 2235 in
2569 2172 2913 2253 Euanqclio
2936 2172 3081 2235 lesu
3116 2170 3355 2235 Christi
3382 2191 3547 2255 prae-

635 2263 862 2345 scripto
909 2260 1252 2326 necessa-rio
1277 2260 1541 2324 tenenda
1563 2280 1636 2323 ac
1659 2259 1949 2344 facienda
1972 2270 2122 2324 sunt
2146 2282 2169 2335 ;
2200 2270 2267 2323 ut
2300 2271 2553 2325 aeterna
2576 2261 2798 2325 salutis
2818 2260 3153 2342 participes
3175 2260 3509 2324 evadamus
3532 2281 3549 2329 ,-

635 2371 792 2437 quae
839 2350 1039 2414 trib-us
1085 2350 1183 2413 his
1228 2348 1678 2432 comprehendo
1703 2370 1726 2423 ;
1759 2348 1909 2412 Fide
1940 2348 2304 2412 divinorum
2326 2348 2809 2431 promissorum,
2834 2348 3174 2413 obedientia
3196 2349 3545 2413 divinorum

629 2451 1124 2522 praeceptormn,
1171 2434 1234 2503 ἃ·
1263 2438 1457 2502 debita
1481 2438 1832 2521 scripturi&
1860 2437 2087 2523 quibu-s
2108 2449 2355 2520 praeter
2380 2439 2696 2522 promissa
2722 2458 2793 2501 ae
2810 2448 3157 2520 praecepta,
3183 2438 3317 2504 alia
3348 2438 3545 2502 omnia

631 2529 847 2593 divina
873 2530 1128 2592 oracula
1143 2539 1328 2611 atque
1349 2527 1676 2591 enuntiata
1698 2528 2114 2604 continentur,
2132 2527 2488 2590 reverentia.
2518 2525 2584 2591 Si
2612 2525 2959 2609 supradicti
2974 2525 3281 2590 haeretici
3298 2549 3426 2591 non
3444 2526 3545 2589 ob-

634 2620 843 2680 stante
868 2616 1182 2680 sententia
1205 2637 1320 2679 sua
1344 2615 1420 2679 de
1445 2613 1762 2679 Trinitate
1782 2638 1796 2692 3
1825 2615 2064 2678 Christi
2092 2637 2362 2698 persona
2388 2617 2485 2680 Sic.
2512 2618 2948 2697 protestentur
2970 2636 3155 2678 suam
3182 2616 3544 2699 religionem

631 2705 802 2768 intra
825 2704 970 2767 illos
991 2703 1296 2767 terminos
1322 2725 1596 2781 manere,
1623 2704 1667 2767 a
1693 2725 2081 2780 mansuram,
2107 2707 2416 2786 quantum
2443 2726 2555 2785 per
2578 2703 3029 2767 conscientiam
3053 2703 3543 2768 &infirmitatem

635 2771 774 2856 fied
798 2795 1041 2875 potest;
1068 2792 1298 2874 quibus
1337 2792 1688 2874 scripturae
1714 2792 2097 2856 testimoniis
2124 2792 2459 2855 excludent
2482 2790 2625 2855 illos
2655 2795 2688 2854 ὲ
2711 2795 2910 2874 regno
2935 2791 3275 2870 coelorum,
3300 2794 3350 2856 81
3376 2793 3543 2878 [pag.

635 2882 796 2965 475]
845 2883 1300 2963 consequenter
1342 2879 1780 2943 communione
1825 2903 1942 2944 sua
1973 2879 2444 2944 ecclesiastica?
2476 2879 2763 2943 Breviter
2787 2902 2912 2963 quo
2934 2880 3163 2951 colore,
3188 2883 3235 2946 81
3260 2903 3389 2964 qua
3412 2901 3544 2944 con·

634 2969 900 3033 scientia
944 2967 1497 3032 Remonstrantica
1536 2990 1834 3053 segreges
1860 2974 2075 3032 coetus
2100 2972 2138 3032 a
2170 2967 2521 3032 Socinianis
2548 2967 2853 3032 hactenus
2878 2967 3239 3032 celebrant:
3266 2991 3382 3033 cur
3402 2968 3541 3032 scis-

635 3079 776 3122 sum
815 3056 1372 3121 Christianismum
1416 3078 1541 3119 non
1575 3057 1849 3120 uniunt?
1883 3079 1994 3121 cur
2030 3079 2265 3121 novum
2310 3057 2539 3121 scisma
2561 3055 2827 3134 faciunt,
2853 3059 2899 3122 a
2922 3057 3174 3169 fovent?
3208 3079 3323 3120 cur
3348 3058 3427 3121 ad
3448 3077 3543 3120 eos

635 3146 714 3210 ad
739 3145 1207 3210 fraternitatem
1230 3145 1385 3208 satis
1409 3144 1754 3208 invitantes
1778 3150 1997 3228 aperte
2022 3167 2145 3210 non
2166 3149 2581 3224 accesserunt,
2600 3167 2745 3209 cum
2762 3145 3143 3210 conscientia
3168 3167 3277 3210 eos
3300 3149 3543 3231 cogeret

636 3238 737 3320 (ut
765 3235 1210 3318 praetendunt)
1238 3236 1276 3296 a
1304 3233 1487 3297 nobis
1518 3234 1805 3298 secedere
1824 3239 1855 3298 P

725 3321 792 3392 5.
845 3321 1260 3406 Argumentis
1305 3322 1538 3386 nostris
1587 3322 1875 3386 addimus
1920 3344 2296 3388 consensum
2343 3323 2539 3387 totius
2579 3322 3073 3400 Christianismi,
3098 3324 3271 3406 apud
3294 3344 3477 3406 quem
3500 3322 3540 3386 81

634 3411 1018 3477 testimoniis
1045 3411 1390 3482 doctorum,
1423 3411 1469 3476 &
1493 3411 1758 3474 decretis
1784 3412 2187 3494 synodorum.
2212 3415 2258 3478 &
2282 3412 2540 3475 statutis
2570 3410 2857 3476 Politicis
2880 3411 3198 3496 dogmatis
3221 3411 3414 3496 hujus
3442 3433 3541 3474 ne-

630 3501 890 3566 cessitas
937 3500 1242 3564 hactenus
1267 3499 1689 3582 praescripta:
1717 3501 1870 3563 solis
1896 3499 2497 3565 ltemonstrantibus
2521 3499 2589 3564 in
2619 3500 2895 3584 gratiam
2928 3499 3397 3564 Sicinianorum
3424 3499 3539 3562 dis-

633 3590 1072 3654 sentientibus.
1107 3587 1278 3652 Nam
1309 3587 1351 3650 J
1356 3588 1637 3651 ustinum
1663 3587 2014 3672 Martyrem
2038 3590 2104 3652 in
2128 3595 2342 3672 partes
2366 3611 2513 3653 suas
2540 3588 2777 3652 frustra
2810 3588 3179 3672 pertrahere
3202 3593 3535 3652 conantur:

633 3682 705 3742 ut
728 3682 1050 3742 ostensum
1091 3681 1186 3740 est
1213 3680 1251 3740 ὲ,
1273 3674 1416 3739 DD.
1449 3676 1792 3740 Professor.
1827 3677 2241 3742 Leidensibus
2275 3679 2339 3741 in
2363 3678 2664 3760 excerptis
2688 3698 2764 3742 ex
2786 3679 3095 3761 apotoqia,
3120 3679 3169 3742 81·
3198 3677 3279 3741 D.
3324 3675 3540 3742 Vedelio

633 3767 702 3832 in
725 3767 978 3831 arcanis
1001 3765 1503 3832 Arminiane’smi.
1531 3764 1626 3827 De
1653 3763 1953 3830 Salviano
1978 3766 2147 3830 infra
2170 3779 2317 3850 part
2361 3768 2559 3830 altera
2582 3766 2736 3830 thesi
2759 3768 2818 3830 3.
2854 3764 3007 3848 quid
3030 3766 3330 3830 dicemus.
3356 3765 3537 3830 Porro

633 3855 995 3940 catalogum
1019 3859 1314 3919 autorum
1339 3855 1384 3918 &
1409 3853 1919 3918 testimoniorum
1940 3877 2066 3918 non
2092 3856 2371 3938 estquod
2390 3855 2493 3918 hic
2508 3858 2818 3918 texamus,
2838 3854 3205 3940 Symbolum
3224 3856 3535 3928 Nicenum,

638 3942 701 4008 ἃ·
747 3946 897 4009 Λεία
944 3945 1222 4026 ejusdem
1255 3941 1529 4018 Concilii,
1564 3944 1610 4006 &
1637 3943 1861 4007 Concil.
1890 3945 1951 4008 2.
1982 3945 2510 4026 Constantinopol.
2536 3964 2670 4026 cap.
2702 3944 2758 4006 7.
2792 3941 2853 4008 ἃ·
2876 3942 3233 4024 ,ςψηϋοίαηι
3258 3944 3480 4008 Attum.
3502 3945 3535 4002 ἐι

632 4037 770 4096 toto
795 4031 1278 4096 Christianismo
1303 4051 1504 4112 usque
1529 4029 1594 4092 in
1621 4030 1786 4094 hunc
1811 4032 1975 4095 diem
1998 4033 2438 4115 approbatum,
2458 4035 2494 4094 a
2508 4033 2658 4096 solis
2676 4030 3277 4096 Remonstrantibus
3294 4031 3533 4116 Apoloq.

632 4141 766 4204 cap.
795 4123 855 4185 3.
881 4121 1103 4184 acerbe
1128 4119 1407 4200 &inique
1425 4118 1899 4200 reprehensum,
1918 4121 2067 4184 huic
2084 4121 2177 4185 rei
2194 4122 2719 4185 demonstrandae
2734 4119 3070 4184 sufnceret:
3086 4125 3249 4188 ὅστις
3270 4117 3535 4192 βούλεται

634 4213 896 4271 σωθῆναι
927 4210 1024 4274 &c.
1057 4207 1369 4271 Addimus
1401 4204 1724 4270 Hilarium
1771 4208 1881 4270 lib.
1918 4212 2137 4272 contra
2169 4209 2565 4274 Auxentium
2598 4209 2715 4272 sub
2740 4209 2971 4272 finem:
3002 4208 3291 4273 Absistite
3310 4208 3387 4272 ab
3408 4209 3531 4271 Au·

633 4295 841 4360 mentio
886 4296 1159 4362 Satanae
1202 4295 1442 4380 anqelo,
1467 4295 1635 4359 hoste
1663 4297 1889 4361 Christi
1910 4310 2169 4376 vastato,
2198 4298 2443 4382 perdito
2466 4298 2612 4384 fidei
2634 4309 2943 4381 neyatore,
2968 4318 3163 4384 quam
3192 4299 3283 4362 sic
3300 4309 3387 4362 est
3416 4293 3534 4377 reqi

628 4386 949 4472 professus
994 4396 1064 4450 ut
1101 4385 1339 4468 falleret
1353 4405 1378 4460 ;
1409 4384 1496 4447 sic
1517 4384 1728 4468 fefellit
1741 4408 1766 4460 ;
1793 4399 1864 4452 ut
1888 4387 2362 4470 blasphemaret.
2393 4387 2722 4472 Conyreyet
2748 4407 2921 4452 nunc
2942 4387 3045 4452 itte
3071 4383 3183 4452 aa.
3210 4387 3364 4452 mita·
3390 4393 3537 4536 ceriti

3446 4494 3463 4536 z
