3694 4871
658 307 784 371 106
1067 304 3041 373 D1sr.IV.DnNncsssmA·1-sn‘rUrlmrArs

653 492 844 575 paulo
882 494 1027 574 post
1074 512 1133 573 p.
1180 489 1282 553 13.
1324 490 1442 555 Hic
1483 510 1589 575 eqo
1629 490 1867 573 optima
1896 490 2020 577 fide
2058 492 2373 578 profiteor,
2418 492 2734 556 neminem
2766 511 2865 556 me
2894 511 3077 556 nosse
3108 491 3181 555 in
3213 492 3391 557 omni
3424 494 3557 559 Hol-
3655 466 3658 567 Ξ

655 580 905 645 landiae
941 590 1262 657 conventu,
1296 579 1407 665 qui
1443 599 1573 643 non
1615 578 1750 643 istis
1781 579 2187 662 opinionibus
2216 578 2279 644 a
2302 580 2599 645 omnibus
2622 580 2685 645 a·
2714 582 2983 664 sinyalis
3006 580 3292 645 dicturas
3318 582 3397 645 sit
3417 602 3555 647 ana-

653 668 880 734 thema.
929 666 1276 751 Opiniones
1322 671 1536 731 autem
1572 666 1637 730 in
1685 668 1893 751 specie
1920 666 2272 751 designata,
2301 672 2348 735 St
2368 669 2749 753 yravissima
2772 670 3045 733 crimina
3076 668 3357 751 apellata
3380 675 3555 749 erant,
3655 668 3658 685 ¹

651 755 912 842 Negata
937 754 1233 829 ὸμοσὺσιος
1279 754 1376 815 καὶ
1425 754 1773 834 ἂσύγχυτος
1795 755 1889 815 καὶ
1933 754 2245 829 ἀδιαίρετος
2268 756 2451 829 τριὰς,
2488 758 2736 835 Christi,
2768 758 2966 822 immo
2995 756 3058 823 ἃ·
3080 756 3201 821 Dei
3220 777 3368 822 vera
3382 770 3551 823 aeter-
3656 834 3658 841 Ι

545 842 554 850 “
651 845 841 920 nitas,
867 844 1258 909 immensitas
1281 866 1524 931 quoque
1551 842 1614 909 ἃ·
1637 845 1865 931 ubique
1882 846 2239 929 praesentia
2262 844 2551 924 οὖσιὼδης,
2580 858 2713 912 tum
2742 868 2881 913 vero
2908 844 2973 911 ἃ
3001 846 3556 919 immutabilitas&

653 932 1124 1017 omnipotentia,
1157 931 1219 998 a·
1248 953 1468 1001 rerum
1499 934 1875 1017 fat-ararum
1908 934 2179 998 maxime
2208 940 2327 992 τῶν
2358 932 2743 1013 ἐνδεχομένων
2768 933 3101 1007 πρέγνωσις
3126 938 3449 1017 praeterea
3468 942 3554 994 τοῦ

657 1024 798 1081 θεοῦ
819 1018 887 1079 τὲ
912 1019 1274 1110 ἄσαλμοςτον
1291 1022 1347 1080 ni
1373 1019 1444 1080 τὸ
1466 1020 1666 1080 ἄποιον
1701 1034 1903 1088 nictus
1934 1042 2077 1087 vero
2112 1043 2185 1087 ac
2220 1020 2563 1106 desperatio
2606 1022 2739 1087 Deo
2779 1020 3032 1100 tributa,
3064 1020 3128 1087 a
3148 1022 3399 1108 quidem
3420 1020 3555 1083 κατὰ

655 1110 1041 1185 κυριολαγίαν,
1082 1130 1162 1174 ne
1196 1110 1451 1196 quidem
1474 1110 1688 1194 aqnita
1723 1110 1963 1175 Christo
2004 1131 2127 1195 pro
2166 1113 2428 1196 peccatis
2466 1112 2695 1176 nostris
2739 1131 2888 1176 vem
2910 1132 2983 1175 ac
3008 1112 3200 1195 plena
3220 1112 3551 1197 satisfactio.

653 1196 750 1261 De
799 1196 1166 1263 pastoribus
1215 1196 1812 1263 Remonstrantibus
1861 1222 1919 1282 p.
1952 1199 2054 1265 16.
2097 1200 2295 1264 refert
2318 1200 2516 1264 cosin
2539 1210 2843 1265 conventit
2870 1200 3193 1265 Ordinum
3215 1211 3468 1279 testatos,
3493 1220 3549 1264 ea

651 1307 812 1373 quae
841 1286 1348 1353 Samosateniani
1369 1298 1480 1353 aut
1510 1288 1831 1353 Sociniani
1852 1288 2063 1353 docere
2083 1289 2159 1353 de
2180 1300 2640 1355 sacro-sanetae
2673 1289 2990 1361 Trinitate,
3017 1288 3092 1353 de
3114 1288 3357 1353 domini
3378 1290 3553 1354 nostri

655 1374 806 1441 «lesu
847 1374 1076 1441 Christi
1111 1396 1380 1459 persona
1418 1388 1605 1462 atq-ue
1641 1378 1857 1465 officio,
1897 1376 1973 1441 de
2006 1379 2275 1461 perfecta
2294 1398 2414 1459 pro
2432 1379 2694 1460 peccatis
2716 1378 3153 1461 satisfactione,
3179 1378 3255 1442 de
3264 1379 3550 1467 justifica-

654 1465 818 1529 tione
859 1464 1045 1529 etiam
1084 1464 1456 1543 dicerentur,
1503 1466 1544 1529 ἀ
1585 1486 1647 1529 se
1668 1466 1857 1549 rejici,
1882 1476 2098 1531 contra
2134 1486 2279 1531 vero
2300 1466 2379 1530 iis
2400 1466 2848 1543 adhaerescere,
2880 1486 3040 1551 qaae
3069 1467 3362 1531 universa
3388 1466 3547 1533 Chri-

653 1553 940 1618 stianitas
979 1552 1104 1618 illis
1135 1554 1210 1618 de
1240 1553 1420 1640 [pag.
1456 1552 1618 1638 508]
1658 1552 1842 1619 rebus
1876 1554 2170 1637 probaret
2196 1576 2210 1619 :
2255 1576 2533 1641 quaeqae
2548 1554 2791 1638 passim
2825 1555 2895 1618 in
2926 1556 3287 1639 reformatis
3321 1554 3551 1621 ecdesiis

655 1640 1039 1717 docerentur,
1071 1640 1134 1707 a·
1207 1664 1327 1708 uae
1347 1642 1474 1727 ipsi
1495 1642 1843 1708 docuissent
1876 1642 2189 1708 hactenus.
2216 1642 2291 1707 In
2316 1643 2440 1707 fine
2474 1643 2754 1729 ejusdem
2788 1641 2938 1706 libri
2961 1665 3022 1726 p.
3056 1644 3203 1706 126.
3230 1644 3359 1709 Hoc
3376 1654 3551 1729 ayant

653 1729 968 1795 illustriss.
1008 1663 1204 1796 Orch
1238 1732 1624 1815 (sequestros
1669 1732 1802 1795 scil.
1837 1754 1906 1795 se
1941 1732 2250 1814 praebent
2282 1731 2716 1816 pugnantibus
2754 1730 3101 1815 Theologis
3132 1731 3211 1795 de
3238 1730 3551 1816 praedesti-

653 1817 938 1901 natione)
961 1838 1095 1883 non
1117 1821 1466 1887 convellunt
1485 1820 1821 1907 antiquam
1844 1820 2052 1907 fidem,
2078 1842 2211 1886 non
2232 1821 2615 1886 Oecamenic.
2632 1821 3023 1906 synodorum
3038 1820 3334 1905 doymata
3346 1820 3551 1887 rescia-

654 1907 818 1972 dunt
833 1930 859 1983 ;
902 1927 1032 1971 non
1076 1907 1404 1995 Pelayium
1451 1909 1823 1975 resuscitant
1835 1932 1862 1985 ;
1909 1910 2040 1974 non
2092 1910 2178 1974 ad
2220 1909 2569 1975 Sarmatica
2596 1920 2887 1994 portenta
2938 1909 3287 1975 connivent.
3332 1908 3435 1994 (N.
3470 1908 3551 1991 Β.)

659 1994 1004 2061 Christiani
1047 2008 1216 2062 sant.
1251 1996 1544 2065 Catholici
1564 2010 1840 2064 manent.
1879 1999 2223 2082 Reformati
2251 2019 2379 2063 esse
2408 2019 2541 2063 non
2578 1996 2893 2063 desinunt.
2920 1996 3135 2080 Atque
3166 1996 3325 2062 haec
3344 1998 3552 2062 dictata

653 2088 806 2149 tunc
851 2082 1243 2158 ὀμοΞ-υμαὸἐν
1286 2086 1379 2151 ita
1401 2086 1757 2169 probabant
1788 2086 2333 2165 RemonstranteS,
2381 2090 2494 2151 aut
2524 2088 2753 2151 saltem
2779 2086 3050 2171 probare
3074 2108 3143 2150 se
3164 2085 3549 2151 simulabant.

656 2172 826 2250 Quin
869 2174 916 2239 ἃ
945 2172 1081 2237 loli.
1137 2175 1445 2240 Corvinus
1484 2176 1837 2259 apoloyiain
1870 2176 2063 2260 hujus
2084 2175 2303 2260 scripti
2337 2176 2628 2243 Gratiani
2652 2186 2871 2240 contra
2900 2176 3413 2260 Boqermannam
3439 2172 3550 2237 edi·

656 2262 768 2325 dit.
803 2260 1188 2346 Nuperrime
1235 2263 1454 2327 multis
1500 2263 1742 2349 ingenii
1776 2263 2031 2329 dotibus
2076 2264 2539 2343 ornatissimuS,
2588 2270 2633 2325 δι
2678 2262 3127 2328 celeberrimus
3174 2268 3361 2347 poeta
3394 2262 3550 2345 Gasp.

659 2348 965 2415 Barlaeus
1013 2350 1455 2435 philosophiae
1485 2352 1552 2415 in
1599 2350 1700 2415 Ill.
1737 2350 2083 2438 Gymnasio
2116 2351 2605 2418 Amstclredam.
2633 2350 2979 2430 Professor,
3006 2350 3098 2415 ita
3121 2356 3337 2416 censet
3364 2354 3553 2416 contra

655 2439 1065 2504 tolerantiam
1111 2439 1449 2506 Socinismi
1494 2442 1560 2505 in
1593 2440 1908 2506 Vindiciis
1955 2447 2174 2507 contra
2206 2440 2566 2522 Vedelium,
2592 2463 2750 2525 quas
2776 2444 2887 2505 aut
2916 2441 3055 2524 ipse
3078 2437 3443 2525 conscripsit
3460 2441 3555 2504 aut

655 2549 770 2612 pro
809 2551 876 2592 se
902 2528 1094 2592 scribi
1125 2529 1404 2594 curavit:
1441 2531 1708 2616 Loquar,
1735 2530 1945 2613 inquit
1967 2551 2085 2614 pro
2110 2533 2377 2598 Barlaeo
2400 2532 2689 2596 severius.
2726 2531 2869 2598 Non
2894 2529 3101 2614 potuit
3124 2530 3291 2596 illud
3312 2528 3555 2615 foediore

657 2617 908 2682 macula
931 2637 1366 2702 conspurcare,
1391 2639 1590 2704 quam
1611 2619 2062 2685 Socinianismi
2075 2645 2101 2696 ;
2122 2641 2307 2706 quem
2336 2621 2646 2686 Barlaeus
2665 2630 2900 2704 pestem
2939 2616 3001 2683 85
3022 2619 3423 2685 everticalum
3442 2635 3549 2681 esse

656 2704 802 2793 fidei
849 2705 1243 2772 Christianae
1277 2707 1527 2774 dudum
1573 2708 1855 2784 credidit,
1903 2709 2193 2796 viamque
2235 2720 2507 2774 sternere
2550 2709 2636 2773 ad
2656 2709 3054 2782 πανωλεθρίαι]
3076 2707 3213 2790 ejus
3236 2704 3549 2792 reliyionis,

655 2811 846 2879 quam
862 2793 1138 2878 pretioso
1159 2816 1274 2860 suo
1291 2795 1600 2880 sanquine
1620 2797 1893 2880 aspersit
1906 2808 2196 2864 aeternus
2211 2799 2451 2864 aeterni
2463 2798 2585 2864 Dei
2604 2797 2799 2884 filius,
2819 2807 3022 2882 totque
3036 2813 3211 2860 neces
3224 2806 3554 2880 martyrum

662 2880 728 2948 a
753 2883 1040 2948 lanienae
1059 2882 1368 2950 illustrem
1391 2885 1732 2950 reddidere.
1753 2886 1840 2949 Et
1856 2885 1923 2950 in
1940 2887 2098 2951 fine:
2129 2888 2222 2952 Ita
2236 2887 2405 2952 enim
2428 2889 2560 2971 ipse
2574 2885 2936 2972 (Barlaeus)
2947 2883 3222 2969 judicat,
3246 2884 3553 2967 indiynum

656 2991 722 3035 se
743 2971 895 3054 fore,
920 2972 1033 3058 qui
1052 2973 1216 3037 inter
1239 2973 1512 3039 Batavos
1539 2974 1786 3059 publico
1811 2995 2075 3042 manere
2098 2973 2319 3062 (NB.)
2346 2977 2678 3060 lunyatur,
2703 2975 3045 3060 indiqnum
3070 2993 3259 3058 quem
3282 2971 3553 3056 Ampliss-

658 3059 938 3144 Reipubl.
973 3061 1332 3127 Amstelred.
1386 3063 1729 3147 Optimatcs
1775 3065 2104 3130 tenerrime
2147 3065 2397 3147 foveant
2413 3087 2437 3139 ;
2462 3065 2798 3150 indiqnum
2823 3063 3005 3147 cujus
3028 3061 3242 3126 studia
3261 3059 3553 3126 Illustriss.

661 3149 964 3232 Princeps
995 3149 1304 3216 Auriacas
1335 3150 1572 3236 insiqni
1593 3151 1951 3218 liberalitate
1972 3154 2169 3238 eriyat
2206 3152 2316 3219 stc.
2350 3153 2408 3218 si
2430 3153 2658 3231 Socini,
2683 3154 2739 3216 si
2761 3153 2941 3218 Anti·
2955 3149 3445 3216 Trinitarioram
3462 3155 3553 3212 aut

657 3236 966 3303 similium
1012 3238 1460 3305 haereticorum
1485 3243 1820 3307 malesanis
1851 3241 1914 3307 ἃ·
1936 3243 2258 3308 damnatis
2272 3242 2350 3308 ab
2374 3244 2618 3308 ecclesia
2638 3241 2937 3307 universa
2957 3237 3549 3325 doymatibasassen·

659 3327 873 3392 tiatur.
903 3325 1214 3392 Addimus
1237 3332 1576 3412 postremO,
1605 3352 1680 3394 ex
1695 3329 2129 3412 prohibitione
2146 3331 2430 3396 exercitii
2446 3330 2935 3395 reformatorum
2952 3328 3093 3414 (qui
3108 3327 3245 3392 scil.
3264 3323 3555 3412 negabant

656 3435 772 3498 per
793 3415 1240 3480 conscientiam
1265 3438 1331 3480 se
1355 3439 1538 3501 posse
1564 3422 1676 3482 aut
1699 3419 2027 3485 conciones
2051 3419 2291 3493 audire,
2320 3423 2432 3485 aut
2455 3441 2715 3484 coenam
2740 3418 3023 3501 accipere
3045 3417 3127 3481 ab
3150 3415 3284 3480 illis
3308 3413 3416 3499 qui
3436 3413 3551 3477 doc·

659 3503 893 3568 trinam
941 3504 1016 3569 de
1059 3502 1282 3569 Gratia
1317 3505 1460 3586 Dei,
1502 3507 2099 3589 praedestinatione,
2132 3509 2180 3574 8⁶
2212 3507 2683 3592 perseverantia
2729 3505 3117 3572 calumniose
3156 3503 3551 3576 traducerent,

658 3591 918 3675 insuper
935 3592 1094 3658 alias
1118 3593 1431 3659 novitates
1456 3592 1670 3659 fovere
1693 3595 2083 3680 viderentur)
2100 3596 2702 3662 Remonstrantibus
2715 3596 2869 3660 olim
2885 3597 3216 3678 tantopere
3232 3591 3507 3676 probata,
3518 3588 3556 3654 ἃ

661 3683 700 3744 a
722 3677 1212 3764 Magistratibus
1238 3682 1351 3766 qui
1372 3683 1516 3748 illos
1540 3683 1903 3763 audiebant,
1928 3690 2215 3768 peracta3
2250 3684 2518 3749 firmiter
2542 3683 2827 3748 concludi
2852 3704 3034 3768 posse
3062 3679 3555 3746 Remonstrantoe

659 3773 812 3833 tunc
854 3769 1100 3834 nullam
1147 3769 1486 3836 Socinismi
1530 3771 1937 3837 tolerantiam
1968 3796 2263 3839 suasuros
2310 3773 2527 3838 fuisse.
2556 3769 2747 3836 Ratio
2779 3769 3266 3853 consequentiae
3289 3774 3405 3847 est,
3428 3765 3555 3851 quia

661 3856 1184 3924 Remonstrantes
1237 3859 1400 3924 tales
1455 3860 1774 3924 auditores
1828 3863 2146 3945 quondam
2192 3885 2338 3928 suos
2386 3884 2512 3927 non
2558 3861 2899 3926 deteriores
2946 3860 3175 3923 saltem
3208 3857 3553 3942 judicabant

660 3944 1032 4012 Socinianis.
1061 3945 1130 4011 Si
1148 3969 1300 4033 ergo
1316 3948 1420 4013 hic
1437 3947 1744 4014 fratribus
1767 3951 1900 4014 suis
1924 3951 2195 4016 infirmis
2219 3951 2535 4036 putabant
2560 3949 2925 4014 libertatem
2947 3969 3075 4013 non
3102 3945 3552 4020 concedendam,

660 4036 883 4118 utique
913 4033 1268 4101 Socinianis
1315 4059 1440 4102 non
1465 4037 1936 4104 concessissent.
1966 4038 2362 4105 Antecedens
2392 4039 2595 4105 nostri
2616 4037 2981 4124 argumenti
3004 4035 3235 4120 probat
3261 4035 3550 4098 decretum

661 4121 1175 4207 Ultrajectinum,
1193 4123 1757 4191 &Schielandicum
1771 4129 1808 4190 ὲ,
1831 4126 2051 4192 Grotio
2075 4133 2295 4212 postea
2306 4128 2655 4208 defensum,
2675 4129 3071 4208 &utrumque
3090 4122 3412 4188 defensum
3428 4143 3551 4206 pas-

663 4211 784 4276 sim
809 4215 848 4275 a
865 4212 1412 4279 concionatoribus
1431 4211 2023 4293 Remonstrantici3‚
2057 4221 2467 4302 argumentas
2493 4215 2651 4300 ipsis
2676 4215 3120 4300 suppeditante
3132 4210 3440 4296 Episcopii
3452 4209 3552 4306 Πιξ-

660 4300 1269 4386 sptttationepublioa
1285 4301 1348 4368 a
1356 4304 1630 4388 privata,
1647 4303 1744 4368 De
1759 4304 1916 4368 Jure
1926 4306 2331 4390 Maqistratus
2341 4307 2502 4370 circa
2514 4325 2715 4370 saera.
2729 4303 3038 4368 Hicnulla
3054 4322 3203 4365 exce
3206 4297 3552 4384 ptioestnisl

663 4385 878 4452 dicant
891 4409 1038 4454 oves
1054 4389 1200 4455 illas
1211 4391 1522 4475 (ipsorum
1537 4389 1774 4475 judicio
1787 4396 2071 4458 errantes
2083 4395 2129 4459 ἃ
2143 4393 2455 4477 infirmas)
2466 4399 2620 4458 tunc
2630 4392 2827 4459 fuisse
2851 4391 3193 4456 deteriores
3210 4385 3547 4538 Socinianis-
