3694 4871
307 344 523 412 D1sr.
570 340 722 409 VII.
768 341 1446 409 Paosnnu'ruu
1491 365 1590 408 nn
1635 341 1992 410 Mralro
2038 341 2419 410 Ouarsa-1
2464 342 2666 412 Pus
2713 345 2797 413 Π.
2882 347 3007 412 193

103 531 222 612 riti,
235 525 715 608 satisfactionis:
737 527 932 616 idque
953 550 1082 595 non
1104 549 1290 615 vage,
1313 527 1666 612 indefinite,
1688 527 2200 610 indeterminate,
2226 529 2693 612 universaliter,
2714 532 3005 598 absolute

105 623 146 688 a
163 620 226 684 in
253 640 337 698 ae,
359 618 470 683 sed
491 617 931 698 determinate,
956 617 1237 699 definite,
1263 618 1698 704 singulariter,
1722 619 1925 684 relate
1954 619 2037 683 ad
2061 618 2311 703 objecta
2340 641 2475 700 sua,
2523 623 2659 684 tum
2685 621 2867 705 cujus
2891 644 3009 688 seu

103 708 256 798 quod
296 707 362 772 h.
409 729 464 773 e.
509 707 592 771 ad
634 707 762 772 ista
810 705 858 772 a
886 705 1012 772 ista
1032 710 1314 791 peccata,
1341 729 1688 792 eorumque
1717 707 2175 789 remissionem,
2206 709 2255 776 8:
2289 708 2369 773 ad
2398 709 2557 774 istas
2588 709 2815 776 &istas
2838 709 3008 776 vitae

105 801 376 864 aeternae
431 817 543 861 seu
589 794 834 880 gloriae
857 816 1142 877 coronas,
1165 795 1296 862 imo
1329 799 1378 863 ἃ
1424 797 1505 862 ad
1533 795 1691 862 istas
1717 796 1900 883 [pag.
1934 795 2099 883 254]
2123 797 2437 879 aureolas,
2462 802 2537 862 ut
2565 798 2614 865 8:
2637 798 2881 882 gratias
2905 799 3011 884 ju·

103 885 428 952 stificantes
450 883 1012 969 proportionaliter
1031 884 1486 969 impetrandae,
1511 885 1966 970 acquirendas:
1991 889 2133 951 tum
2161 885 2266 952 cui
2300 907 2413 952 seu
2438 906 2561 971 pro
2583 907 2727 972 quo,
2744 891 2858 952 aut
2872 888 3009 952 loco
3112 943 3120 948 .
3241 931 3246 936 -

106 976 283 1060 cujus.
309 971 542 1039 Relata
563 970 901 1058 sponsoris
925 993 1038 1038 seu
1070 972 1268 1054 vadis,
1293 975 1340 1040 a
1365 973 1520 1058 ejus,
1545 995 1662 1057 pro
1684 994 1811 1058 quo
1833 973 2269 1040 vadimonium
2291 974 2580 1039 oblatum
2603 980 2719 1040 aut
2740 975 3013 1055 obitum,

103 1065 237 1140 uic
264 1059 1034 1143 ἀντιστρέφονταῖλὲγονται,
1056 1060 1124 1128 id
1146 1065 1262 1142 est,
1287 1065 1438 1127 sunt
1465 1061 1786 1146 reciproca
1809 1063 1857 1130 δι
1880 1061 2268 1148 adaequata:
2302 1062 2490 1129 sicuti
2513 1061 2560 1129 ἃ
2575 1063 2781 1129 relata
2802 1063 3017 1130 meriti

105 1175 170 1218 ac
189 1149 485 1238 praemii:
527 1149 624 1215 ita
645 1153 720 1216 ut
741 1153 915 1215 certa
935 1149 1096 1216 haec
1120 1149 1362 1216 Christi
1385 1149 1616 1216 merita
1635 1149 1764 1215 sint
1786 1150 2057 1216 istorum
2088 1155 2406 1216 certorum
2426 1151 2858 1236 praemiorum
2878 1152 3015 1236 pri-

104 1263 266 1306 mum
305 1240 434 1306 sibi
484 1243 794 1323 tanquam
817 1237 1018 1322 capiti
1042 1236 1090 1303 a
1111 1237 1486 1316 πρωτεύοντι,
1523 1238 1747 1304 deinde
1771 1240 1818 1307 a
1840 1239 2113 1326 singulis
2138 1240 2457 1306 salvandis
2478 1244 2791 1326 tanquam
2812 1263 3015 1307 mem-

103 1330 224 1396 bris
251 1329 382 1395 suis
413 1327 966 1405 conferendorum:
991 1326 1040 1394 ἃ
1071 1325 1231 1393 haec
1255 1325 1543 1412 praemia
1563 1327 1694 1392 sint
1713 1326 1986 1393 istorum
2008 1327 2417 1394 meritorum:
2446 1330 2759 1414 quomodo
2778 1329 2848 1394 in
2870 1329 3017 1396 aliis

104 1418 382 1484 omnibus
428 1415 650 1482 relatis
685 1413 846 1481 haec
889 1437 1052 1482 uxor
1097 1419 1196 1482 est
1236 1415 1429 1501 hujus
1468 1415 1707 1497 mariti,
1755 1415 1863 1482 hic
1898 1416 2069 1482 filius
2100 1415 2292 1502 hujus
2328 1417 2552 1502 patrie,
2577 1418 2626 1486 ἃ.
2654 1418 2791 1484 vice
2814 1439 3015 1484 versa.

106 1507 260 1572 Addi
298 1505 406 1572 hic
435 1507 654 1590 posset
687 1503 886 1569 simili
923 1503 1058 1570 fere
1109 1502 1412 1571 methodo
1439 1503 1488 1568 ἃ
1523 1501 1986 1580 συγκαταβάσει
2008 1505 2349 1571 incrustari
2369 1528 2554 1591 posse
2585 1506 3021 1572 distinctiones

105 1593 440 1661 Doctorum
473 1590 1076 1679 Hypotheticorum,
1122 1591 1470 1659 voluntatis
1515 1591 1656 1659 scil.
1703 1593 2136 1660 antecedentis
2191 1594 2239 1660 a
2276 1595 2739 1680 consequentis,
2772 1595 3021 1681 gratiae

109 1683 472 1750 sufficientis
501 1683 548 1750 a
579 1679 855 1746 efficacis
878 1681 982 1748 Bac.
1008 1686 1082 1747 ut
1103 1681 1240 1747 scil.
1266 1681 1482 1768 gratia
1504 1681 2029 1766 regenerationis,
2055 1683 2425 1762 vacationis,
2464 1683 2891 1750 conversionis
2914 1705 3019 1750 sa-

109 1772 319 1838 lutaris
366 1771 614 1838 dicatur
665 1769 1061 1836 sufficienter
1096 1793 1136 1835 a
1188 1768 1445 1835 Christo
1490 1769 1838 1854 impetrata
1874 1792 1990 1856 pro
2014 1772 2331 1854 omnibus,
2356 1771 2707 1838 efficienter
2729 1795 2880 1839 vero
2903 1794 3020 1858 pro

110 1861 248 1927 solis
293 1859 534 1926 electis.
579 1857 878 1924 Praestat
914 1880 1069 1945 ergo
1092 1859 1174 1924 ab
1207 1858 1515 1943 ejusmodi
1535 1858 1879 1943 phrasibus
1904 1859 2245 1941 abstinere,
2276 1881 2357 1926 ne
2379 1861 2773 1927 occasionem
2801 1861 3021 1926 demus

111 1949 442 2016 hodiernae
470 1969 674 2014 novae
717 1946 1005 2013 methodi
1031 1947 1154 2028 (uti
1183 1948 1437 2031 vocant)
1475 1947 1855 2027 fautoribus,
1878 1947 2040 2014 talia
2062 1949 2349 2035 opinioni
2372 1971 2525 2016 suae
2547 1949 3019 2034 praetendendi.

113 2036 236 2104 Nos
258 2037 607 2124 repetimus
629 2035 1103 2102 distinctionem
1125 2039 1430 2116 nostram,
1455 2034 1624 2100 inter
1647 2037 1987 2102 materiam
2010 2059 2125 2103 seu
2144 2035 2217 2098 τὸ
2240 2038 2570 2104 materiale
2593 2038 2829 2118 meriti,
2854 2039 3021 2124 quod

113 2127 293 2192 etiam
341 2126 702 2211 subjectum
738 2125 1136 2191 substratum
1161 2123 1286 2190 dici
1308 2127 1523 2209 posset
1543 2125 1740 2210 (quod
1769 2128 1868 2190 est
1889 2146 2059 2192 mors
2084 2127 2131 2194 δι
2161 2126 2525 2192 obedientia
2548 2125 2835 2209 Christi),
2862 2127 2909 2193 a
2931 2127 3022 2191 in·

111 2217 200 2281 ter
225 2215 498 2282 formam
521 2235 634 2280 sen
657 2209 730 2272 τὸ
754 2213 1045 2279 formale.
1068 2211 1240 2279 Illud
1262 2213 1549 2293 dicimus,
1572 2213 1642 2278 in
1665 2235 1732 2279 se
1755 2217 2115 2298 spectatum
2138 2236 2274 2280 esse
2291 2215 2649 2282 sufficiens:
2684 2214 2858 2281 istud
2872 2237 3020 2280 vero

111 2303 172 2368 in
214 2304 433 2370 ordine
480 2303 562 2368 ad
607 2303 938 2369 damnatos
992 2303 1040 2369 a
1085 2301 1475 2367 damnandos
1505 2323 1818 2389 negamus
1843 2324 1979 2368 esse
2003 2302 2347 2386 sufficiens,
2372 2303 2569 2371 immo
2595 2326 2731 2370 esse
2756 2303 3023 2388 aliquid.

113 2389 378 2460 Rursum
425 2391 882 2479 distinguimus
925 2391 1095 2457 inter
1117 2389 1568 2457 sufficientiam
1592 2389 2081 2477 aptitudinalem
2106 2398 2150 2456 δι
2181 2394 2531 2460 actualem:
2562 2396 2609 2462 ἃ
2639 2393 2807 2460 inter
2828 2392 3025 2478 possi·

111 2482 230 2548 bile
252 2482 544 2549 absolute
567 2480 615 2547 a
639 2479 1085 2567 hypothetice:
1117 2502 1388 2565 quorum
1412 2480 1575 2547 illud
1596 2480 2018 2563 concedimus,
2040 2482 2215 2548 istud
2234 2504 2581 2569 negamus:
2621 2486 2789 2548 inter
2810 2478 2883 2541 τὸ
2905 2505 3021 2568 po·

111 2572 326 2638 tuisset
346 2570 711 2637 obedientia
734 2568 976 2635 Christi
995 2568 1195 2636 fuisse
1218 2568 1540 2635 sufficiens
1564 2590 1680 2654 pro
1703 2570 2019 2648 omnibus,
2043 2570 2099 2637 si
2121 2571 2295 2638 Deus
2324 2573 2372 2640 δι
2395 2570 2686 2637 Christus
2711 2570 3025 2638 Mediator

113 2661 451 2726 voluissent
493 2681 610 2745 pro
655 2658 1030 2724 damnandis
1061 2680 1172 2723 seu
1193 2657 1482 2743 reprobis
1505 2678 1650 2723 eam
1676 2659 2012 2743 praestari,
2039 2661 2087 2726 δε
2116 2660 2393 2747 gratiam
2415 2660 2762 2727 salutarem
2786 2683 2860 2726 ac
2880 2660 3023 2746 glo-

114 2750 264 2814 riam
309 2750 392 2814 iis
439 2748 799 2832 acquirere:
853 2750 1048 2831 atque
1095 2746 1266 2812 inter
1314 2742 1387 2805 τὸ
1419 2746 1781 2812 obedientia
1803 2768 1919 2814 seu
1940 2748 2151 2833 passio
2175 2748 2415 2816 Christi
2438 2752 2537 2814 est
2559 2748 2882 2815 sufficiens
2906 2771 3024 2834 pro

113 2837 415 2903 omnibus.
465 2836 666 2905 Prius
693 2836 748 2903 A
754 2839 825 2924 ff.
853 2836 1093 2903 Posce-r.
1144 2836 1292 2922 Νέᾳ.
1332 2834 1513 2903 Sicut
1534 2835 1694 2901 haec
1716 2833 1841 2902 duo
1865 2836 2384 2923 distinguuntur:
2415 2838 2775 2923 potuissent
2802 2839 2903 2903 12.
2932 2838 3021 2903 le·

113 2926 320 3011 giones
365 2925 742 3012 angelorum
789 2922 1082 2991 sufficere
1134 2924 1217 2989 ad
1261 2924 1589 2991 Christum
1633 2924 2069 3003 liberandum:
2102 2927 2203 2992 vel
2226 2926 2584 3012 potuissent
2610 2926 2712 2992 12.
2740 2926 3023 3013 legiones

113 3014 240 3080 dari
279 3016 360 3081 ad
399 3014 729 3080 Christum
752 3012 1144 3079 sufficienter
1167 3012 1589 3088 liberandum,
1619 3012 1678 3078 si
1699 3011 1877 3079 Deus
1901 3013 2242 3080 voluisset:
2277 3014 2367 3080 Et
2393 3016 2495 3081 12.
2521 3014 2805 3101 legiones
2829 3015 3025 3081 desti-

114 3106 290 3170 natae
336 3105 383 3172 &
413 3104 602 3169 datae
631 3106 783 3169 sunt
805 3105 846 3167 ὂ,
866 3099 1004 3168 Deo
1033 3102 1116 3167 ad
1140 3100 1465 3168 Christum
1490 3100 1883 3167 sufficienter
1905 3101 2327 3185 liberandum,
2352 3125 2481 3169 non
2503 3107 2720 3169 tamen
2743 3103 3027 3170 efficien-

113 3194 236 3257 ter:
281 3190 404 3258 Vel
455 3191 740 3279 legiones
766 3192 871 3256 12.
905 3191 1280 3275 angelorum
1302 3212 1381 3255 ex
1402 3189 1757 3255 intentione
1785 3188 1911 3256 Dei
1932 3189 2196 3256 fuerunt
2219 3190 2494 3273 Christe,
2518 3192 2621 3258 vel
2642 3215 2758 3278 pro
2789 3191 3030 3258 Christi

115 3278 498 3359 liberatione,
553 3280 740 3347 datae
785 3278 1195 3357 sufficienter,
1235 3278 1347 3345 sed
1388 3300 1518 3344 non
1541 3277 1905 3345 efficaciter.
1932 3277 2217 3354 Quorum
2239 3280 2416 3365 prius
2440 3302 2661 3346 verum
2684 3284 2784 3347 est
2810 3280 3029 3349 Macelo.

115 3368 215 3433 26.
261 3370 369 3434 53.
414 3368 732 3453 posterius
783 3368 1040 3433 falsum.
1086 3366 1252 3433 Vide
1278 3388 1515 3452 quaeso
1546 3368 1593 3435 δι
1617 3366 1833 3433 confer
1853 3368 2180 3435 Ameriam
2202 3369 2275 3435 in
2301 3369 2605 3437 Coronide
2618 3390 2767 3455 paq.
2796 3369 2945 3434 102.
2969 3368 3031 3435 a·

119 3456 255 3522 120.
301 3457 454 3523 edit.
499 3457 570 3521 in
623 3456 686 3522 8.
725 3454 1078 3522 Pontificiis
1102 3455 1646 3522 universalitatem
1672 3456 1719 3523 ἃ
1742 3455 2193 3523 sufficientiam
2216 3458 2532 3523 actualem
2556 3458 2769 3522 meriti
2791 3455 3032 3522 Christi

115 3548 391 3630 respectu
417 3545 818 3628 singulorum
839 3544 1172 3610 hominum
1195 3544 1647 3624 asserentibus,
1671 3540 1790 3610 sub
1815 3542 2219 3612 distinctione
2243 3546 2413 3612 inter
2434 3546 2715 3612 valorem
2752 3568 2864 3611 seu
2886 3544 3031 3631 dig·

117 3633 380 3699 nitatem
431 3636 480 3701 ἃ
525 3633 696 3699 inter
723 3632 1047 3713 meritum,
1099 3633 1256 3734 alibi
1299 3631 1459 3718 ipsis
1504 3636 1815 3735 usurpata
1897 3633 1974 3698 de
2002 3638 2132 3718 qua
2154 3656 2348 3720 supra
2379 3636 2535 3701 thesi
2556 3636 2615 3699 2.
2644 3634 2847 3719 probl-
2876 3634 3032 3714 14.)‚

115 3722 487 3877 ΐὲἒιὲῗὲἑῗ
521 3720 1895 3895 ἰξοέἒῑῖΐέ’ἅΡὲῗὲἑέἶῗθὲωἰζῖῬὲἒῗέᾆω
1925 3811 1965 3875 ε.
1993 3726 2176 3877 „¹⁵:13ss
2198 3726 2629 3897 33:³33?ss
2652 3723 3034 3897 ἓξὲξῗέᾒ

118 3920 235 3964 non
278 3900 600 3980 meritum,
631 3903 746 3965 aut
766 3899 1030 3965 lutrum.
1077 3898 1168 3965 Et
1189 3898 1690 3984 quotiescunque
1723 3898 1801 3964 de
1823 3898 2054 3964 merito
2078 3904 2191 3965 aut
2214 3900 2383 3966 lutro
2408 3900 2474 3964 in
2506 3898 2725 3966 ordine
2749 3900 2829 3964 ad
2852 3898 3033 3963 dam-

119 3988 350 4053 nandos
387 3987 436 4054 a
479 3988 812 4054 damnatos
858 3988 1210 4072 quaeritur,
1247 4008 1364 4053 nos
1387 3987 1639 4053 nullum
1661 3987 1794 4053 tale
1817 4010 1961 4053 cum
1987 3985 2335 4073 Scripturis
2360 4009 2724 4075 agnoscere,
2749 3989 2796 4054 δι
2818 4009 3032 4053 conse·

120 4080 376 4158 quenter
417 4099 535 4143 nec
559 4075 915 4142 sufficiens:
949 4077 1130 4162 cujus
1156 4076 1328 4141 enim
1348 4074 1531 4141 nulla
1553 4078 1651 4141 est
1675 4076 1931 4155 entitaS,
1956 4076 2093 4162 ejus
2119 4076 2300 4141 nulla
2321 4080 2420 4142 est
2443 4076 2865 4155 sufficientia:
2890 4098 3035 4141 cum

120 4184 239 4229 non
285 4166 448 4231 entis
493 4165 675 4231 nulla
725 4165 812 4231 sit
856 4164 1130 4231 affectiO.
1177 4162 1458 4229 Rursum
1503 4164 1999 4248 possibilitatem
2044 4164 2406 4231 absolutam
2455 4164 2878 4231 sufficientiae
2908 4164 3040 4229 illis

123 4254 508 4321 concedimus
553 4257 789 4340 (neque
818 4254 990 4319 enim
1011 4252 1322 4337 implicat,
1348 4253 1405 4318 si
1427 4250 1604 4317 Deus
1627 4275 1744 4337 pro
1767 4254 2063 4319 omnibus
2086 4253 2379 4320 sufficere
2402 4254 2449 4321 St
2480 4253 2808 4320 Christum
2830 4252 3039 4338 Spon-

123 4362 322 4429 sorem
364 4343 513 4409 dare
557 4341 890 4425 voluisset)
937 4342 1048 4407 sed
1093 4341 1574 4427 hypotheticam
1614 4363 1692 4407 ex
1715 4342 2311 4427 praesuppositione
2336 4342 2571 4409 decreti
2595 4342 3039 4409 &intentionis

123 4428 385 4513 divinae,
427 4452 763 4518 negamus·
807 4429 998 4497 Nihil
1043 4431 1215 4497 ultra
1234 4430 1304 4496 in
1326 4430 1614 4584 gratialngi3
1633 4450 1874 4511 eorum,
1899 4435 2013 4498 aut
2043 4452 2565 4518 quorumcunque
2596 4431 3041 4583 dissidentitlinm

3010 4538 3044 4582 c
