3694 4871
611 287 737 352 190
826 283 1048 353 str.
1095 279 1246 356 VII.
1290 281 1967 350 Paestana-run
2010 303 2107 347 ns
2152 279 2509 347 Msnrro
2554 280 2941 350 Onarsrr
2985 279 3237 346 PAns
3284 277 3381 346 11.

607 470 712 535 12.
762 472 868 534 14.
909 466 1017 534 15.
1063 468 1130 532 4.
1161 466 1383 534 Dabit.
1429 465 1534 532 An
1560 471 2009 553 argumentum
2032 467 2071 531 a
2093 465 2308 531 debito
2329 469 2550 532 nostro
2573 461 2656 527 ad
2677 458 2919 526 Christi
2942 461 3133 551 [pag.
3158 465 3341 552 250]
3364 486 3541 549 spon·

603 559 868 636 sionem,
915 558 962 622 ἃ
1007 579 1262 622 rursum
1287 559 1326 622 a
1349 554 1591 621 Christi
1613 555 1973 640 sponsione,
1997 554 2207 638 qualis
2232 554 2309 619 de
2332 553 2502 619 facto
2524 550 2743 618 abillo
2768 557 3071 636 suscepta
3095 553 3250 630 fuit,
3278 551 3539 618 solidam

608 645 1127 730 consequentiam
1171 645 1328 710 facit
1367 644 1446 709 ad
1477 643 1836 709 absolutam
1865 642 2310 709 necessitatem
2332 643 2483 707 talis
2505 637 2861 728 sponsionis
2894 642 2941 706 s
2964 641 3257 726 oppositi
3280 641 3539 706 absolu·

604 739 742 800 tam
787 733 1394 819 impossibilitatem.
1441 731 1592 798 Non
1638 735 1932 818 negatur,
1979 731 2301 796 hominem
2350 733 2744 814 peccatorem
2788 727 3085 794 debuisse
3108 733 3417 808 mortem,
3440 733 3537 794 aut

610 823 940 889 Christum
986 819 1369 905 Sponsorem
1418 819 1767 904 suscepisse
1812 841 1954 884 eam
2000 841 2115 903 pro
2157 817 2341 884 nobis
2386 817 2787 903 gustandam,
2820 818 2867 882 ἃ
2890 823 3369 902 consequenter
3388 839 3463 882 ex
3484 817 3535 880 vi

605 909 1004 976 voluntariae
1033 909 1386 994 sponsionis
1408 909 1457 974 ἃ
1487 907 1909 991 susceptionis
1939 927 2085 971 eum
2101 907 2243 991 jure
2266 906 2557 971 debuisse
2578 904 2780 969 mori:
2814 904 2926 968 sed
2948 904 3315 984 dubitatur,
3348 909 3460 970 aut
3478 905 3535 968 ‘m

609 997 1116 1084 praesentiarum
1147 997 1217 1061 in
1239 997 1448 1062 medio
1477 996 1865 1079 relinquitur
1892 995 2115 1080 (donec
2136 993 2367 1058 certior
2399 993 2691 1078 probatio
2714 994 3113 1077 compareat)
3138 1017 3227 1058 an
3254 993 3533 1059 absolute

610 1085 1006 1171 impossibile
1051 1084 1280 1150 fuisset
1324 1082 1462 1151 Deo
1507 1087 1788 1150 statuere
1813 1084 1861 1149 s
1884 1081 2139 1149 Christo
2167 1081 2395 1147 offerre
2426 1081 2829 1166 sponsionem
2852 1081 2930 1144 de
2954 1081 3409 1146 satisfactione
3432 1103 3533 1166 pro

610 1173 832 1260 poenis
853 1176 1112 1258 peccato
1133 1176 1351 1238 nostro
1374 1170 1607 1238 debitis
1630 1193 1746 1256 per
1769 1171 1931 1235 alias
1955 1191 2362 1254 quascunque
2385 1169 2797 1255 gravissimas
2819 1167 3213 1236 afflictiones
3240 1171 3311 1234 in
3335 1170 3533 1235 anima

553 1291 556 1296 ·
609 1264 658 1329 ἃ
681 1283 941 1347 corpore
963 1260 1387 1346 perferendas,
1420 1260 1659 1344 absque
1681 1262 1888 1324 morte
1910 1257 2259 1342 corporali3
2286 1280 2413 1343 qua
2434 1256 2771 1341 sponsione
2802 1257 3036 1340 posita,
3066 1280 3187 1342 per
3212 1259 3531 1343 aequalem

609 1349 1190 1434 compensationem
1226 1351 1488 1433 propter
1533 1368 1837 1431 personae
1883 1346 2202 1410 infinitam
2248 1345 2629 1432 dignitatem
2662 1349 2702 1410 ὲ
2723 1365 2931 1429 poena
2954 1346 3301 1430 utriusque
3324 1345 3533 1412 moitis

611 1441 972 1524 peccatores
1010 1437 1158 1522 jure
1202 1435 1553 1502 liberasset.
1603 1436 1667 1500 5.
1699 1434 1913 1501 Dabit.
1962 1432 2091 1499 Cur
2112 1433 2413 1518 dignitas,
2438 1432 2911 1517 aequivalentia
2934 1435 2983 1500 ἃ
3014 1435 3458 1518 compensatio
3476 1433 3533 1497 in

611 1527 832 1611 poenis
880 1525 1120 1590 Christi
1141 1524 1623 1608 temporalibus,
1649 1545 1809 1606 quas
1832 1543 1947 1606 pro
1977 1521 2161 1586 nobis
2184 1522 2339 1586 tulit
2360 1543 2438 1586 ex
2462 1521 2773 1607 dignitate
2796 1541 3110 1604 personae
3134 1523 3383 1588 accersi
3404 1544 3533 1607 pos-

615 1616 721 1691 sit,
747 1615 795 1680 8⁶
823 1613 902 1678 de
923 1611 1096 1678 facto
1118 1615 1476 1678 accersatur
1497 1614 1718 1676 contra
1747 1609 2084 1687 Socinum3
2116 1611 2163 1676 ἃ
2184 1631 2316 1674 non
2338 1609 2534 1674 etiam
2556 1609 2725 1692 quod
2746 1609 2828 1672 ad
2851 1609 3137 1692 speciem
3158 1615 3279 1675 aut
3298 1613 3531 1696 partem

614 1703 780 1768 hanc
801 1723 1062 1785 poenae,
1093 1699 1230 1765 scil.
1254 1703 1524 1765 mortem
1547 1698 1964 1783 corporalem,
1996 1697 2220 1762 itidem
2250 1719 2327 1762 ex
2351 1697 2571 1762 eodem
2593 1695 2771 1761 fonte
2802 1699 3041 1762 accersi
3068 1703 3314 1782 posset.
3346 1697 3533 1782 siqui·

615 1790 760 1855 dem
803 1787 942 1854 Deo
972 1788 1182 1854 visum
1201 1787 1433 1853 fuisset
1453 1787 1547 1852 ita
1571 1786 1925 1865 decernere,
1949 1786 1997 1853 δι
2018 1783 2272 1850 Christo
2296 1784 2389 1850 sic
2410 1784 2739 1868 spondere.
2786 1782 2849 1848 6.
2880 1785 3103 1850 Dabit.
3154 1783 3229 1851 Si
3254 1785 3533 1850 Christus

621 1877 937 1944 Mediator
979 1876 1273 1943 absoluta
1316 1875 1693 1940 necessitate
1739 1879 2007 1939 naturae
2053 1871 2305 1938 divinae
2333 1873 2501 1938 nihil
2522 1871 2733 1937 minus
2754 1873 3069 1956 spondere
3090 1874 3329 1958 potuit,
3356 1895 3533 1958 quam

617 1969 890 2030 mortem
919 1968 1254 2047 utramque
1277 1962 1447 2047 quod
1475 1963 1555 2028 ad
1578 1961 1942 2040 essentiam,
1964 1982 2079 2026 seu
2100 1959 2169 2024 in
2194 1961 2402 2046 specie
2424 1961 2471 2026 ἃ
2495 1959 2700 2025 forma
2723 1981 2841 2043 pro
2868 1961 3058 2026 nobis
3090 1964 3141 2027 ἃ
3164 1962 3305 2027 loco
3328 1965 3531 2026 nostro

619 2053 1047 2130 subeundam3
1093 2073 1258 2137 quae
1303 2050 1468 2116 ratio
1499 2050 1700 2116 solida
1723 2049 1939 2114 afferri
1962 2048 2183 2134 possit,
2207 2071 2320 2114 cur
2339 2047 2829 2126 inchoationem,
2856 2049 3118 2132 graduS‚
3142 2071 3535 2114 consumma-

617 2142 859 2206 tionem
896 2139 1227 2223 utriusque
1273 2137 1518 2218 mortis,
1563 2160 1708 2204 cum
1751 2137 2113 2222 quantitate
2156 2137 2505 2214 extensiva,
2544 2139 2736 2220 atque
2762 2157 2842 2200 ex
2864 2136 3253 2203 necessitate
3280 2141 3535 2202 naturae

621 2230 892 2308 divinae,
935 2248 1136 2312 usque
1179 2227 1262 2291 ad
1283 2226 1623 2290 minimum
1647 2225 1893 2310 apicem
1915 2224 2083 2290 ferre
2104 2246 2233 2290 non
2257 2224 2565 2300 debuerit,
2590 2223 2755 2289 sicut
2776 2229 3148 2308 peccatores
3170 2226 3299 2310 ipsi
3322 2225 3389 2289 in
3419 2225 3535 2291 suis

621 2311 3536 2487 {¹1¹sss‘1323553133533sstdfessssffinsssstffissssssffigtssssffgssssttssffsstssfissfflttfflffl

623 2492 933 2577 quaesti0,
958 2492 1084 2557 Cur
1098 2514 1228 2557 non
1249 2490 1600 2556 suffecisset
1621 2494 1886 2575 propter
1909 2489 2173 2555 eandem
2196 2489 2597 2573 dignitatem,
2610 2488 2665 2553 si
2688 2489 2851 2555 alias
2875 2452 3295 2577 gravissimas
3320 2490 3539 2575 pamic-

623 2603 738 2733 33⁸
751 2580 1216 2733 Ηῖἶῖὲἓὲἓὲἐ
1219 2602 1305 2732 ‘¹32³
1308 2577 2916 2749 ⁸351?ss333533133122233331322553?stifft?
2946 2578 3538 2751 Ἑῗὸἱῖιξῖἓέζῖἓ

627 2756 836 2821 siones
878 2777 1142 2821 numero
1187 2755 1532 2839 pauciores,
1557 2754 1891 2819 duratione
1919 2754 2261 2834 breviores,
2285 2752 2643 2838 quantitate
2666 2753 2878 2818 minus
2901 2754 3209 2834 intensas,
3232 2756 3283 2821 ἃ
3304 2764 3537 2820 contra-

630 2844 860 2909 ctiores
901 2864 1014 2908 seu
1051 2844 1263 2909 minus
1286 2847 1600 2923 extensas,
1632 2841 1800 2926 quod
1821 2842 1903 2905 ad
1925 2845 2138 2926 partes
2162 2842 2465 2926 corporis,
2491 2841 2830 2906 facultates
2853 2842 3131 2918 animae,
3158 2846 3479 2909 momenta
3495 2843 3535 2908 ἃ

633 2935 848 3015 partes
889 2930 1060 2995 vitae
1105 2931 1175 2994 in
1218 2931 1410 2996 terris
1449 2935 1626 2995 actae
1665 2930 1993 3013 spondere,
2015 2930 2084 2993 in
2106 2952 2175 2995 se
2198 2930 2537 3014 suscipere,
2564 2950 2639 2994 ac
2658 2928 2825 2994 ferre
2849 2936 2896 2993 δι
2917 2930 3012 2995 sic
3044 2931 3413 2996 satisfacere
3438 2952 3534 3015 po-

633 3019 862 3084 tuisset
879 3021 912 3085 ‘a'
955 3018 1059 3081 Ad
1104 3018 1317 3083 omnia
1360 3018 1521 3083 haec
1554 3017 1769 3098 dubia,
1795 3019 1842 3083 s
1866 3017 1947 3083 ad
1968 3017 2353 3102 hypotheses
2384 3040 2458 3083 ac
2480 3014 2878 3101 problemata
2898 3018 3162 3103 sing-ula
3184 3040 3377 3104 supra
3404 3040 3535 3103 pro-

633 3106 843 3191 posita
887 3105 1090 3189 siquis
1109 3105 1522 3190 responderit,
1549 3105 1641 3170 sic
1661 3110 1734 3170 ut
1763 3104 1930 3169 nihil
1953 3106 2023 3169 in
2045 3106 2251 3171 medio
2283 3106 2624 3189 relinquat,
2650 3108 2763 3169 aut
2786 3104 3023 3170 nullibi
3046 3106 3335 3185 haereat,
3358 3107 3533 3171 ratio-

633 3194 824 3259 nibus
869 3193 1130 3277 insuper
1175 3215 1253 3257 ex
1298 3191 1626 3278 Scriptura
1671 3192 1960 3258 adductis
2008 3192 2331 3258 evidenter
2366 3193 2621 3278 singula
2644 3193 3037 3277 comprobet,
3062 3192 3341 3261 indicato
3362 3195 3534 3260 etiam

635 3282 872 3367 ubique
915 3280 1345 3346 Ecclesiarum
1388 3281 1881 3347 reformatarum
1908 3282 1955 3347 ἃ
1978 3280 2325 3346 Doctorum
2348 3286 2565 3345 contra
2596 3280 3059 3347 haeterodoxos
3082 3283 3420 3364 communi,
3440 3284 3537 3347 ant

637 3372 868 3435 saltem
913 3369 1328 3435 communiori
1375 3390 1713 3445 consensu;
1757 3367 1979 3451 utique
2006 3368 2228 3433 meilli
2258 3370 2531 3434 multum
2556 3368 2786 3433 debere
2814 3370 3193 3452 profitebor,
3216 3374 3265 3439 ἃ
3286 3370 3535 3455 vestigia

639 3460 774 3543 ejus
809 3462 1118 3541 tanquam
1162 3457 1338 3521 ducis
1383 3461 1747 3521 secuturum
1792 3456 2113 3539 polliceor.
2159 3452 2426 3521 Interim
2472 3456 2623 3521 dum
2668 3457 2789 3521 hoc
2830 3463 3161 3542 exspecto,
3188 3460 3371 3547 [pag.
3392 3456 3536 3543 251]

641 3546 880 3630 absque
917 3546 1112 3610 ullius
1155 3544 1540 3629 praejudicio
1585 3544 1702 3609 hac
1747 3544 1885 3609 vice
1915 3547 2336 3627 spectatorem
2358 3566 2569 3630 agam,
2592 3544 2641 3609 ἃ
2669 3544 2925 3610 veniam
2947 3551 3192 3631 petam,
3224 3547 3282 3613 si
3306 3544 3538 3633 ingenio

643 3654 784 3698 meo
806 3634 1018 3698 omnia
1039 3635 1238 3717 aeque
1261 3632 1506 3715 liquida
1526 3631 1573 3696 δῦ
1593 3632 1814 3715 pervia
1837 3631 2143 3697 hactenus
2165 3654 2292 3697 non
2316 3632 2586 3698 fuerint:
2610 3632 2953 3717 praecipue
2969 3656 3121 3702 cum
3136 3640 3537 3701 antecessores

643 3742 771 3784 non
815 3721 908 3785 ita
951 3720 1256 3798 noverim,
1281 3719 1391 3803 qui
1413 3718 1628 3784 omnia
1651 3721 1698 3786 δῦ
1727 3719 1985 3804 singula
2006 3720 2073 3784 in
2098 3720 2389 3785 terminis
2412 3742 2581 3785 nunc
2602 3720 2934 3805 proposita
2956 3725 3299 3809 perspicue
3320 3724 3383 3788 in
3404 3721 3537 3787 locis

648 3808 1084 3873 communibus
1129 3809 1282 3886 suis,
1331 3811 1444 3871 aut
1471 3807 1542 3871 in
1578 3808 2023 3872 controversiis
2045 3807 2625 3875 determinaverint.
2672 3806 2803 3881 Via
2823 3810 2985 3875 trita
3006 3834 3155 3877 meo
3178 3812 3431 3897 judicio,
3452 3809 3538 3873 vin

647 3898 810 3959 tuta.
855 3893 980 3959 Sed
1024 3917 1166 3960 eam
1218 3895 1494 3960 nondum
1550 3899 1871 3960 ostensam
1917 3896 2099 3961 video
2142 3896 2211 3960 in
2256 3897 2495 3963 talibus
2540 3896 2959 3981 problematis
3008 3900 3375 3980 enodandis,
3397 3918 3535 3982 quae

651 3986 902 4059 praeter
924 3984 971 4049 ἃ
1000 3988 1180 4047 extra
1200 3982 1708 4048 fundamentales
1731 4004 1804 4047 ac
1826 3984 2147 4049 communi
2168 3984 2491 4051 Ecclesiae
2512 4006 2821 4051 consensu
2842 4000 3143 4071 receptas
3158 3988 3391 4069 theses,
3410 4006 3537 4051 con-

657 4067 1021 4133 siderationi
1049 4074 1302 4135 nostrae
1324 4068 1691 4135 offeruntur.
1737 4070 1883 4156 Ego
1914 4072 2213 4155 profiteor
2230 4094 2337 4139 me
2368 4095 2526 4154 esse,
2548 4074 2597 4139 82
2612 4073 2779 4139 velle
2796 4096 2935 4139 esse
2950 4097 3033 4139 ex
3049 4098 3275 4143 eorum
3289 4092 3536 4145 numen),

659 4152 769 4233 qui
799 4154 878 4217 ab
901 4156 1046 4219 aliis
1069 4156 1305 4221 discere
1328 4157 1538 4241 parati
1561 4162 1740 4237 sunt,
1759 4160 1806 4225 ἃ
1830 4180 1908 4223 ex
1931 4160 2159 4225 alienis
2182 4160 2702 4227 meditationibus
2724 4162 3035 4245 proficere
3059 4164 3436 4231 deciderant.

747 4236 820 4306 4.
865 4236 1189 4307 Hactenus
1233 4245 1313 4309 ad
1341 4245 1698 4310 uberiorem
1735 4248 2197 4313 controversiae
2229 4248 2307 4314 de
2337 4250 2715 4315 necessitate
2738 4248 3205 4319 satisfactionis
3238 4246 3535 4319 illustrati-

664 4344 871 4405 onem,
917 4348 1032 4407 pro
1062 4330 1329 4412 ‚modulo
1351 4332 1738 4399 occasionem
1769 4337 1816 4401 8⁵
1831 4334 2114 4419 aliquem
2135 4337 2621 4403 meditationum
2644 4342 3030 4423 apparatum
3062 4336 3537 4407 subministravi·

3404 4444 3538 4491 mus.
