3694 4871
640 315 767 379 222
903 310 1122 378 D1sr.
1170 310 1351 378 VHI.
1412 313 1523 377 Dr:
1571 312 1940 378 Psasoru
1987 308 2236 376 Onlus
2267 334 2340 375 '1⁸1
2389 308 2927 377 Mammoms.
2975 307 3184 377 Pius
3227 306 3276 377 I.

642 500 745 563 10.
778 498 879 565 14.
910 498 1109 582 Atqui
1132 498 1425 563 Christus
1449 502 1548 561 est
1571 498 1887 581 objectum
1913 497 2230 561 salvificae
2262 497 2411 561 fidei
2435 498 2552 561 sub
2579 497 2694 561 illa
2710 497 2956 561 ratione
2975 501 3106 581 qua
3123 498 3407 563 mediator
3419 504 3524 563 est.

640 588 835 672 Ergo.
888 588 1063 671 Hesp.
1112 584 1375 669 Majoris
1400 586 1852 669 consequentia
1876 586 2169 669 neganda
2191 580 2309 662 e'st,
2335 586 2597 668 ejusque
2623 586 2810 650 ratio,
2863 587 3100 663 Prima,
3127 586 3300 661 Quod
3319 587 3392 649 ad
3413 609 3521 649 ma-

632 676 791 760 joris
816 674 1349 758 consequentiam,
1384 697 1523 739 eam
1548 675 1734 738 unica
1756 674 1880 737 hac
1901 673 2211 737 instantis»
2235 674 2480 757 rejicio:
2530 672 2663 738 Sub
2693 696 2821 757 qua
2846 673 3092 739 ratione
3115 674 3354 738 formali
3379 674 3523 738 Chri-

642 769 777 829 stus
804 768 901 829 est
924 764 1239 847 objectum
1274 763 1419 827 fidei
1444 763 1783 841 salvificae,
1818 763 1936 826 sub
1965 762 2080 825 illa
2103 766 2200 827 est
2222 762 2541 842 objectum
2563 762 2983 826 adorationis:
3011 761 3135 827 Sed
3157 762 3427 827 Christus
3447 767 3526 826 oet

642 853 961 936 objectum
994 851 1139 914 fidei
1164 850 1482 916 salvificae
1510 852 1627 915 sub
1660 851 1773 915 illo
1797 850 2054 915 formali
2081 853 2210 933 qua
2233 850 2424 915 homo
2448 852 2494 916 δι
2517 854 2646 933 qua
2677 873 2794 934 pro
2823 873 2922 914 me
2947 852 3338 915 incarnatus:
3379 850 3524 935 Ergo

642 944 742 1007 διο.
768 939 897 1005 Ubi
924 940 1043 1004 hoc
1068 944 1517 1023 argumentum
1542 939 1874 1023 perspicue
1899 938 2245 1003 refutatum
2273 937 2489 1018 fuerit,
2514 940 2694 1003 nulla
2720 938 3065 1004 difficultas
3089 941 3212 1003 erit
3235 940 3298 1003 in
3322 939 3526 1003 refuta-

643 1030 815 1093 tione
841 1028 1201 1111 argumenti
1228 1028 1413 1091 nobis
1444 1027 1743 1111 oppositi.
1790 1027 2096 1106 Secundo,
2129 1026 2322 1090 Ratio
2351 1027 2840 1109 consequentiae
2867 1028 3143 1111 majoriS,
3169 1050 3370 1111 quam,
3391 1048 3526 1110 nego

644 1117 880 1201 quippe
904 1116 1269 1180 indistincte
1293 1118 1339 1182 δι
1364 1116 1688 1180 illimitate
1712 1116 2124 1199 propositam,
2153 1115 2302 1179 talis
2327 1137 2462 1179 esse
2487 1115 2778 1179 deberet:
2805 1115 3121 1199 Quicquid
3143 1120 3242 1180 est
3256 1116 3524 1199 objectum

644 1204 792 1269 fidei
836 1204 1175 1282 salvificae,
1222 1204 1381 1268 illud
1432 1208 1529 1267 est
1574 1204 1891 1285 objectum
1942 1204 2327 1268 adorationis
2375 1203 2748 1287 religiosae:
2791 1204 3030 1286 alioqm
3054 1227 3180 1269 non
3211 1204 3528 1287 procederet

644 1296 1096 1379 argumentum
1116 1294 1461 1357 secundum
1489 1293 1727 1357 dictum
1751 1293 1827 1356 de
1852 1293 2026 1356 omni
2050 1294 2094 1359 ἃ
2112 1294 2187 1356 de
2205 1292 2404 1358 nu110.
2423 1290 2546 1355 Sed
2561 1292 2742 1355 illam
2759 1292 2964 1355 ration
2972 1314 3072 1356 em
3090 1292 3528 1375 consequentiae

644 1383 734 1447 sic
778 1381 1093 1465 infringo:
1120 1380 1195 1446 B.
1221 1382 1401 1465 virgo
1426 1381 1727 1457 ἓεὸτοκος,
1754 1380 2019 1445 ecclesia
2042 1380 2376 1458 catholica,
2401 1380 2758 1445 communio
2783 1385 3167 1459 sanctorum,
3201 1379 3530 1445 resurrectio
3646 1382 3649 1417 ³

646 1470 873 1547 carnis„
922 1474 1128 1534 totum
1176 1469 1603 1554 euangelium.
1660 1474 2058 1533 sacramenta
2112 1468 2446 1553 euangelio
2493 1490 2793 1551 appensa,
2825 1472 2964 1533 tota
2987 1469 3302 1552 scriptura
3323 1468 3428 1533 sub
3446 1467 3530 1531 ino

644 1557 899 1623 formali
924 1578 1049 1640 qua
1073 1558 1337 1621 verbum
1364 1558 1759 1617 θεόπνευστον
1790 1560 1940 1621 sunt
1965 1558 2278 1639 objectum
2311 1556 2491 1621 fidei:
2521 1557 2770 1621 nullum
2793 1561 3004 1622 tamen
3035 1558 3303 1621 istorum
3329 1562 3417 1621 est
3441 1556 3530 1619 ob-

639 1648 879 1729 jectum
906 1645 1311 1709 adorationis.
1340 1645 1438 1709 De
1463 1646 1745 1711 humana
1774 1650 2006 1710 natura
2039 1644 2298 1722 Christi,
2323 1645 2586 1727 ejusque
2611 1645 2902 1728 partibus
2927 1646 3369 1709 essentialibus
3393 1648 3434 1710 a
3451 1645 3533 1707 in·

646 1734 1027 1819 tegralibuS,
1051 1756 1195 1797 cum
1221 1734 1495 1818 propriis
1522 1734 1834 1817 adjunctis
1858 1744 1992 1797 tam
2017 1734 2324 1817 specificis
2357 1756 2549 1816 quam
2573 1732 3138 1811 individuantibuS,
3165 1756 3310 1798 mox
3332 1732 3534 1817 aliquid

648 1824 946 1887 dicemus,
995 1820 1128 1886 Ubi
1173 1844 1326 1906 ergo
1375 1822 1606 1906 aliquis
1633 1823 1813 1907 [pag.
1843 1822 2006 1907 310]
2043 1823 2120 1886 ad
2144 1822 2432 1886 involuta
2457 1821 2801 1886 evolvenda
2827 1822 3074 1886 debitas
3099 1823 3534 1906 explicationes,
3647 1830 3651 1875 ἕ

648 1911 1105 1987 distinctione8‚
1154 1912 1199 1976 ἃ
1247 1910 1659 1975 limitationes
1705 1911 2126 1975 terminorum
2173 1910 2384 1995 obJ'ecti
2425 1910 2592 1998 fidei,
2640 1910 2754 1975 sub
2780 1912 2884 1975 illo
2907 1912 3168 1996 formali
3191 1910 3534 1983 adhibuerit,
3648 1932 3651 1993 ᾗ

648 1999 1087 2084 probationem
1106 1998 1369 2061 minoris
1394 1999 1459 2062 in
1486 1999 1809 2082 proposito
1833 2004 2210 2083 argumento
2235 2003 2602 2082 persecutus
2626 1998 2823 2062 fuerit
2845 1998 3236 2083 syllogismis
3251 2000 3298 2063 ἃ
3327 1998 3538 2082 prosyl·
3648 2030 3651 2053 ι

650 2088 937 2173 logismis
986 2086 1285 2165 breviter,
1312 2087 1357 2151 ἃ
1384 2087 1671 2169 expedite
1698 2087 2056 2171 propositis,
2092 2087 2331 2151 videbit
2353 2087 2526 2151 illico
2550 2091 2663 2150 aut
2683 2087 3152 2171 ignorationem
3175 2087 3427 2163 elenchi,
3449 2090 3542 2148 aut
3648 2106 3651 2175 ξ

648 2176 971 2241 fallaciam
1015 2175 1463 2259 homonymiae
1509 2176 1840 2240 committi.
1890 2174 2279 2259 Experiatur
2322 2177 2508 2239 modo
2555 2176 2718 2259 quis,
2769 2176 2816 2241 a
2840 2176 3246 2260 syllogismos
3269 2176 3336 2240 in
3363 2174 3540 2239 forma
3649 2180 3651 2217 ³

650 2265 939 2330 fabricet.
986 2263 1255 2329 Minoris
1303 2264 1742 2347 probationem
1764 2263 1957 2347 hujus
1982 2264 2366 2348 argumenti,
2391 2285 2534 2327 cum
2561 2286 2676 2327 sua
2701 2263 3070 2327 deductione
3093 2264 3384 2327 nolumus
3403 2283 3541 2327 nunc
3646 2260 3652 2333 ξ

652 2350 1086 2429 ἁκριβεση-έρως
1118 2352 1419 2427 cribrare,
1460 2372 1577 2415 nec
1618 2352 1810 2415 etiam
1853 2373 2042 2435 opus;
2079 2374 2220 2416 cum
2247 2351 2607 2438 argumenti
2633 2350 2824 2433 hujus
2847 2373 3074 2417 nervos
3104 2352 3172 2416 in
3195 2353 3424 2438 majore
3431 2352 3544 2434 jam
3648 2352 3651 2433 j

652 2444 809 2508 satis
840 2443 1265 2508 inciderimus·

739 2529 811 2600 4.
860 2531 1147 2597 Secunda
1174 2531 1393 2614 Objccc.
1420 2527 1552 2594 Sub
1578 2551 1703 2612 quo
1726 2529 1985 2593 formali
2010 2529 2300 2594 Christus
2325 2551 2441 2594 nos
2467 2529 2751 2595 intuetur
2775 2534 2847 2594 ut
2869 2551 3085 2594 semen
3111 2553 3317 2609 suum,
3343 2532 3384 2596 ἃ
3407 2529 3548 2593 filios

652 2641 797 2686 suos
829 2620 1214 2703 spiritualeS,
1240 2619 1357 2683 sub
1383 2618 1495 2682 illo
1521 2617 1775 2682 formali
1800 2641 1915 2682 nos
1938 2618 2036 2681 illi
2060 2618 2360 2682 debemus
2386 2619 2879 2696 venerationem,
2911 2619 3240 2696 honorem,
3267 2621 3312 2685 ἃ
3335 2619 3546 2682 cultum

652 2707 1023 2792 religiosum
1077 2708 1177 2771 διο.
1227 2707 1423 2790 Atqui
1474 2705 1766 2770 Christus
1790 2729 1904 2770 nos
1932 2707 2216 2770 intuetur
2240 2711 2311 2769 ut
2342 2728 2556 2770 semen
2581 2729 2768 2771 suum
2793 2709 2840 2772 St
2872 2707 3038 2771 filios
3063 2707 3422 2790 spirituales
3443 2706 3544 2769 suh

654 2798 765 2861 illo
812 2795 1086 2874 formali,
1134 2817 1259 2878 quo
1308 2798 1405 2859 est
1450 2795 1779 2858 mediator.
1827 2794 2004 2879 Ergo
2053 2796 2229 2878 Hesp.
2259 2793 2501 2858 Eodem
2526 2795 2659 2860 fere
2685 2797 2888 2872 niodo,
2913 2795 3080 2859 utin
3103 2797 3316 2879 prima
3343 2796 3544 2876 object.

652 2883 867 2948 omnia
912 2883 1233 2968 ambiguis
1285 2883 1597 2959 terminiS,
1653 2884 1699 2948 δι
1733 2882 1880 2946 inde
1905 2883 2242 2947 exstructis
2267 2882 2476 2946 dubiis
2502 2885 2547 2948 &
2571 2884 2952 2967 amphibolis
2982 2883 3439 2967 hypothesibus
3465 2883 3548 2944 in·

656 2973 998 3038 volvuntur
1020 2974 1065 3038 δι
1088 2970 1561 3036 confunduntur
1584 2973 1630 3036 δι
1654 2971 1744 3035 sic
1767 2971 2105 3034 obscurum
2129 2994 2242 3054 per
2265 2971 2602 3035 obscurum
2625 2973 2881 3055 probari
2905 2972 3276 3037 intenditur.
3305 2973 3550 3056 libycum

656 3060 1105 3143 consequentia
1134 3061 1425 3144 majoris:
1482 3061 1527 3125 ἃ
1560 3060 1748 3123 datur
1772 3059 1930 3123 haec
1961 3059 2290 3137 instantia,
2315 3059 2600 3124 intuetur
2621 3083 2736 3124 nos
2768 3064 2841 3124 ut
2869 3082 3082 3124 semen
3109 3083 3300 3124 suum
3328 3063 3424 3126 ac.
3451 3058 3549 3122 sub

654 3150 769 3215 illo
820 3147 1076 3213 formali
1130 3151 1257 3232 qua
1286 3147 1497 3226 homo,
1524 3151 1651 3231 qua
1683 3147 1852 3211 filius
1884 3148 2180 3226 hominis,
2216 3168 2342 3230 qua
2373 3148 2738 3212 incarnatus
2767 3170 2885 3233 pro
2910 3148 3114 3226 nobiS,
3143 3149 3190 3212 a
3213 3149 3327 3232 qui
3356 3171 3424 3212 ac
3445 3149 3552 3231 qua

3648 2435 3653 2598 l

3650 2803 3653 2958 4

3650 2959 3653 3034 ψ

3650 3041 3653 3090 A

657 3238 831 3302 dedit
881 3236 1161 3300 animam
1206 3258 1386 3300 suam
1448 3236 1705 3300 ascham
1750 3258 2018 3319 eamque
2059 3236 2281 3300 effudit
2305 3235 2372 3299 in
2397 3239 2666 3300 mortem
2691 3239 2792 3302 διο..
2839 3236 3014 3321 Ergo
3041 3240 3159 3300 sub
3185 3237 3301 3301 illo
3327 3234 3550 3302 formali
3651 3283 3653 3290 -

656 3326 1034 3393 adorandus,
1080 3323 1211 3389 Ubi
1254 3324 1512 3388 termini
1566 3324 1688 3388 rite
1734 3324 1976 3388 evoluti
2023 3323 2282 3398 fuerint,
2317 3324 2364 3389 8⁶
2397 3324 2636 3407 absque
2669 3324 3140 3410 paralogismiS‚
3167 3329 3282 3389 aut
3312 3323 3554 3390 fallaciis
3651 3349 3653 3410 f

654 3413 1123 3497 homonymiae,
1171 3412 1620 3496 amphiboliae,
1668 3412 2140 3495 compositionis
2169 3413 2213 3478 δι
2235 3412 2580 3488 divisioniS,
2607 3415 3076 3490 πολυζητὴσεως,
3103 3411 3551 3491 ἑτεροζητὴσενιις,
3650 3429 3653 3498 ξ

612 3559 619 3566 .
658 3506 723 3568 in
769 3503 977 3568 forma
1020 3501 1379 3585 syllogismi
1424 3500 1754 3584 propositi,
1780 3501 2102 3566 videbitur
2125 3501 2286 3564 nihil
2321 3501 2465 3565 dici.
2512 3499 2609 3565 De
2635 3500 3010 3585 probatione
3035 3501 3301 3566 minoris
3327 3503 3555 3586 ejusque
3651 3529 3653 3544 ι

658 3591 1029 3658 deductione
1051 3590 1220 3654 idem
1244 3588 1510 3652 dicimus
1535 3590 1699 3671 quod
1726 3611 1938 3672 supra.

752 3679 820 3748 5.
858 3680 1063 3744 Tertia
1092 3679 1312 3762 ObJect.
1339 3675 1473 3741 Sub
1500 3699 1623 3760 quo
1646 3675 1904 3741 formali
1929 3677 2158 3742 colitur
2182 3677 2476 3742 Christus
2499 3677 2564 3741 in
2589 3677 2892 3760 baptismi
2907 3683 3325 3758 sacramento,
3343 3675 3560 3763 quando

658 3769 1061 3853 baptizamur
1111 3767 1176 3829 in
1221 3765 1481 3831 nomine
1531 3765 1649 3828 filii
1704 3765 1784 3829 ad
1810 3765 2316 3849 resipiscentiam
2347 3768 2394 3832 a
2419 3765 2855 3830 remissionem
2881 3771 3308 3849 peccatorum,
3335 3767 3444 3832 sub
3469 3765 3556 3829 illo

660 3857 915 3922 formali
960 3860 1057 3920 est
1080 3855 1454 3919 adorandus.
1504 3853 1707 3936 Atqui
1731 3853 2023 3917 Christus
2055 3854 2284 3917 colitur
2314 3853 2382 3917 in
2412 3853 2716 3937 baptismi
2747 3860 3163 3934 sacramento,
3189 3861 3264 3920 ut
3287 3857 3394 3940 qui
3417 3853 3559 3918 venit

664 3970 775 4031 per
806 3967 1038 4028 aquam
1063 3944 1109 4008 &
1134 3942 1511 4028 sanguinem
1536 3963 1723 4006 suum
1751 3942 1852 4006 διο.
1900 3942 2144 4006 Eadem
2167 3963 2319 4026 ergo
2349 3948 2445 4007 est
2469 3943 2637 4007 ratio
2661 3943 2972 4021 formaliS,
2997 3945 3114 4008 sub
3140 3949 3270 4028 qua
3301 3944 3557 4009 Christus

664 4039 761 4099 est
791 4033 1164 4098 adorandus,
1212 4033 1392 4115 Hesp.
1418 4030 1661 4095 Iterum
1687 4032 2025 4095 obscurum
2049 4053 2162 4113 per
2192 4031 2528 4095 obscurum
2555 4031 2882 4115 probatur,
2911 4034 2958 4097 δι
2981 4033 3192 4118 magis
3224 4031 3556 4097 involvitur.

666 4123 891 4190 Primo
935 4142 1188 4204 possem
1242 4120 1499 4203 rejicere
1554 4124 2026 4205 argumentum,
2081 4123 2388 4203 tanquam
2437 4142 2702 4203 peccans
2749 4119 2816 4182 in
2850 4120 3088 4184 forma:
3115 4121 3267 4204 quia
3293 4126 3366 4184 ut
3387 4120 3558 4184 :Liuor

665 4209 928 4296 proponi
954 4209 1223 4288 videtur,
1246 4207 1413 4271 nihil
1436 4207 1610 4272 aliud
1634 4230 1893 4291 possum
1917 4229 2161 4291 capere,
2189 4229 2379 4289 quam
2403 4207 2853 4272 limitationem
2876 4231 3006 4294 qua
3027 4211 3334 4274 mediator
3349 4209 3448 4296 (de
3459 4207 3556 4290 quai

666 4302 733 4361 in
778 4295 1067 4361 terminis
1090 4299 1229 4359 tota
1257 4299 1475 4358 nostra
1500 4296 1928 4360 controversia
1951 4297 2073 4378 est)
2107 4300 2219 4358 aut
2243 4297 2546 4360 occultari
2567 4321 2582 4372 ;
2615 4300 2728 4360 aut
2757 4301 3066 4379 tanquam
3091 4319 3440 4383 synonyma
3461 4293 3555 4360 sal·

668 4391 798 4452 tem
845 4382 1165 4464 reciproca
1202 4381 1308 4444 hic
1356 4383 1649 4465 usurpari
1694 4381 1765 4440 τὸ
1798 4404 1928 4472 qua
1965 4383 2368 4448 mediatorem
2411 4405 2555 4463 esse,
2590 4387 2636 4450 δι
2661 4380 2730 4441 τὲ
2754 4407 2882 4470 qua
2897 4387 3108 4450 υθηίνε
3127 4407 3247 4469 per
3267 4407 3492 4472 aqtmm
3513 4378 3558 4445 ἃ

3440 4491 3554 4538 Sim·
