3694 4871
727 314 2237 389 D1s12.111.D2Jua221=.10sm11·1r
2285 319 2474 387 Dm.
2994 323 3078 388 47

147 528 349 590 quam
375 527 790 591 quaecunque
815 506 962 570 alia:
990 506 1303 590 siquidem
1327 506 1540 570 omnia
1563 507 1676 571 illa
1701 506 2095 574 solummodo
2122 505 2385 572 alibero
2408 506 2531 572 Dei
2547 509 2817 586 decreto,
2842 509 2889 573 81
2912 530 3093 572 11166-

147 593 306 658 dato
338 595 708 678 dependeat,
734 599 806 659 ut
839 595 906 658 in
927 595 1091 658 11666
1113 595 1214 659 vel
1241 595 1418 658 illam
1443 599 1691 679 partem
1719 598 2046 661 voluntate
2078 595 2317 678 signi&
2343 597 2627 660 mandati
2653 600 2690 661 6
2712 596 2849 660 Deo
2880 597 3091 660 deter-

147 683 400 746 minata
431 687 881 767 proponantur.
932 685 990 747 3.
1041 685 1191 768 quia
1216 688 1585 766 sequeretur
1605 687 1889 768 potuisse
1920 682 2129 748 Deum
2176 683 2375 748 libere
2400 686 2753 764 decernere,
2786 686 2833 749 81
2857 707 3089 748 3661111-

147 773 308 834 dum
353 773 670 835 decretum
721 794 904 836 suum
953 795 1165 836 creare
1203 773 1496 836 homines
1529 775 1574 838 81
1607 775 1889 858 6696163,
1923 773 2032 875 qui
2056 773 2253 836 talem
2278 773 2653 838 habuissent
2676 775 2905 858 legem,
2931 795 3093 856 quae

147 859 414 944 singula
461 865 712 943 peccata
766 861 1066 925 adversus
1097 861 1468 944 decalogum
1495 865 1628 925 tam
1653 861 2115 926 commissionis
2140 883 2330 944 quam
2357 863 2714 926 omissionis
2740 862 3094 946 praescrip-

149 949 364 1026 sisset,
409 951 454 1014 &
495 949 804 1013 rationem
853 950 1095 1033 peccati
1141 972 1254 1013 seu
1285 949 1527 1024 ἀνομίας
1557 951 1637 1014 ab
1662 952 1957 1015 omnibus
1982 951 2229 1015 actibus
2254 950 2550 1015 humanis
2575 954 2622 1017 81
2648 950 2953 1034 angelicis
2980 951 3093 1014 ab·

149 1037 445 1100 stulisset
493 1042 682 1120 atque
732 1039 886 1102 adeo
911 1039 1220 1103 rationem
1245 1039 1573 1123 oppositae
1598 1040 1905 1104 bonitatis
1932 1042 1976 1105 &
2001 1038 2399 1103 obedientiae
2424 1040 2553 1103 illis
2579 1039 2977 1104 contulisset:
3005 1039 3097 1103 ita

150 1130 226 1189 ut
273 1130 606 1208 peccatum
637 1127 885 1190 nullum
911 1126 1180 1191 existere
1207 1127 1519 1211 potuisset
1543 1128 1670 1191 imo
1694 1151 1773 1192 ne
1798 1129 2049 1212 quidem
2078 1127 2357 1210 concipi;
2384 1128 2608 1212 illique
2633 1151 2851 1192 omnes
2876 1150 3094 1192 neces-

150 1214 347 1292 sario,
395 1236 520 1277 non
567 1236 680 1298 per
715 1215 992 1299 gratiam
1023 1214 1145 1279 Dei
1171 1217 1304 1280 sive
1327 1216 1844 1294 confirmationiS,
1872 1218 2003 1281 sive
2030 1217 2472 1295 163111111161113,
2506 1218 2638 1281 sive
2661 1217 2936 1301 primam
2961 1217 3095 1280 sive

149 1303 518 1380 secundam,
566 1303 648 1366 ab
696 1304 866 1368 omni
913 1305 1384 1388 peccatiumbra
1432 1305 1748 1370 immunes
1795 1305 2089 1384 fuissent,
2123 1309 2428 1388 tanquam
2454 1328 2568 1389 per
2600 1311 2915 1383 naturam,
2948 1307 2994 1371 81
3019 1327 3096 1369 ex

149 1391 532 1456 necessitate
571 1396 867 1456 naturae:
895 1393 1029 1456 fere
1055 1396 1126 1456 ut
1152 1393 1346 1472 Ι)663,
1374 1395 1474 1458 661
1501 1394 1602 1458 lex
1627 1396 1806 1458 nulla
1831 1395 2058 1478 posita.
2110 1397 2169 1459 4.
2225 1395 2393 1476 Quia
2417 1399 2788 1477 sequeretur
2812 1394 3095 1478 potuisse

151 1479 360 1543 libere
385 1479 593 1544 Deum
619 1481 969 1560 decernere,
997 1481 1042 1544 &
1067 1483 1410 1546 secundum
1435 1484 1757 1547 decretum
1781 1506 1995 1548 creare
2020 1483 2310 1546 homines
2336 1488 2449 1548 aut
2474 1484 2757 1568 angelos,
2784 1483 2919 1546 sine
2945 1505 3095 1568 syn-

150 1568 372 1647 teresi,
398 1568 800 1647 conscientia,
835 1575 1026 1652 atque
1052 1572 1208 1634 adeo
1233 1571 1404 1634 omni
1437 1572 1578 1656 lege
1616 1572 1896 1636 naturali
1921 1594 2033 1636 seu
2064 1575 2356 1636 aeterna:
2385 1573 2553 1655 apud
2578 1595 2735 1654 quos
2758 1575 2968 1636 rectae
2992 1594 3095 1635 16·

151 1657 352 1720 tionis
399 1656 807 1722 conformitas
854 1681 998 1723 cum
1044 1659 1250 1743 prima
1289 1661 1334 1726 81
1373 1682 1670 1744 suprema
1701 1666 1875 1725 recta
1914 1661 2181 1739 ratione,
2208 1663 2253 1726 s
2280 1667 2736 1744 consequenter
2759 1660 3096 1724 discrimen

153 1745 309 1809 boni
335 1750 447 1809 aut
471 1746 624 1809 mali
649 1747 710 1809 in
739 1747 986 1810 actibus
1010 1748 1428 1813 rationalibus
1453 1753 1584 1812 tam
1611 1750 1676 1814 in
1701 1750 1909 1833 specie
1932 1771 2125 1833 quam
2164 1749 2487 1814 individuo
2513 1748 2925 1813 consideratis
2952 1749 3093 1812 nul·

155 1835 292 1898 lum
335 1834 666 1899 habuisset
710 1836 946 1900 locum:
991 1860 1117 1900 non
1165 1838 1372 1921 magis
1418 1859 1608 1921 quam
1657 1839 1722 1901 in
1762 1839 1972 1917 brut0‚
2000 1842 2112 1902 aut
2136 1837 2368 1921 lapide,
2394 1842 2506 1902 aut
2529 1838 2681 1915 sole,
2706 1844 2820 1902 aut
2850 1838 3096 1902 arbore.

155 1923 424 1986 Brevier
464 1924 743 2006 potuisse
769 1931 1122 1989 6166161616
1147 1926 1526 1990 rationalem
1559 1928 1716 2002 fieri,
1751 1949 1914 2010 quae
1941 1931 2107 1990 esset
2130 1926 2320 2009 plane
2352 1926 2553 2004 exlex,
2583 1926 2819 2010 quippe
2842 1931 2954 1990 aut
2976 1947 3093 1990 su—

153 2035 274 2094 pra
298 2033 552 2075 omnem
601 2013 806 2096 legem
847 2014 1174 2090 moralem,
1217 2016 1720 2093 ceremonialem,
1747 2036 2187 2098 quamcunque
2220 2015 2435 2094 aliam,
2462 2018 2533 2078 ut
2558 2013 2767 2079 Deus·
2754 2065 2767 2090 ‚
2794 2019 2906 2078 aut
2926 2014 3097 2078 infra

152 2101 389 2184 legem,
434 2105 506 2164 61
551 2101 832 2180 brutum,
859 2103 1043 2186 lapis,
1069 2104 1348 2168 arbor.5
1356 2105 1588 2186 ‚Quia
1613 2108 2002 2186 sequeretur,
2029 2104 2275 2167 nullum
2304 2108 2517 2168 661661
2539 2103 2891 2167 humanum
2914 2125 3098 2187 posse

149 2189 290 2252 dari
327 2192 524 2253 etiam
571 2189 941 2274 religiosum
997 2197 1208 2256 661661
1257 2215 1310 2257 6.
1359 2215 1457 2294 gr.
1506 2193 1967 2257 invocationem
1994 2193 2359 2277 religiosam
2385 2192 2641 2268 diaboli,
2662 2193 3097 2276 juramentum

145 2299 266 2361 per
289 2299 522 2342 nomen
544 2279 702 2361 ejuS,
733 2279 1016 2344 divinum
1041 2303 1322 2344 amorem
1346 2282 1479 2364 ejus
1505 2287 1810 2364 tanquam
1830 2281 2063 2345 summi
2093 2281 2259 2359 boni,
2280 2280 2511 2344 fidem
2493 2303 2558 2344 m
2584 2281 2765 2344 illum
2791 2285 3097 2362 tanquam

144 2367 218 2430 in
243 2366 518 2449 primam
546 2366 903 2447 veritatem,
929 2369 1222 2433 fiduciam
1236 2371 1281 2434 &
1307 2393 1486 2454 spem
1509 2370 1573 2432 in
1601 2371 1782 2434 illum
1803 2374 2107 2453 tanquam
2128 2369 2194 2433 in
2209 2369 2479 2454 primam
2496 2369 2847 2434 bonitatem
2865 2371 2966 2434 &c.
2986 2373 3092 2453 qui

145 2456 244 2519 ita
268 2456 510 2519 11611661
532 2457 932 2541 conjunctam
957 2459 1080 2522 sibi
1098 2459 1414 2523 malitiam
1438 2464 1550 2523 aut
1573 2460 1664 2523 ita
1691 2460 1774 2523 sit
1791 2460 2130 2523 intrinsece
2149 2459 2373 2537 1116163,
2394 2463 2465 2523 61
2481 2482 2597 2543 per
2614 2458 3092 2523 circumstantia

143 2568 344 2629 quam
371 2544 606 2609 mutari
631 2568 752 2609 non
779 2551 992 2629 posset
1017 2548 1287 2612 materia
1301 2547 1624 2611 sufficiens
1643 2549 1885 2632 peccati
1900 2550 1946 2614 81
1964 2548 2054 2612 316
2078 2553 2255 2612 66163
2274 2547 2383 2611 ille
2396 2548 2569 2611 reddi
2592 2548 2814 2611 bonus.
2836 2548 2896 2609 6.
2928 2547 3095 2628 Quia

147 2638 550 2717 sequeretur,
567 2656 753 2717 posse
778 2634 984 2698 Deum
1003 2636 1201 2700 libere
1226 2638 1559 2701 decernere
1583 2639 1630 2703 &
1654 2636 1883 2715 faeere,
1910 2640 1983 2700 ut
2006 2640 2297 2701 creatura
2314 2636 2645 2701 rationalis
2672 2636 2795 2700 sibi
2821 2657 3096 2719 quacun-

141 2746 274 2806 que
315 2723 561 2785 ratione
609 2723 759 2804 quid
809 2725 1226 2807 praecipienti
1266 2726 1328 2789 in
1372 2747 1606 2810 genere
1631 2729 1676 2792 &
1703 2725 2151 2790 universaliter
2182 2747 2307 2789 non
2333 2724 2621 2790 obediat:
2655 2746 2769 2789 666
2800 2724 2993 2789 611616
3026 2724 3094 2787 16

154 2810 372 2895 specie
415 2810 830 2894 praecipienti
853 2814 1067 2877 credat
1090 2813 1346 2894 falsum,
1373 2818 1485 2878 aut
1509 2814 1682 2878 aliud
1707 2815 2123 2900 quodcunque
2149 2818 2476 2898 peccatum
2500 2814 2696 2878 faciat
2719 2818 2937 2878 contra
2962 2814 3094 2896 pri-

147 2922 354 2976 mum,
388 2900 756 2977 secundum,
804 2901 1066 2965 tertium
1092 2907 1524 2986 praeceptum,
1549 2926 1690 2967 611111
1724 2902 1900 2967 Ι)663
1926 2903 2238 2967 1611611616
2265 2902 2550 2966 malitiae
2576 2904 2622 2968 81
2646 2900 2891 2977 ἀνομίας
2914 2902 2994 2966 ab
3021 2923 3095 2965 eo

145 2988 458 3053 auferret.
487 2986 808 3053 Posterius
834 2989 1199 3069 absurdum,
1226 2995 1530 3075 tanquam
1547 2993 1628 3056 ad
1650 2992 1976 3057 hominem
1983 3013 2204 3075 ,supra
2234 2990 2441 3075 tetigi,
2468 2996 2539 3055 ut
2562 2990 2961 3055 ostenderem
2986 2991 3092 3054 ad-

145 3098 404 3141 versam
431 3077 812 3141 sententiam
837 3079 1126 3143 absurdis
1151 3081 1198 3145 81
1224 3080 1403 3166 [pag.
1425 3081 1587 3166 369]
1601 3079 2204 3146 contradictionibus
2230 3078 2487 3143 involvi
2518 3080 2575 3143 7.
2595 3080 2760 3158 Quia
2786 3100 3093 3163 consequ-

148 3172 340 3231 enter
363 3164 514 3229 hinc
539 3165 902 3246 inferretur,
927 3166 1133 3231 Deum
1161 3169 1214 3232 si
1242 3170 1414 3247 velit,
1441 3192 1623 3253 posse
1645 3192 1779 3235 esse
1794 3173 2081 3233 autorem
2099 3172 2210 3231 aut
2227 3168 2713 3253 approbatorem
2730 3167 3091 3231 inobedien-

145 3254 304 3331 tiae,
345 3253 467 3318 hoc
492 3257 607 3333 est,
649 3258 936 3319 autorem
969 3258 1015 3322 81
1046 3280 1302 3322 6663661
1327 3220 1556 3322 36116111
1579 3259 1886 3323 moralem
1914 3256 2155 3341 peccati
2180 3261 2581 3341 peccatorum
2606 3258 2809 3341 (juxta
2838 3258 2894 3319 1.
2919 3256 3092 3321 Sam.

155 3346 186 3406 1
202 3346 264 3405 5.
269 3342 548 3428 )quippe
572 3344 681 3426 qui
697 3344 918 3408 docere
943 3345 1144 3429 possit
1158 3346 1502 3425 hominem,
1522 3352 1634 3411 aut
1649 3347 1745 3411 1111
1757 3348 2079 3426 mandare,
2098 3367 2178 3409 ne
2204 3345 2327 3410 sibi
2352 3347 2765 3447 quodcunque
2781 3344 3093 3427 praecipi-

146 3431 291 3497 enti
323 3436 436 3495 aut
466 3436 879 3515 praecepturo
902 3434 1177 3499 obediat.
1225 3434 1426 3499 Nulla
1473 3436 1642 3499 enim
1675 3440 1771 3499 est
1799 3434 2155 3520 obligatio
2138 3456 2203 3497 16
2228 3434 2505 3510 11616166,
2536 3436 2765 3517 necjus
2790 3432 3092 3517 obligati-

148 3520 297 3585 onis
345 3520 414 3583 in
439 3518 594 3598 Deo,
621 3521 790 3603 quod
813 3524 1168 3588 necessario
1192 3524 1238 3588 &
1263 3523 1706 3588 antecedenter
1731 3525 1810 3588 ad
1833 3523 1957 3588 Dei
1980 3524 2375 3589 voluntatem
2399 3546 2473 3588 66
2503 3524 2711 3607 legem
2734 3521 2894 3585 hoc
2876 3542 3089 3603 impe-

149 3610 292 3674 dire
317 3608 520 3691 possit
541 3608 883 3673 secundum
913 3611 1324 3675 adversarios:
1344 3611 1572 3696 Neque
1596 3613 1766 3677 enim
1788 3612 2102 3696 praecipit
2127 3610 2300 3675 Deus
2332 3611 2457 3675 31111
2481 3610 2617 3675 Deo
2644 3631 2756 3673 suo
2771 3608 3090 3688 obediant,

146 3698 308 3784 quia
325 3698 568 3797 justum
594 3702 708 3761 est:
736 3699 844 3762 sed
869 3704 1088 3764 contra
1104 3700 1348 3802 justum
1359 3706 1476 3779 est,
1502 3702 1654 3785 quia
1669 3701 1843 3765 Deus
1868 3723 2033 3765 nunc
2057 3700 2147 3765 sic
2172 3700 2309 3765 vult
2331 3703 2378 3767 81
2400 3698 2730 3783 praecipit,
2748 3696 2857 3780 qui
2876 3659 3092 3761 tameii

147 3784 522 3871 oppositum
579 3807 780 3870 aeque
829 3788 990 3853 velle
1038 3790 1085 3854 81
1119 3790 1487 3873 praecipere
1511 3789 1734 3874 possit.
1779 3790 1967 3853 Nihil
1990 3792 2203 3873 potest
2225 3788 2331 3852 hic
2356 3787 2565 3871 excipi
2589 3788 2669 3851 ab
2693 3785 3091 3865 adversariis,

149 3896 354 3961 quam
399 3873 894 3940 inobedientiam
941 3878 1120 3942 illam
1169 3878 1591 3943 universalem
1643 3879 1920 3943 hominis
1952 3882 2063 3941 661
2088 3878 2369 3941 61661616
2402 3876 2753 3950 1161616616,
2779 3837 3093 3958 siquideni

150 3968 328 4031 esset
366 3986 442 4026 ex
497 3966 982 4047 praesupposito
1012 3972 1352 4051 praecepto
1384 3968 1505 4031 Dei
1530 3968 1606 4031 de
1637 3967 2085 4041 inobedientia,
2118 3988 2244 4029 non
2274 3965 2411 4030 fore
2434 3970 2587 4029 tunc
2608 3968 2956 4047 peccatum,
2982 3964 3093 4027 sed

151 4055 465 4119 virtutem
489 4054 536 4117 81
560 4056 771 4116 66111111
796 4054 1215 4120 obedientiae.
1264 4054 1390 4121 Sed
1414 4056 1644 4133 videat,
1678 4079 1759 4120 611
1785 4058 1830 4121 St
1857 4054 2165 4139 quomodo
2197 4055 2367 4118 sanis
2394 4053 2761 4119 hominibus
2811 4051 3091 4136 labyrin-

149 4144 378 4209 theam
411 4140 602 4204 istam
647 4142 1118 4208 inobedientem
1141 4144 1565 4209 obedientiam
1599 4148 1644 4211 s
1667 4145 2064 4209 obedientem
2098 4142 2508 4207 rebellionem
2532 4164 2644 4207 seu
2668 4141 3091 4205 inobedienti-

151 4256 260 4297 am
310 4230 690 4314 persuadere
712 4232 980 4314 possint.
1029 4234 1168 4317 Ego
1191 4234 1418 4297 saltem
1449 4234 1675 4313 fateor,
1701 4256 1802 4298 me
1827 4237 1959 4298 tam
1986 4232 2177 4298 cruda
2193 4254 2309 4296 1166
2331 4254 2556 4316 capere
2570 4253 2689 4296 666
2708 4251 3093 4313 concoquere

151 4344 366 4407 posse.
417 4318 476 4381 8.
532 4319 696 4401 Quia
727 4326 1100 4405 sequeretur
1146 4344 1270 4386 non
1311 4344 1496 4405 posse
1544 4323 1675 4387 ulla
1719 4322 1965 4387 ratione
1990 4320 2242 4386 defendi
2264 4320 2652 4405 hypothesin
2669 4320 2849 4384 illam
2873 4322 3093 4383 contra

151 4409 554 4485 8661616663,
573 4408 649 4473 de
675 4410 998 4476 essentiali
1024 4412 1070 4477 ἃ
1101 4410 1390 4477 absolute
1414 4411 1768 4476 necessaria
1789 4411 2042 4496 justitia
2087 4410 2379 4494 punitiva
2402 4409 2545 4490 Dei,
2580 4410 2781 4493 deque
2811 4408 3091 4559 necepsss-

2984 4518 3023 4559 a
3054 4516 3089 4558 e
