3694 4871
816 325 2430 399 D1sp.XII.DnannmEumonmo.
2956 334 3086 399 355

239 516 295 600 5.
322 514 384 579 2.
430 509 544 577 XI.
577 512 827 595 Quaest.
875 513 978 577 An
1005 512 1336 599 Euanyelii
1357 516 1808 599 promissiones
1831 516 1959 581 sint
1982 518 2417 588 universales?
2464 520 2643 601 Hesp.

245 607 298 667 1.
335 601 540 669 Conci.
591 601 662 666 Si
689 602 1078 667 universales
1104 602 1276 667 dicas
1310 603 1636 668 extensive
1667 605 1915 669 ratione
1941 606 2175 690 objecti
2207 607 2329 672 cui.
2382 608 2528 692 Ney.
2578 603 2891 669 Omnibus
2918 604 3091 670 enim

17 729 20 766 ;
152 694 196 759 ἃ
243 690 516 775 singulis
554 689 923 755 hominibus
955 712 1082 754 non
1110 695 1259 755 sunt
1284 690 1492 757 factae
1518 693 1993 776 promissioneS,
2024 717 2138 759 nec
2163 696 2459 761 omnibus
2484 694 2745 759 externe
2768 695 3091 758 revelatae

153 784 264 845 aut
333 801 408 843 ro
493 778 678 843 sitae.

241 801 542 934 2PCoiitocl.
592 864 701 931 Sin
751 889 866 951 per
913 865 1302 933 universales
1348 868 1677 954 intelligas
1725 870 2078 936 abstractas
2126 875 2165 936 a
2211 870 2515 957 subjectis
2540 867 2904 947 individuis,
2942 871 3091 958 Neq.

153 979 364 1022 omnes
391 977 529 1021 esse
555 954 965 1020 universales

238 1042 382 1109 XII.
417 1046 662 1127 Quae-st.
715 1046 813 1109 An
848 1045 1263 1130 Ειιαπῃεὶἱωη
1311 1045 1529 1110 habeat
1575 1047 2141 1113 comminationes?
2190 1050 2373 1133 Hesp.
2422 1047 2491 1112 Si
2515 1045 2772 1131 proprie
2799 1046 2844 1111 δι
2868 1046 3091 1111 stricte

154 1134 413 1212 dictum,
445 1138 521 1197 ut
567 1132 888 1215 disparate
911 1132 1068 1219 Legi
1093 1134 1455 1217 opponitur,
1480 1134 1814 1221 intelligis,
1845 1137 1989 1220 Ncy.
2040 1135 2206 1212 Quia
2228 1138 2320 1202 nil
2347 1136 2631 1201 continet
2662 1134 2787 1199 nisi
2820 1135 3088 1218 promis·

155 1224 362 1288 aiones
411 1220 685 1286 foederis
731 1221 1014 1306 gratiae3
1064 1224 1110 1287 s
1156 1222 1305 1286 hinc
1352 1223 1607 1307 proprio
1653 1224 1909 1288 nomine
1933 1228 2081 1289 ante
2114 1224 2439 1289 Christum
2468 1224 2650 1310 [pag.
2686 1223 2805 1306 35]
2839 1243 3092 1302 φανερω-

159 1310 345 1371 θέντα
397 1310 742 1374 vocabatur
786 1308 1158 1385 ἐπαγγελίας
1211 1314 1354 1394 post
1401 1311 1752 1376 revelatum
1800 1312 2129 1378 dicebatur
2155 1314 2397 1377 laetum
2435 1312 2729 1375 nuntium
2755 1311 3083 1397 (Euanyc-

157 1399 348 1481 lium)
365 1422 390 1462 .-
414 1398 596 1481 atqui
620 1420 734 1462 nec
765 1397 1117 1482 promissi0‚
1144 1420 1259 1463 nec
1284 1399 1524 1463 laetum
1551 1400 1846 1464 nuntium
1879 1400 2032 1464 dicit
2055 1406 2167 1465 aut
2190 1402 2389 1465 habet
2420 1398 3001 1464 comminationem.

241 1485 368 1551 Sed
415 1486 678 1569 objiciat
727 1485 870 1569 quis
909 1487 964 1550 1.
1011 1487 1229 1570 Object.
1281 1487 1483 1571 Atqui
1525 1510 1915 1572 consequens
1942 1512 2051 1553 seu
2078 1490 2375 1554 effectum
2400 1487 2742 1572 Euangelii
2770 1490 2866 1550 est
2889 1487 3089 1552 incre·

155 1576 450 1641 dulorum
496 1574 958 1651 condemnatio,
991 1582 1018 1636 l
1058 1577 1190 1640 ΙοΙι.
1222 1578 1281 1639 3.
1307 1598 1366 1641 υ.
1399 1577 1500 1639 18.
1530 1577 1630 1640 19.
1669 1577 1771 1640 36.
1824 1579 1861 1639 2
1901 1578 2040 1644 Cor.
2070 1579 2127 1640 2.
2155 1600 2217 1644 v.
2253 1578 2349 1641 16.
2386 1579 2431 1643 δι
2458 1577 2517 1639 4.
2543 1597 2600 1640 υ.
2630 1577 2689 1639 3.
2728 1574 2788 1639 4.
2838 1572 2908 1638 Si
2936 1596 3094 1660 ergo

155 1664 372 1743 habet,
419 1666 534 1727 aut
555 1666 702 1747 post
726 1684 791 1726 se
823 1662 1028 1727 trahit
1050 1664 1657 1745 condemnationem,
1689 1664 1888 1730 habet
1912 1667 2106 1731 etiam
2133 1666 2679 1731 comminationes,
2733 1664 2913 1746 Hesp.
2944 1686 3093 1729 con-

157 1752 482 1817 demnatio
529 1773 655 1814 non
707 1754 804 1814 est
850 1750 1145 1816 effectum
1190 1752 1554 1837 Euangelii,
1601 1776 1716 1819 nec
1755 1754 1901 1818 finis
1942 1755 2171 1838 operis,
2197 1755 2321 1819 nisi
2344 1754 2534 1838 plane
2560 1775 2672 1837 per
2705 1751 3013 1831 accidenS,
3047 1752 3093 1817 δι

153 1839 501 1926 objective3
549 1844 866 1924 quatenus
899 1840 1034 1903 scil.
1059 1840 1369 1905 increduli
1393 1840 1824 1926 Euangelium
1850 1838 1973 1906 non
2009 1844 2357 1926 recipiunt:
2394 1844 2505 1907 sed
2529 1848 2625 1905 est
2651 1841 2797 1905 finis
2824 1862 3094 1923 operan-

153 1930 256 2009 tis,
283 1928 746 1995 &intendentis
771 1928 914 2004 Dei,
943 1928 1052 2010 qui
1069 1928 1242 2011 juste
1266 1929 1494 2012 punire
1518 1930 1747 1995 statuit
1773 1932 1818 1997 c
1842 1931 2029 2014 punit
2053 1935 2476 1996 contemtores
2501 1929 2875 2013 Euangelii;
2904 1928 3093 2011 idque

153 2018 500 2083 seeundum
549 2016 1104 2081 comminationem
1153 2017 1337 2101 legis,
1387 2040 1550 2101 quae
1589 2018 1995 2083 maledictum
2024 2019 2397 2103 pronuntiat
2429 2023 2968 2102 transgressorem
2992 2017 3094 2081 vel

155 2107 344 2171 unius
369 2106 691 2190 praecepti
724 2104 971 2188 legalis.
1025 2104 1226 2187 Atqui
1252 2106 1736 2191 transgreditur,
1767 2107 1879 2191 qui
1906 2130 1983 2171 ex
2008 2108 2399 2191 praescripto
2418 2106 2611 2189 primi
2628 2104 2952 2189 praecepti
2972 2106 3093 2168 fide

153 2196 216 2259 in
261 2194 478 2259 Deum
511 2214 637 2257 non
660 2193 884 2270 tendit,
913 2193 1174 2278 ejusque
1201 2194 1399 2257 ullam
1423 2196 1876 2260 revelationem
1900 2197 1945 2261 a
1971 2195 2310 2260 veritatem
2338 2193 2573 2280 (qualis
2607 2194 2776 2257 inter
2800 2192 2961 2256 alias
2996 2196 3093 2257 est

151 2282 574 2367 Euangelica)
600 2304 727 2345 non
752 2281 999 2365 recipit.

241 2372 307 2435 2.
340 2370 564 2456 Object.
607 2371 789 2456 Rom.
816 2370 876 2433 2.
903 2390 960 2433 υ.
995 2370 1092 2433 16.
1135 2369 1388 2434 Dicitur
1419 2370 1592 2435 Deus
1610 2371 2009 2457 judicaturus
2036 2371 2380 2437 secundum
2404 2369 2857 2456 Euangelium.
2908 2370 3091 2455 Hesp.

151 2459 302 2524 Non
354 2460 518 2543 quod
551 2459 983 2544 Euangelium
1031 2459 1116 2523 sit
1154 2459 1303 2538 Lex,
1337 2461 1679 2525 secundum
1712 2483 1907 2544 quam
1938 2461 2151 2532 omnia
2175 2464 2453 2546 peccata,
2482 2460 2677 2524 etiam
2714 2457 3089 2536 Gentilium,

151 2549 390 2632 quibus
415 2548 847 2632 Euangelium
871 2569 1199 2631 nunquam
1223 2549 1595 2627 revelatum,
1617 2549 1957 2634 judicanda
1982 2550 2143 2614 sint:
2179 2550 2287 2614 sed
2314 2549 2483 2633 quod
2507 2548 2745 2612 revelet
2770 2549 2815 2612 &
2832 2547 3091 2630 quidem

153 2637 274 2700 snb
322 2635 532 2700 forma
577 2637 782 2701 laetae
830 2635 1287 2719 promissioniS,
1332 2635 1572 2701 Christi
1617 2638 1935 2722 gloriosae
1985 2637 2393 2702 exaltationis
2427 2640 2819 2720 postremum
2852 2639 3087 2713 actum,

151 2724 289 2790 scil.
335 2722 639 2808 judicium
689 2724 1064 2788 universale.
1114 2723 1278 2788 Vide
1309 2728 1493 2789 notas
1543 2725 1857 2810 Belgicae,
1894 2726 2179 2809 aliosque
2210 2728 2739 2790 commentatores
2765 2723 2845 2787 ad
2878 2723 3087 2788 locum

151 2813 286 2890 cit„
337 2815 382 2878 δι
409 2811 624 2876 confer
651 2811 1002 2878 Catcchesin
1030 2823 1266 2899 quaest.
1293 2812 1397 2882 52.
1423 2835 1586 2897 quae
1611 2814 1729 2878 sub
1755 2814 1962 2879 forma
1984 2813 2442 2879 consolatoriae
2462 2811 2899 2897 promissionis
2920 2810 3089 2875 huuc

151 2901 498 2966 articulum
524 2901 956 2984 accipiendum
982 2902 1183 2965 docet.

241 2987 425 3054 XIII.
484 2989 731 3068 Quaesl.
781 2990 879 3055 An
903 2990 1326 3074 Euanqelium
1349 2988 1565 3056 habeat
1588 2991 1774 3056 etiam
1794 2991 2244 3076 promissiones
2278 2987 2691 3074 temporales?
2742 2989 2920 3072 Resp.
2955 2988 3086 3140 Ag.

149 3102 231 3143 cx
259 3081 478 3145 Genes.
517 3080 606 3141 15.
637 3099 692 3142 v.
727 3079 782 3142 1.
811 3081 857 3144 δι
892 3078 986 3141 17.
1013 3099 1069 3142 υ.
1099 3079 1159 3143 2.
1183 3079 1404 3143 Jerem.
1433 3079 1536 3143 32.
1563 3100 1620 3142 v.
1650 3080 1752 3143 29.
1783 3081 1887 3144 40.
1932 3079 2103 3155 Quas
2128 3079 2575 3163 promissiones
2604 3077 2801 3141 etiam
2826 3081 3013 3142 exten
3061 3074 3086 3140 i

147 3168 232 3232 ad
275 3166 657 3250 temporalia
705 3167 784 3230 ad
833 3189 968 3230 esse
1013 3189 1142 3231 non
1189 3170 1462 3246 tantum,
1511 3169 1621 3232 sed
1646 3167 1841 3232 etiam
1866 3169 1946 3232 ad
1975 3169 2131 3232 bene
2165 3190 2301 3232 esse
2327 3166 2519 3251 hujus
2550 3165 2742 3244 vitae,
2770 3169 3087 3248 quatenus

145 3256 348 3320 rebus
395 3255 835 3339 spiritualibus
882 3255 1254 3332 inserviunt,
1302 3255 1663 3340 colligimus
1711 3279 1788 3320 ex
1833 3255 2062 3321 effectu
2111 3279 2224 3321 seu
2251 3253 2619 3339 impletione
2643 3254 2913 3318 istarum
2940 3275 3087 3336 pro-

143 3344 532 3408 missionum
556 3343 620 3407 in
647 3343 962 3422 fidelibus,
993 3345 1028 3406 2
1063 3343 1230 3410 Pclr.
1265 3346 1319 3408 l.
1342 3365 1400 3408 v.
1429 3344 1489 3407 3.
1519 3344 1760 3410 Deinde
1783 3344 2095 3428 probatur
2120 3368 2198 3410 ex
2226 3344 2437 3410 Mateh.
2470 3345 2531 3408 5.
2558 3363 2612 3406 v.
2645 3345 2699 3408 4.
2731 3343 2908 3424 atqui
2936 3341 3088 3405 bea-

145 3431 363 3497 titudo
387 3435 532 3516 post
559 3433 804 3516 lapsum
828 3431 1028 3511 nulla,
1053 3433 1178 3496 nisi
1195 3431 1610 3517 Euangelica,
1637 3455 1800 3516 quae
1813 3434 2071 3518 proprie
2088 3435 2259 3498 salus
2278 3434 2439 3498 est&
2456 3453 2567 3515 per
2587 3429 3087 3511 redemptionem

147 3520 418 3598 Christi,
453 3542 741 3605 quaeque
765 3543 888 3584 non
916 3518 1084 3605 Lege
1109 3521 1218 3585 sed
1241 3520 1598 3606 Euangelio
1623 3523 1965 3601 revelatur,
1990 3528 2035 3584 δι
2060 3520 2457 3586 credentibus
2484 3517 2879 3602 promittitur
2903 3517 3082 3582 Rom.

153 3611 216 3673 1.
249 3629 290 3673 v
348 3611 450 3672 16.
492 3611 536 3674 ἃ
571 3611 628 3672 8.
663 3631 719 3674 υ.
747 3611 806 3673 3.
857 3611 916 3671 3.
947 3610 1230 3694 Denique
1253 3609 1578 3693 probatur,
1609 3610 1762 3694 quia
1785 3633 1901 3694 per
1924 3609 2251 3675 Christum
2285 3608 2697 3672 mediatorem
2723 3605 3074 3669 dominium

146 3699 199 3764 ἃ
239 3698 348 3781 jus
395 3697 843 3780 temporalium
895 3697 986 3781 (in
1033 3697 1172 3762 foro
1220 3698 1348 3780 poli
1388 3698 1522 3761 scil.
1571 3721 1682 3762 seu
1731 3699 2019 3763 interiori
2052 3695 2499 3777 conscientiae)
2534 3692 2915 3770 restituitur,
2948 3692 3083 3758 &in

149 3785 619 3871 possessionem
643 3808 879 3864 eorum,
917 3787 1077 3850 unde
1103 3786 1534 3850 excideramus
1566 3809 1680 3871 per
1711 3792 2062 3871 peccatum,
2088 3787 2293 3851 denuo
2328 3784 2643 3848 mittimur
2678 3782 2708 3844 1
2756 3779 2893 3847 Cor.
2930 3781 2987 3844 3.
3022 3801 3079 3846 v.

149 3876 268 3942 ule.
311 3878 340 3936 1
390 3873 652 3940 Timoth.
692 3876 747 3937 4.
781 3895 837 3938 υ.
869 3876 906 3936 3
962 3875 1022 3939 4.
1082 3876 1193 3939 Tic.
1227 3877 1284 3940 1.
1309 3895 1366 3940 v.
1401 3873 1498 3938 15.
1550 3875 1750 3957 Atqui
1783 3875 1995 3940 omnia
2021 3875 2325 3939 beneficia
2349 3893 2461 3957 per
2486 3869 2811 3935 Christum
2842 3869 3081 3934 media-

155 3967 365 4028 torem
391 3966 518 4045 qua
541 3962 735 4026 talem
767 3962 1030 4026 obtenta
1061 3969 1102 4024 δι
1128 3963 1492 4042 obtinenda,
1517 3985 1639 4027 non
1666 3962 1836 4049 Lege
1864 3963 1973 4028 sed
2004 3962 2362 4045 Euangelio
2388 3958 2865 4044 promittuntur.

245 4048 420 4114 XIV.
477 4051 725 4131 Quae-st.
776 4050 878 4114 An
926 4052 1345 4136 Eaanqelium
1375 4053 1753 4118 naturaliter
1773 4063 1995 4116 notum
2020 4051 2117 4127 sic,
2152 4062 2265 4113 aut
2288 4069 2412 4113 esse
2432 4047 2648 4132 possit.
2699 4047 2882 4130 Hesp.
2933 4047 3079 4131 Neq.

155 4138 322 4216 Quia
360 4161 486 4202 non
536 4139 818 4203 continet
843 4140 1176 4203 materiam
1196 4141 1358 4222 juris
1385 4140 1582 4204 divini
1606 4140 1939 4216 naturaliS,
1966 4139 2143 4221 cujus
2170 4135 2451 4222 cognitio
2475 4135 2719 4199 homini
2744 4157 2885 4199 cum
2916 4155 3083 4199 crea·

151 4229 328 4293 tione
373 4227 595 4303 indita,
636 4228 940 4312 cujusque
986 4227 1300 4311 principia
1342 4229 1556 4310 aliqua
1600 4228 1855 4292 residua
1887 4231 2031 4310 post
2057 4225 2328 4309 lapsum,
2356 4225 2535 4311 [pag.
2566 4223 2684 4308 36]
2710 4222 2777 4286 in
2801 4222 3083 4288 tenebris

155 4315 364 4382 adhuc
409 4315 625 4380 lucent
671 4339 744 4380 ac
789 4315 1178 4380 scintillant:
1228 4317 1338 4380 sed
1389 4316 1671 4380 continet
1701 4314 2037 4380 materiam
2059 4314 2207 4377 novi
2239 4313 2393 4378 facti
2418 4316 2562 4396 post
2593 4313 2847 4395 lapsum
2878 4311 3083 4376 denuo

153 4403 444 4482 revelati,
475 4403 594 4470 hoc
618 4410 733 4484 est,
767 4404 1002 4471 laetam
1033 4403 1392 4484 historiam,
1419 4403 1812 4486 relationem,
1839 4403 1885 4468 a
1909 4402 2207 4468 nuntium
2229 4401 2377 4468 novi
2402 4400 2698 4480 foederiS,
2724 4399 2891 4482 quod
2908 4397 3081 4464 Deus

2970 4507 3085 4568 ΡΕὟ
