3694 4871
840 364 2459 432 D1sP.XI.DssSA1313Arnoerrs'rxs.
2983 369 3110 432 319

172 552 586 617 Christianae
636 551 1061 616 indubitatum
1114 551 1365 616 axioma
1406 557 1589 616 esset.
1643 550 1755 616 VI.
1804 551 1908 616 An
1951 555 2118 618 recte
2143 553 2211 616 in
2235 552 2500 635 antiqua
2532 553 2796 617 ecclesia
2819 555 3113 620 omnibus

170 641 535 717 dominiciS,
565 645 675 706 aut
708 639 785 704 iis
811 663 973 723 quae
1000 643 1037 704 a
1061 639 1309 704 Pascha
1340 662 1539 723 usque
1566 641 1645 704 ad
1670 639 2088 706 Pentecosten
2104 639 2416 726 jejunium
2443 643 2488 706 δι
2521 639 2803 706 adoratio
2829 643 2903 706 de
2927 643 3111 728 geni-

166 730 339 794 culis
389 729 710 814 prohibita
765 729 867 807 sit,
916 729 961 793 &
1000 728 1377 808 injunctum,
1414 731 1482 792 ut
1516 728 1863 794 Christiani
1903 735 2148 794 starent
2187 729 2394 811 capite
2428 729 2672 793 elevato
2697 731 2742 795 &
2766 730 2953 810 laete,
2986 754 3113 796 non

82 819 87 822 ’
164 823 400 882 autem
449 818 623 883 curvi
670 817 715 881 δε
764 815 988 882 moesti
1036 818 1260 882 Concil.
1316 819 1521 884 Nicen.
1546 839 1703 902 ϊαρ.
1754 817 1858 881 20.
1902 817 1954 884 T
1950 819 2264 884 ermilian.
2314 818 2390 882 de
2419 818 2663 883 Coromi
2690 818 2908 884 Militis
2930 842 2978 885 e.
3007 822 3110 884 32.

162 905 261 970 Et
292 907 587 990 sequitur
630 909 743 972 lus
781 906 1161 971 Canonicmn
1210 927 1257 970 c.
1306 908 1418 992 fin.
1446 906 1587 970 disc.
1617 907 1721 969 30.
1755 903 1817 970 ἃ·
1847 929 1895 971 c.
1923 909 2078 972 scire
2107 908 2248 972 dist.
2287 906 2387 969 76.
2418 907 2612 970 etiam
2637 906 2924 972 hodierni
2951 909 3112 974 Pon-

160 994 385 1074 tificii,
436 1000 507 1058 ut
540 995 746 1059 videre
798 998 893 1058 est
948 994 1115 1078 apud
1144 994 1281 1058 Joh.
1312 995 1574 1078 Baptist.
1620 996 1948 1060 Vim'anum
1973 997 2042 1061 in
2078 995 2392 1062 Rationali
2412 995 2586 1060 luris
2613 997 2898 1062 canonici
2921 997 3024 1063 lib.
3051 999 3110 1062 2.

161 1084 260 1148 tic.
328 1084 391 1146 9.
440 1105 573 1168 cap.
626 1085 685 1146 2.
736 1082 846 1146 ubi
870 1081 1145 1146 ostendit
1171 1083 1513 1146 seeundum
1536 1082 1579 1147 J
1583 1106 1657 1146 us
1683 1084 2054 1148 canonicum
2079 1084 2408 1148 solennem
2439 1084 2948 1166 genuflexionem
2973 1089 3110 1150 tan-

162 1177 319 1236 tum
346 1171 707 1255 prohiberi3
753 1173 797 1237 &
831 1170 1035 1254 excipi
1060 1171 1459 1235 devotionem
1506 1170 1570 1234 in
1612 1177 1874 1251 secreto,
1900 1173 2319 1236 elevationem
2344 1173 2624 1255 corporis
2650 1173 2909 1252 domini,
2945 1175 3113 1238 ordi-

157 1260 507 1324 nationem
555 1259 765 1324 clerici
805 1259 904 1322 ’vel
930 1258 1253 1343 Episcopi.
1306 1261 1485 1343 Resp.
1522 1260 1666 1344 Νθῃ.
1706 1261 1761 1325 1.
1788 1259 1920 1324 Ubi
1947 1260 2115 1325 enim
2141 1259 2314 1326 Deus
2344 1261 2664 1344 praesenti
2688 1260 2905 1344 aliqua¹
2938 1285 3114 1328 occa-

156 1349 357 1413 sione
410 1353 522 1412 aut
568 1346 943 1412 necessitate
978 1351 1159 1411 vocat
1184 1348 1262 1410 ad
1285 1348 1613 1430 planctum
1648 1351 1693 1414 δι
1714 1349 2046 1433 jejunium,
2073 1372 2198 1413 non
2225 1353 2320 1413 est
2347 1348 2505 1413 illud
2531 1349 2970 1430 differendum,
2997 1375 3111 1415 nec

156 1437 544 1520 importune
569 1437 702 1500 dies
728 1434 1012 1500 laetitiae
1038 1435 1539 1514 substituendus,
1574 1441 1686 1500 aut
1702 1437 2135 1503 celebrandus.
2165 1439 2225 1501 2.
2245 1436 2574 1520 Siquidem
2597 1437 2975 1503 beneficium
3001 1440 3114 1504 illo

160 1526 277 1590 die
315 1548 435 1610 per
482 1525 871 1609 apotelesma
919 1547 1029 1588 seu
1080 1547 1237 1607 opus
1280 1525 1535 1608 aliquod
1560 1525 1929 1590 mediatoris
1956 1527 2334 1610 praestitum
2367 1526 2922 1610 (resurrectionem
2949 1528 3112 1610 scil.)

154 1614 483 1698 prohibet
520 1612 873 1697 jejuhium3
930 1617 1066 1677 tum
1118 1613 1286 1676 certe
1337 1614 1413 1677 de
1462 1613 1560 1678 die
1607 1613 1650 1676 J
1654 1613 1787 1678 ovis
1836 1614 2004 1678 idem
2036 1619 2204 1680 esset
2249 1614 2617 1691 dicendum3
2643 1614 2794 1698 quia
2819 1615 3113 1680 Christus

156 1708 336 1767 tunc
385 1701 667 1766 ascendit
715 1702 779 1765 in
827 1701 1033 1766 coelos
1066 1703 1111 1767 δι
1150 1701 1314 1765 sedit
1360 1701 1441 1765 ad
1471 1702 1761 1766 dextram
1792 1700 1964 1766 Dei?
2013 1703 2099 1768 Et
2137 1703 2291 1788 quid
2335 1703 2402 1766 ni
2435 1703 2510 1767 de
2536 1702 2636 1767 die
2670 1702 2961 1783 Veneris,
2989 1727 3113 1787 quo

156 1795 476 1857 mortuus
502 1794 618 1868 est,
643 1791 810 1854 idem
835 1789 1334 1854 concludendum
1366 1795 1533 1854 esset
1552 1794 1581 1853 ¹?
1609 1790 1759 1874 quia
1784 1790 1981 1855 etiam
2013 1791 2076 1855 in
2105 1814 2303 1866 cruce,
2333 1791 2760 1875 triumphavit
2795 1794 3020 1858 Colo-38.
3052 1797 3111 1857 2.

162 1883 279 1944 15.
338 1879 667 1946 Pamelius
698 1879 769 1942 in
814 1879 976 1943 nocis·
1020 1876 1107 1942 ad
1166 1877 1625 1945 Tertullianum
1671 1879 1747 1943 de
1792 1883 2023 1945 coronet
2047 1881 2264 1946 militis
2287 1901 2421 1964 cap.
2450 1881 2504 1964 g.
2535 1883 2638 1942 38.
2667 1903 2905 1946 morem
2933 1883 3111 1946 illum

152 1991 303 2034 non
322 1967 678 2052 jejunandi,
704 1968 747 2032 &
773 1967 849 2030 de
881 1965 1191 2051 geniculis
1217 1988 1342 2030 non
1368 1967 1669 2031 adorandi
1694 1967 1926 2050 probat
1965 1968 2223 2052 insuper
2248 1992 2324 2033 ex
2349 1969 2732 2055 Hieronymo
2757 1971 2843 2034 ad
2868 1971 3110 2055 Lucisc-

156 2059 423 2136 ramos,
449 2056 615 2139 quod
640 2053 861 2138 scripti
886 2076 1011 2118 non
1050 2059 1236 2133 esset,
1270 2054 1379 2119 sed
1401 2055 1789 2121 racionabilis
1813 2057 2155 2123 observatio
2182 2080 2328 2122 eum
2359 2058 2478 2122 sibi
2501 2058 2867 2124 vindicaret.
2913 2058 3001 2122 Et
3033 2082 3108 2122 ex

152 2145 542 2230 Auquscino
566 2145 737 2228 epist.
776 2144 920 2206 119.
948 2143 1034 2208 ad
1055 2143 1321 2208 Ianuar.
1356 2165 1489 2228 cap.
1522 2146 1623 2208 15.
1650 2144 1711 2210 ἃ·
1739 2146 1839 2208 17.
1868 2144 1967 2209 Ex
1994 2147 2272 2212 Mam-imo
2312 2145 2694 2212 Tam-inemo
2709 2146 2923 2212 homil.
2957 2149 3012 2211 1.
3039 2148 3114 2212 de

148 2244 534 2322 pentecoste.
590 2231 690 2296 Ex
738 2230 988 2297 Isidora
1028 2231 1130 2296 lib.
1168 2233 1219 2297 1.
1244 2234 1406 2320 olfic.
1432 2234 1629 2298 eccles.
1655 2254 1790 2317 cap.
1821 2235 1924 2298 33.
1953 2233 2052 2298 Ex
2080 2235 2334 2301 Rabano
2370 2235 2595 2301 Mauro
2612 2233 2792 2300 lib.2.
2819 2236 2894 2300 de
2918 2236 3108 2301 instit.

150 2324 375 2391 cleric.
410 2343 543 2406 cap.
573 2322 677 2385 42.
704 2319 917 2402 Atque
944 2319 1092 2383 hinc
1117 2320 1277 2384 haut
1301 2320 1565 2385 obscure
1596 2320 1832 2386 inferre
1857 2327 2121 2386 conatur
2137 2323 2509 2388 traditiones
2535 2323 2931 2406 apostolicas.
2967 2323 3109 2389 VII.

154 2413 273 2479 Aa
328 2409 721 2476 sabbathum
752 2407 1091 2474 ‚Iudaicum
1128 2408 1251 2473 dici
1293 2409 1517 2475 debeat
1565 2432 1782 2475 verum
1832 2411 2014 2497 [pag.
2067 2410 2270 2498 1254]
2297 2434 2370 2477 ac
2395 2410 2783 2477 ordinarium
2809 2413 3109 2478 ecclesiae

148 2499 572 2568 Israeliticae
619 2501 1125 2563 sacramentum?
1174 2499 1351 2582 Resp.
1400 2497 1505 2563 Sic
1538 2499 1766 2563 statuit
1798 2499 1890 2564 cl.
1931 2502 2244 2567 Gomarus
2277 2513 2450 2567 tract.
2479 2501 2554 2569 de
2576 2500 2884 2567 sabbatho
2905 2524 2977 2587 p.
3003 2504 3111 2567 30.

149 2590 357 2667 Quod
385 2587 442 2651 si
465 2586 847 2652 sacramenti
868 2608 1083 2650 vocem
1109 2586 1237 2650 late
1263 2586 1554 2670 accipiaS,
1583 2610 1661 2651 ex
1683 2588 2026 2672 hypothesi
2051 2588 2406 2655 sententiae
2429 2589 2631 2673 ipsius
2666 2594 2856 2673 (quae
2882 2591 3107 2655 sabba·

146 2681 366 2744 thum
382 2674 842 2740 hebdomadale
868 2673 1023 2738 facit
1046 2675 1462 2740 ceremoniale
1481 2678 1526 2742 δι
1542 2676 1855 2760 typicum)
1873 2699 1998 2741 non
2016 2678 2227 2743 minus
2252 2677 2374 2743 dici
2390 2682 2604 2761 posset
2621 2684 3109 2758 sacramentum,

146 2792 235 2834 ac
265 2763 589 2831 sacrificia
614 2786 755 2828 cum
781 2762 1043 2845 reliquis
1069 2763 1459 2827 ceremoniis,
1492 2764 1791 2849 Alioquin
1820 2765 2104 2851 theologi
2131 2766 2332 2831 nostri
2358 2767 2536 2831 nulla
2554 2766 2874 2831 ordinaria
2897 2791 3107 2833 sacra-

145 2858 395 2921 menta
430 2856 781 2937 agnoscunt
803 2854 1056 2941 praeter
1086 2851 1231 2929 du0‚
1256 2852 1791 2917 circumcisionem
1819 2853 1866 2919 δι
1892 2855 2146 2937 pascha.
2177 2853 2234 2919 A
2261 2854 2490 2939 quibus
2514 2855 2652 2940 ipse
2684 2855 2764 2920 D.
2797 2858 3112 2923 Gonia-rus

146 2963 509 3027 nunquam
554 2940 819 3005 discedit
869 2939 932 3002 in
972 2940 1163 3003 toties
1212 2940 1499 3023 repetitis
1548 2942 1803 3026 Disput.
1836 2943 1913 3008 de
1935 2942 2376 3009 Sao-ramentis,
2411 2943 2610 3009 Porro
2641 2944 3004 3027 opinionem
3037 2948 3111 3011 de

146 3033 581 3100 sacramento
606 3027 977 3093 sabbathico
1003 3032 1332 3113 oppugnat
1357 3030 1648 3095 Amesius
1672 3030 1741 3095 in
1764 3032 1930 3116 disp.
1956 3032 2029 3096 de
2051 3032 2376 3097 Sabbatha.
2405 3030 2534 3097 Ubi
2569 3026 2735 3097 vide]
2783 3032 2957 3099 VIII.
3009 3034 3108 3099 An

144 3124 411 3209 quarto
458 3116 764 3201 Decalogi
810 3114 1155 3200 Praecepto
1210 3118 1657 3203 synecdochice
1709 3118 1876 3183 festa
1921 3118 1964 3184 J
1970 3120 2190 3185 udaica
2239 3122 2728 3207 intelligantur?
2777 3123 2958 3207 Resp.
3011 3122 3112 3187 Ita

144 3209 379 3278 sentit
430 3208 512 3273 D.
558 3208 870 3272 Gomara-3
915 3225 1060 3290 paq.
1091 3207 1195 3269 33.
1221 3204 1345 3269 Sed
1370 3205 1489 3270 hac
1514 3206 1757 3271 ratione
1783 3211 1920 3272 tota
1945 3206 2074 3272 Lex
2099 3210 2536 3274 ceremonialis‚
2568 3211 2644 3274 de
2669 3211 2977 3294 personis,
3007 3212 3109 3275 lo-

144 3302 281 3377 cis,
336 3295 553 3373 rebus,
600 3296 645 3360 s
691 3293 1045 3358 actionibus
1092 3294 1287 3358 sacris
1334 3294 1573 3377 pariter
1618 3296 1737 3360 sub
1762 3295 1882 3360 hoc
1906 3301 2018 3361 aut
2048 3297 2175 3361 alio
2195 3298 2409 3382 aliquo
2449 3297 2789 3381 Praecepto
2813 3300 3108 3383 synecdo-

144 3388 357 3455 chice
382 3382 803 3468 intelligenda
829 3386 1015 3445 esset.
1048 3381 1227 3457 Quod
1252 3386 1466 3446 tamen
1490 3406 1615 3447 non
1647 3384 1782 3448 sine
1809 3384 2232 3450 distinctionis
2257 3385 2504 3450 cautela
2531 3386 2997 3470 accipiendum3
3032 3410 3109 3451 ne

144 3471 654 3541 distinctionem
678 3470 841 3555 legis
864 3470 1123 3534 moralis
1142 3474 1180 3534 a
1201 3470 1606 3535 ceremoniali
1626 3522 1641 3551 ‚
1667 3474 1712 3538 8⁵
1743 3473 2238 3556 perpetuitatem
2263 3475 2449 3539 unius
2475 3480 2666 3559 atque
2699 3474 3110 3539 abolitionem

145 3561 448 3631 alterius
495 3558 969 3624 confundamus,
1019 3559 1278 3625 Daneus
1322 3560 1571 3625 Echicae
1602 3560 1996 3628 Christianae
2019 3561 2123 3626 cib.
2165 3564 2223 3626 2.
2250 3584 2386 3647 cap.
2425 3563 2524 3626 10.
2557 3568 2808 3627 tantum
2834 3562 2986 3626 dicit
3009 3586 3107 3627 re-

146 3650 333 3719 ferri
384 3649 695 3733 quaedam
744 3646 1189 3713 ceremonialia
1229 3648 1308 3711 ad
1331 3647 1452 3712 hoc
1477 3647 1913 3733 Praeceptum.
1948 3650 2334 3715 Abarbaneel
2355 3651 2441 3716 ad
2467 3651 2626 3717 Jesa.
2659 3652 2764 3714 58.
2789 3672 3109 3733 exponens

146 3740 339 3808 illud
387 3748 489 3809 ³217
528 3719 740 3805 Πΰῐινιθ
777 3752 948 3827 N’tp'l
1003 3758 1129 3799 non
1182 3738 1434 3800 tantum
1458 3737 1534 3801 de
1560 3736 1910 3816 Sabbatho,
1944 3739 2054 3802 sed
2078 3740 2272 3803 etiam
2297 3740 2372 3803 de
2398 3739 2659 3823 reliquis
2683 3758 2825 3809 :27
2861 3754 2984 3814 ,vm
3008 3763 3109 3804 so-

148 3825 603 3896 lennitatibus
625 3825 667 3891 J
672 3825 944 3901 ehovae;
972 3822 1167 3888 refert
1191 3824 1438 3908 aliquos
1467 3824 1767 3891 Doctores
1792 3831 2018 3911 putare
2051 3827 2259 3891 verbis
2286 3828 2414 3891 illis
2439 3825 2767 3913 Decalogi‚
2793 3842 3106 3895 -monwmo

144 3916 299 3986 diei
352 3913 669 3993 sabbathi,
718 3911 1062 3979 universim
1117 3912 1565 3997 comprehendi
1594 3936 1811 3979 omnes
1835 3916 1969 3979 dies
1994 3916 2283 3980 solennes
2306 3914 2348 3980 J
2353 3916 2612 3981 ehovae.
2629 3914 2742 3980 IX.
2769 3916 2874 3980 An
2900 3917 3109 3982 cultus

148 4004 517 4074 institutus
564 4002 1021 4081 ceremonialis‚
1067 4001 1278 4085 potius
1326 4002 1406 4065 ad
1452 4003 1796 4067 secundum
1818 4002 2240 4087 Praeceptum
2264 4026 2408 4067 cum
2444 4006 2722 4084 Calvina,
2750 4028 2828 4069 an
2862 4010 3005 4069 vero
3031 4006 3110 4070 ad

148 4096 489 4182 quartum
518 4114 660 4157 cum
690 4091 911 4157 Daneo
935 4088 1021 4153 sit
1045 4089 1429 4154 referendus.
1484 4090 1666 4175 Resp.
1692 4112 1794 4177 pr.
1827 4092 1956 4173 All.
1983 4091 2062 4156 X.
2089 4106 2194 4155 An
2225 4090 2624 4157 Sabbathum
2648 4091 3108 4158 hebdomadale

146 4186 255 4251 sit
302 4179 475 4266 juris
524 4180 721 4245 divini
757 4178 1091 4259 naturaliS‚
1126 4201 1206 4242 an
1233 4182 1380 4242 vero
1403 4179 1660 4263 positivi
1686 4184 1715 4243 ἶ)
1741 4181 1919 4264 Resp.
1954 4181 2118 4261 Bisa,
2144 4178 2212 4245 Si
2233 4180 2335 4263 jus
2361 4180 2643 4245 divinum
2669 4183 2961 4247 naturale
2993 4204 3107 4247 ac-

148 4271 385 4357 cipias
435 4268 601 4351 quod
655 4269 734 4333 ad
762 4266 970 4332 Deum
1004 4266 1295 4331 absolute
1324 4268 1469 4353 Neq.
1518 4266 1632 4332 Sin
1658 4268 1823 4351 quod
1849 4269 1928 4332 ad
1952 4268 2292 4345 hominem,
2320 4269 2444 4333 dici
2468 4274 2679 4353 potest
2709 4294 2845 4336 esse
2871 4271 3108 4337 utrius-

148 4380 333 4449 que:
388 4358 722 4438 ηαιαναὶίε,
770 4357 921 4442 quia
968 4360 1115 4420 ante
1162 4356 1415 4438 lapsum
1462 4379 1605 4422 cum
1651 4357 1932 4442 imagine
1981 4355 2102 4421 Dei
2149 4357 2212 4421 in
2263 4358 2520 4423 homine
2569 4363 2758 4445 (quae
2807 4365 2944 4424 erat
2990 4382 3106 4424 na-

146 4447 412 4519 turalis
460 4445 732 4511 inditum
771 4448 817 4513 &
865 4445 1215 4529 praefixum
1262 4444 1418 4509 fuit:
1464 4446 1733 4529 positivi,
1782 4446 1933 4528 quia
1966 4451 2110 4529 post
2143 4448 2392 4531 lapsum
2417 4449 2496 4511 ol)
2531 4471 2829 4511 amissam
2855 4472 3106 4513 omnem

2763 4558 3103 4621 imaginem
