3694 4871
1248 812 2250 932 DISPUTATIO
2328 810 3042 933 OCTAVA.

947 1152 1123 1247 DE
1180 1150 1801 1249 PERSONA
1863 1150 2393 1250 CHRISTI
2453 1149 3306 1249 MEDIATORIS.

1876 1349 2040 1399 PARS
2079 1350 2296 1399 emm.
2333 1351 2370 1411 ι)

748 1466 847 1531 De
902 1470 1171 1549 persona
1218 1465 1456 1529 Christi
1490 1465 1860 1530 mediatoris
1885 1466 2091 1530 locum
2124 1466 2558 1529 communium
2587 1466 2632 1531 δι
2657 1464 2964 1529 Thesium
2989 1466 3328 1549 scriptores
3349 1464 3546 1548 passim

661 1556 951 1619 accurate
976 1557 1400 1636 pertractant;
1447 1554 1908 1618 controversias
1939 1554 2104 1618 cirea
2137 1577 2278 1618 eam
2305 1554 2540 1638 agitari
2572 1554 2794 1617 solitas
2819 1554 3286 1638 Antagonistae
3307 1553 3548 1617 Socinia-
3650 1586 3653 1619 z

660 1665 907 1719 norum,
932 1640 1527 1724 Anabaptistarum,
1560 1640 2058 1721 pontificiorum,
2085 1644 2131 1707 ἃ
2157 1641 2666 1707 Lutheranorum
2686 1643 2934 1725 plenius
2953 1644 2998 1707 ἃ
3015 1642 3272 1725 quidem
3291 1643 3548 1720 ἑμεψήῳς

657 1733 1147 1813 prosequuntur.
1195 1728 1270 1793 In
1318 1734 1444 1794 una
1498 1730 1765 1814 stropha
1789 1732 1835 1797 &
1863 1732 2232 1814 exceptione
2262 1729 2745 1794 Socinianorum
2771 1731 3130 1814 detegenda
3159 1752 3232 1794 ac
3257 1729 3548 1795 refutanda

657 1818 1084 1901 conceptibus,
1135 1823 1247 1882 aut
1283 1819 1510 1883 saltem
1541 1819 1753 1883 verbis
1784 1841 1898 1882 seu
1929 1820 2114 1882 modo
2147 1819 2506 1902 explicandi
2529 1818 2818 1882 nonnihil
2846 1819 3114 1882 variant.
3165 1817 3333 1883 Hinc
3353 1815 3551 1881 alicubi

658 1910 880 1970 natum
934 1907 1285 1990 problema,
1318 1930 1399 1971 an
1426 1906 1719 1971 Christus
1742 1911 1870 1989 qua
1901 1907 2211 1971 mediator
2237 1907 2322 1972 sit
2345 1907 2720 1971 adorandus,
2772 1908 2874 1971 Ad
2897 1908 3065 1990 quod
3089 1928 3204 1970 nos
3230 1908 3376 1970 data
3403 1927 3550 1970 occa·

657 1995 833 2060 sione
858 1994 1057 2059 coacti
1084 1994 1323 2059 fuimus
1347 1996 1758 2079 respondere:
1785 2016 1978 2078 quam
2011 1996 2396 2059 sententiam
2421 2001 2706 2060 nostram
2729 1994 3046 2059 Thesibus
3077 1995 3330 2078 publice
3359 2014 3551 2079 propo·

658 2084 799 2147 sitis
851 2083 1165 2167 complexi
1218 2106 1439 2148 sumus
1486 2084 1665 2169 [pag.
1696 2084 1860 2169 305]
1887 2084 2166 2149 a.1638.
2204 2083 2305 2148 Ad
2329 2106 2600 2167 quarum
2625 2084 2982 2148 uberiorem
3009 2084 3486 2147 illustrationem
3505 2104 3554 2143 a.

664 2172 853 2236 1642.
873 2172 1283 2256 appendicem
1310 2172 1615 2236 dedimus·
1640 2172 1799 2256 Ejus
1823 2173 2190 2256 appendicis
2215 2174 2729 2255 supplementum
2755 2177 2904 2236 tunc
2924 2172 3393 2255 promittebam.
3417 2169 3554 2233 Vide

652 2274 815 2362 part.
852 2263 909 2325 1.
936 2263 1198 2326 selecta-,r
1227 2261 1385 2343 disp.
1404 2282 1550 2345 paq.
1579 2261 1729 2326 537.
1755 2262 1934 2342 iuxta
1959 2262 2170 2345 capita
2193 2261 2430 2325 ibidem
2457 2262 2809 2345 designata.
2836 2259 2962 2324 Sed
2985 2260 3160 2325 venit
3183 2260 3339 2324 mihi
3365 2264 3554 2344 postea

658 2350 723 2413 in
748 2353 1050 2427 mentem,
1076 2352 1267 2433 caput
1293 2353 1611 2432 quartum.
1638 2350 1803 2432 quod
1828 2349 2237 2413 inchoaverat
2261 2349 2748 2433 explicationem
2772 2348 3282 2433 philosophicam
3305 2348 3556 2413 omnium

656 2440 1073 2503 terminorum
1125 2439 1250 2502 huc
1274 2438 1731 2521 pertinentium
1762 2439 1841 2502 ad
1865 2439 2231 2504 indie-andos
2259 2438 2468 2503 fontes
2502 2461 2787 2503 errorum
2809 2439 2874 2502 in
2901 2439 3004 2502 his
3028 2437 3303 2522 aliisque
3326 2442 3554 2502 contro-

659 2528 900 2605 versiis,
948 2527 1153 2591 multo
1208 2527 1597 2591 commodius
1644 2527 1948 2610 peculiari
1977 2527 2404 2610 disputatione
2429 2529 2674 2609 pertexi
2701 2551 2772 2592 ac
2795 2527 3066 2610 proponi
3090 2550 3298 2610 posse,
3321 2549 3398 2591 ne
3423 2526 3556 2590 haec

658 2616 1006 2700 disputatio
1054 2616 1121 2678 in
1146 2615 1336 2679 nimis
1370 2637 1670 2698 magnam
1697 2615 1930 2679 molem
1955 2619 2358 2680 excresceret.
2417 2617 2638 2700 Caput.
2677 2617 2734 2678 7.
2769 2616 3098 2679 continens
3123 2615 3496 2680 consectaria
3521 2615 3556 2678 ἃ

656 2705 1069 2787 problemata,
1118 2703 1427 2787 peculiari
1472 2703 1694 2768 itidem
1744 2704 1905 2786 disp.
1950 2705 2192 2768 absolvi
2219 2726 2420 2787 posse.
2469 2704 2648 2780 Quod
2674 2704 2752 2768 ad
2775 2725 2912 2788 cap.
2947 2706 3008 2768 5.
3041 2704 3370 2768 continens
3391 2723 3558 2784 argu-

655 2797 870 2856 menta
887 2815 997 2875 pro
1024 2791 1343 2856 sententia.
1364 2796 1601 2870 nostra,
1628 2815 1703 2856 ea
1730 2791 1950 2856 multis
1974 2792 2348 2858 vindicanda
2371 2814 2498 2856 non
2524 2816 2660 2858 esse
2681 2817 2695 2870 ;
2723 2792 2974 2876 quando
2999 2792 3260 2874 quidem
3281 2792 3557 2856 hactenus

656 2881 694 2942 ἐι
739 2880 1012 2956 nemine,
1041 2881 1206 2963 quod
1232 2880 1447 2956 sciam,
1475 2881 1554 2944 ad
1586 2903 1661 2945 ea
1685 2880 1938 2963 publice
1964 2902 2333 2964 responsum
2365 2881 2480 2958 sit3
2507 2881 2734 2946 saltem
2767 2903 2892 2944 nou
2917 2881 2998 2944 ad
3019 2902 3164 2944 mea
3187 2883 3556 2966 argumenta,

654 2971 741 3031 ut·
775 2968 991 3031 ordine
1047 2968 1377 3051 proposita
1424 2973 1571 3032 sunt
1618 2990 1687 3053 p.
1740 2969 1890 3031 529.
1939 2969 2088 3032 535.
2139 2968 2322 3033 Nihil
2370 2991 2523 3054 ergo
2549 2975 2785 3033 restare
2809 2969 3060 3032 videtur
3083 2991 3280 3052 quam
3305 2973 3376 3032 ut
3403 2977 3557 3051 capul

653 3069 883 3122 sectum
930 3057 1361 3139 suppleamus,
1412 3058 1459 3122 δι
1507 3061 1890 3140 argumenta
1935 3058 2288 3121 sententiae
2335 3059 2665 3141 oppositae
2715 3057 3154 3121 dissolvamus.
3189 3057 3558 3142 Argumenta

654 3144 888 3222 omnia,
914 3165 1077 3227 quae
1103 3145 1493 3210 D.Maccovio
1518 3145 1809 3229 opposita
1823 3145 2356 3222 fuerunt,abunde
2370 3146 2451 3209 ab
2465 3147 2601 3229 ipso
2616 3148 2680 3210 in
2695 3147 2956 3230 eolleqi'is
2969 3146 3319 3230 theoloyv'cis
3335 3145 3559 3211 3,.1641.

655 3233 841 3298 editis
859 3233 927 3296 in
944 3233 1256 3316 4⁰.p.369.
1275 3233 1423 3296 396.
1452 3233 1733 3297 refutata
1758 3233 2053 3297 arbitror.
2076 3232 2256 3297 Unus
2289 3257 2364 3298 ex
2389 3234 2490 3302 iis.
2518 3236 2628 3318 qui
2647 3237 2728 3301 D.
2739 3235 3030 3300 Maccovit'
3053 3235 3432 3299 sententiam
3456 3253 3555 3296 non

654 3321 987 3404 probabat,
1020 3322 1254 3385 diserte
1293 3321 1361 3384 in
1394 3322 1539 3386 locis
1563 3341 1783 3387 comm.
1812 3321 1944 3384 suis
1967 3321 2035 3385 in
2062 3323 2121 3384 4.
2144 3343 2210 3406 p.
2242 3323 2389 3385 713.
2428 3323 2575 3387 714.
2599 3324 2953 3407 profitetur,
2979 3324 3046 3386 in
3071 3321 3194 3387 hac
3221 3322 3558 3406 quaestione

652 3415 873 3474 contra
898 3408 1293 3474 Maccovium
1320 3409 1489 3473 idem
1514 3409 1638 3474 sibi
1665 3432 1800 3474 esse
1826 3411 2134 3474 rationem
2156 3411 2492 3496 formalem
2519 3411 2634 3476 sub
2657 3432 2786 3496 qua
2815 3412 3229 3490 adorationis,
3257 3435 3368 3476 seu
3392 3411 3558 3475 ratio·

654 3519 794 3562 nem
852 3498 1415 3582 fundamentalem,
1464 3520 1608 3561 cum
1654 3510 2026 3583 arqumento
2077 3500 2122 3564 δι
2147 3520 2340 3564 eausa
2371 3501 2793 3575 adorationis;
2817 3502 2862 3565 &
2885 3505 3348 3600 consequenter
3371 3499 3556 3563 eadem

652 3585 775 3648 sibi
801 3608 935 3650 esse
961 3587 1008 3651 δι
1039 3585 1357 3668 reciproca
1384 3607 1511 3672 qua
1539 3588 1584 3651 81,
1607 3587 1778 3672 quia.
1828 3583 2012 3650 Unde
2037 3587 2375 3652 manifeste
2400 3589 2706 3670 sequitur,
2733 3588 2942 3652 inter
2926 3610 3138 3670 1psum
3161 3591 3208 3654 δι
3233 3587 3312 3652 D.
3337 3587 3556 3651 Macco-

652 3673 820 3736 vium
858 3674 1101 3737 nullam
1130 3674 1368 3737 realem
1392 3675 1888 3738 controversiam
1915 3679 2178 3754 restare,
2204 3697 2320 3738 nec
2343 3680 2562 3740 contra
2586 3675 2986 3741 Maccovium
3007 3676 3421 3759 probandum,
3445 3695 3556 3737 me-

649 3760 993 3825 diationem
1052 3783 1163 3826 seu
1212 3761 1424 3825 officia
1472 3764 1517 3828 δι
1570 3762 1873 3826 beneficia
1921 3762 2160 3826 Christi
2214 3763 2363 3828 dare
2388 3787 2623 3829 novum
2649 3764 3036 3828 adorationis
3061 3769 3494 3849 argumentum
3513 3759 3550 3824 ἁ

650 3848 961 3914 rationem
986 3853 1375 3913 moventem.
1409 3849 1528 3914 hoc
1553 3851 1723 3914 enim
1750 3872 1876 3915 non
1897 3855 2093 3935 negat
2111 3849 2178 3914 M
2183 3874 2493 3930 accovius
2511 3875 2626 3917 nec
2641 3852 2904 3917 memini
2923 3853 3130 3917 ullum
3149 3853 3548 3918 Christianum

652 3936 1025 4021 theologum
1048 3938 1123 4000 de
1141 3938 1260 4001 hoc
1281 3938 1623 4002 dubitasse.
1643 3937 1822 4014 Quod
1846 3939 1902 4002 si
1926 3940 2068 4022 quis
2100 3941 2475 4005 contendere
2501 3942 2674 4020 velit,
2707 3940 3014 4005 motivam
3039 3941 3330 4025 quamvis
3353 3959 3544 4004 seuer-

649 4029 1046 4107 gumentum,
1064 4030 1177 4088 aut
1200 4026 1511 4090 rationem
1528 4031 1640 4090 aut
1670 4048 1928 4091 causam
1959 4032 2319 4092 moventem
2343 4029 2669 4093 dicendam
2689 4053 2824 4094 esse
2841 4031 3098 4113 proprie
3113 4031 3448 4094 &accurate
3471 4027 3548 4088 lo·

652 4111 993 4193 quentibus
1010 4113 1329 4195 objectum
1347 4114 1634 4191 formale,
1650 4114 2160 4192 fundamentum,
2187 4117 2498 4181 rationem
2518 4117 2848 4182 formalem
2857 4139 3066 4204 ,quaen
3079 4139 3230 4204 qua,
3243 4133 3544 4202 perquam,

650 4198 765 4263 sub
789 4219 941 4282 qua;
958 4201 1090 4282 jam
1119 4201 1241 4263 erit
1259 4223 1433 4266 mera
1452 4202 1810 4284 disquisitio
1833 4203 2278 4287 philosophica
2301 4206 2378 4270 de
2402 4206 2763 4290 acceptione
2789 4207 2835 4270 ἃ
2861 4229 2978 4270 usu
2994 4206 3262 4270 istorum
3281 4203 3540 4270 termino·

3407 4311 3546 4362 rum,

720 4473 757 4532 ¹)
794 4470 947 4536 Resp.
983 4471 1274 4522 Gummo
1308 4472 1548 4524 Sanni-:no
1584 4475 1934 4541 Ultrajectino.
1971 4479 2055 4530 Ad
2089 4477 2230 4531 diem
2266 4479 2349 4530 20.
2387 4482 2634 4532 A'ovemb.
2667 4481 2830 4534 Anno
2863 4481 3013 4534 1647.
