3694 4871
665 330 2401 397 DlsP.III.DuJunne'rJus'rvMADm.
2957 337 3038 398 73

127 518 435 582 vertendo:
486 517 579 582 sic
628 516 1046 602 Magistratus
1094 518 1345 604 legibus
1394 518 1732 602 &judiciis
1779 518 1912 583 suis
1957 520 2128 584 mala
2151 519 2218 582 in
2243 521 2478 584 bonum
2503 518 2838 596 convertit,
2865 518 2945 582 iis
2969 518 3036 582 in

39 613 41 620 '
126 605 339 670 bonum
386 607 613 684 utitur,
661 609 707 672 δε
752 605 910 672 facit
956 610 1030 670 ut
1052 607 1165 671 alii
1191 607 1271 670 iis
1297 608 1477 684 bene,
1504 611 1615 670 aut
1640 609 1868 672 saltem
1895 607 2085 671 minis
2109 608 2276 672 male
2304 611 2598 671 utantur:
2627 607 2792 670 unde
2814 610 3031 671 tamen

128 717 237 756 non
260 695 541 776 sequitur
572 695 816 758 malum
840 717 977 760 esse
1002 696 1260 773 bonum,
1304 699 1415 759 aut
1460 699 1497 758 a
1520 695 1942 780 Magistratus
1966 696 2221 780 legibus
2245 698 2290 762 δι
2306 695 2563 780 judiciis
2588 695 2866 778 probari,
2893 699 3038 758 tan-

124 805 295 866 quam
328 783 585 846 bonum.
632 782 878 847 Malum
904 783 1073 848 enim
1106 786 1151 848 &
1177 783 1417 847 bonum
1441 784 1731 867 quamvis
1755 784 1823 847 in
1857 784 2196 848 existentia
2225 807 2341 848 sua
2366 784 2500 848 illio
2523 783 2858 866 conjuncta
2883 783 3031 859 sint,

124 871 165 934 ἃ
196 871 571 952 conjunctim
598 895 706 936 seu
749 871 1083 951 ἀχωρίστος
1117 869 1536 956 Magistratus
1560 873 1886 956 potestati,
1911 873 2230 957 regimini,
2263 895 2470 948 curae,
2497 871 2769 956 legibuS‚
2795 875 2841 938 δι
2866 872 3037 955 judi-

126 958 225 1022 ciis
274 959 687 1042 objiciantur:
747 981 945 1022 unum
988 963 1203 1022 tamen
1262 983 1389 1024 non
1414 964 1510 1024 est
1534 962 1826 1039 alterum,
1861 985 1977 1025 nec
1998 965 2284 1025 mutatur
2307 961 2372 1025 in
2398 963 2691 1038 alterum,
2719 961 2839 1025 nec'
2860 965 3038 1025 actus

128 1053 429 1112 versantes
483 1048 719 1112 directe
768 1048 935 1112 eirca
984 1069 1179 1111 unum
1228 1053 1377 1112 sunt
1424 1053 1602 1114 actus
1650 1048 1815 1113 circa
1863 1050 2158 1128 alterum,
2207 1073 2321 1114 uec
2367 1051 2664 1134 adjuncta
2701 1052 2747 1115 ἃ
2778 1049 3040 1114 effectus

128 1136 295 1200 unius
336 1141 487 1200 suut
533 1137 829 1219 adjuncta
876 1137 921 1200 δι
968 1136 1230 1201 effectus
1278 1137 1571 1202 alterius:
1622 1139 1730 1202 sed
1776 1137 2018 1202 habent
2060 1149 2132 1202 se·
2174 1139 2254 1202 ad
2297 1139 2567 1202 invicem
2618 1159 2759 1202 cum
2809 1138 3038 1217 causi8‚

127 1224 435 1302 adjunctis,
486 1227 533 1290 ἃ
580 1224 822 1289 effectis
868 1223 999 1288 suis
1048 1247 1161 1307 per
1194 1226 1499 1290 accidens.
1550 1225 1653 1290 Sic
1678 1249 1731 1289 e.
1758 1249 1855 1311 gr.
1891 1231 1961 1290 ut
1993 1226 2325 1291 Imaelitae
2349 1228 2514 1291 filios
2547 1226 2941 1308 susciperent
2965 1250 3040 1292 ex

126 1312 347 1376 duabus
397 1313 701 1377 uxoribus
754 1313 966 1390 simul,
1000 1317 1138 1376 erat
1168 1314 1464 1378 illicitum
1497 1314 1561 1377 in
1594 1314 1731 1380 foro
1758 1315 2199 1393 conscientiae,
2225 1338 2350 1379 non
2375 1321 2592 1379 tamen
2615 1316 2682 1378 in
2706 1313 2846 1378 foro
2872 1315 3036 1399 poli-

126 1401 263 1476 tico;
294 1401 403 1465 ubi
452 1403 695 1466 malum
748 1402 870 1466 hoo
916 1401 1409 1483 permittebatur
1447 1426 1571 1466 nou
1598 1407 1870 1481 tantum,
1897 1405 2007 1467 sed
2031 1405 2284 1489 legibus
2315 1405 2577 1488 insuper
2603 1403 2757 1467 mali
2781 1404 2918 1486 ejus
2944 1403 3059 1467 ef·-

130 1487 311 1554 fectus
355 1489 421 1553 in
458 1489 697 1554 bonum
755 1489 1304 1568 convertebantur,
1352 1496 1425 1555 ut
1458 1491 1535 1555 iis
1588 1493 1741 1555 bene
1769 1495 2118 1556 uterentur.
2173 1492 2419 1558 Denter.
2447 1493 2553 1554 21.
2602 1491 2703 1556 Ita
2727 1491 2794 1554 in
2820 1491 3042 1570 ἀταξίᾳ

126 1578 166 1642 81
206 1577 361 1642 eirca
404 1601 545 1643 eam
595 1579 879 1642 ordinem
926 1579 1163 1642 servari
1218 1580 1414 1644 voluit
1462 1579 1668 1644 Deus:
1728 1581 2018 1663 quamvis
2059 1580 2264 1663 ipsam
2309 1580 2722 1668 &rugiam-non
2745 1582 3038 1647 voluerit.

130 1663 305 1730 Plura
326 1667 455 1731 alia
490 1667 887 1750 problemata¹
932 1665 1038 1730 hie
1064 1668 1324 1732 tractari
1352 1673 1637 1751 possent:
1696 1669 1804 1732 sed
1829 1670 1982 1753 quia
2013 1668 2312 1752 pleraque
2338 1669 2417 1732 ad
2442 1668 2556 1733 loc.
2586 1692 2812 1735 comm.
2839 1673 2916 1735 de
2948 1669 3041 1733 le-

130 1753 297 1836 gibus
340 1755 535 1834 (forte
584 1755 924 1839 aliquando
973 1757 1011 1817 a
1058 1756 1241 1820 nobis
1274 1757 1579 1840 peculiari
1613 1757 1890 1820 diatriba
1915 1757 2390 1843 explicandum)
2425 1758 2650 1823 referri
2674 1763 2960 1841 possunt,
2999 1764 3042 1819 δι

132 1842 413 1926 temporis
442 1844 747 1929 augustia
770 1865 939 1908 nunc
962 1847 1137 1908 vetat
1168 1845 1437 1909 ulterius
1461 1845 1573 1924 ire,
1601 1845 1721 1910 hac
1752 1846 1887 1910 vice
1912 1846 2082 1910 finio·
