3694 4871
503 335 722 402 Disr.
769 333 895 400 VI.
944 331 1055 398 Ds
1104 333 1723 400 Pnoraaarmns
1773 332 2167 398 PscccArr
2216 331 2729 398 omormms.
2955 337 3082 402 14¹7

142 528 209 592 3.
234 526 313 592 de
330 524 607 611 potentia
626 523 806 588 artic.
832 522 892 587 6.
923 523 1028 588 11.
1076 521 1164 587 Et
1188 545 1267 587 ex
1290 521 1750 587 recentioribus
1776 519 2175 588 Zwarezinm
2199 530 2362 604 part.
2397 518 2458 585 1.
2485 517 2750 603 Metapa.
2779 519 2942 606 disp.
2975 523 3078 589 11.

140 627 283 681 εεει.
315 617 375 678 1.
402 615 460 698 ξ.
491 613 594 678 17.
624 613 730 677 22.
778 610 909 677 Ubi
934 612 1115 676 docte
1140 611 1418 676 ostendit
1440 611 1683 675 malum
1707 610 1955 675 ratione
1985 613 2186 688 actuS,
2219 629 2409 692 quem
2452 607 2739 687 includit,
2765 613 3078 677 contrarie

140 703 389 790 opponi
436 702 610 768 actui
648 723 759 766 seu
784 701 951 765 bono
975 701 1232 766 virtutis
1257 701 1305 768 a
1327 699 1888 784 proportionaliter
1911 696 2184 763 habitui.
2233 697 2336 762 Ita
2357 701 2432 761 ut
2457 697 2616 762 haec
2643 696 2807 761 nihil
2838 704 3075 780 vetent,

142 795 311 880 quin
356 794 691 876 peccatum
738 812 867 873 qua
888 790 1021 854 tale
1042 811 1156 854 seu
1179 787 1389 866 ἀνομία
1410 789 1767 853 formaliter
1788 791 2048 872 accepta
2078 789 2125 854 a
2149 787 2232 852 ab
2257 789 2404 852 ente
2427 807 2540 851 seu
2562 786 2728 850 bono
2759 789 3080 855 substrato

142 882 481 960 distincta,
536 879 622 945 sit
652 878 1010 944 formaliter
1032 880 1079 946 &
1105 879 1357 964 proprie
1382 878 1551 943 dicta
1583 877 1856 962 privatio
1876 901 1891 955 ;
1919 877 1966 942 8⁶
1990 898 2116 941 non
2139 876 2226 941 sit
2250 897 2359 940 ens
2390 874 2735 959 positivum
2758 879 3012 962 proprie
3036 886 3081 942 Sc

141 971 379 1037 stricte
426 969 687 1048 dictum,
733 968 843 1033 sed
891 971 1109 1032 contra
1140 968 1221 1033 ab
1245 968 1358 1031 illo
1382 971 1517 1031 toto
1548 987 1781 1052 genere
1813 966 2204 1030 distinctum.
2252 963 2368 1030 VI.
2393 962 2684 1048 Denique
2715 965 2839 1038 dici
2868 971 3082 1051 potest

140 1057 589 1143 comparative
623 1057 731 1122 hic
761 1060 953 1141 atque
986 1056 1145 1121 adeo
1166 1056 1532 1140 improprie,
1564 1077 1691 1120 non
1730 1058 1880 1119 vero
1903 1054 2158 1138 proprie
2183 1055 2229 1120 a
2251 1054 2472 1118 stricte
2497 1053 2700 1138 accipi
2739 1055 2812 1112 τὸ
2852 1056 3082 1140 positi.

136 1170 338 1215 vum:
392 1146 705 1230 quomodo
748 1166 877 1210 una
924 1144 1201 1230 privatio
1252 1147 1616 1228 comparate
1654 1143 1737 1208 ad
1758 1143 1954 1208 aliam
1979 1142 2174 1208 habet
2197 1165 2264 1208 se
2289 1142 2370 1207 ad
2399 1143 2656 1207 modum
2679 1142 2944 1210 habitus
2969 1150 3082 1211 aut

132 1238 317 1303 entis
370 1234 649 1320 positivi.
698 1233 804 1300 Sic
848 1234 1188 1318 virginitas
1234 1232 1592 1298 formaliter
1616 1235 1713 1297 est
1737 1231 2030 1317 privati0‚
2063 1231 2109 1296 a
2141 1235 2355 1296 tamen
2379 1231 2448 1294 in
2471 1231 2689 1297 ordine
2713 1232 2795 1297 ad
2825 1235 3080 1318 opposi-

126 1333 281 1392 tam
330 1323 812 1390 deflorationem
859 1345 973 1388 seu
1019 1322 1595 1408 devirginationem
1650 1342 2030 1405 omnemque
2054 1319 2558 1401 fornicationem,
2586 1324 2683 1386 est
2709 1320 3008 1400 habitus;
3037 1329 3080 1386 St

122 1436 410 1481 rursum
455 1412 783 1477 defloratio
836 1414 883 1490 δι,
928 1410 1267 1476 fornicatio
1313 1414 1604 1494 respectu
1649 1409 2046 1496 virginitatis
2089 1430 2217 1474 non
2246 1412 2500 1474 tantum
2522 1431 2685 1493 pura
2708 1411 2756 1477 ἃ
2783 1410 3080 1476 inefficax

122 1502 429 1590 privatio
476 1504 591 1579 est,
616 1501 727 1566 sed
758 1501 953 1565 etiam
976 1503 1255 1580 actuosa,
1282 1503 1460 1564 actus
1485 1499 1619 1564 scil.
1646 1500 1693 1565 8⁶
1724 1498 1909 1581 quasi
1941 1498 2287 1583 positivum
2311 1497 2462 1582 quid
2485 1497 2675 1582 idque
2706 1499 2954 1566 ratione
2977 1501 3079 1566 sui

120 1589 481 1658 substrati.
529 1587 635 1655 Sic
678 1588 967 1674 tyrannis
990 1593 1283 1672 respectu
1306 1585 1595 1666 ἀναρχίας
1616 1587 1741 1671 ipsi
1764 1587 2156 1653 succedentis
2181 1586 2380 1651 habet
2409 1608 2478 1652 se
2501 1587 2583 1652 ad
2604 1589 2863 1654 modum
2892 1588 3078 1654 habi-

118 1689 245 1748 tus
296 1678 597 1766 positivi:
645 1679 691 1744 δι
744 1681 961 1742 tamen
998 1682 1094 1742 est
1129 1677 1237 1742 hic
1258 1675 1534 1761 privatio
1564 1676 1963 1759 privationis.
2009 1674 2257 1741 Eodem
2281 1675 2468 1740 modo
2491 1697 2560 1741 se
2585 1675 2786 1743 habet
2806 1679 3078 1764 polyga-

118 1772 297 1852 mia,
348 1771 641 1850 respectu
688 1766 965 1846 divortii,
1014 1769 1127 1830 aut
1170 1767 1441 1850 repudii,
1488 1786 1603 1848 per
1632 1764 1801 1849 quod
1837 1785 2057 1830 omnes
2082 1764 2233 1828 illae
2255 1785 2484 1830 uxores
2509 1764 2940 1833 dimittuntur.
2992 1767 3080 1832 Et

118 1859 489 1941 lethargus
540 1859 653 1920 aut
697 1855 955 1918 morbus
1001 1855 1295 1937 pectoriS,
1345 1855 1457 1940 qui
1500 1853 1846 1939 impeditur
1891 1854 1937 1919 δι
1983 1875 2062 1917 ex
2114 1857 2296 1937 parte
2321 1857 2580 1918 curatur
2603 1876 2719 1938 per
2741 1854 3006 1937 febrem,
3033 1856 3079 1923 ἃ

118 1965 525 2035 gangraena
548 1965 663 2028 per
686 1943 956 2008 membri
978 1943 1367 2008 ablationem
1390 1947 1503 2008 aut
1532 1942 2032 2007 mutilationem:
2067 1942 2174 2006 hic
2198 1941 2472 2025 privatio
2496 1964 2612 2025 per
2643 1943 2839 2008 aliam
2863 1944 3077 2029 priva-

116 2039 392 2104 tionem
430 2033 699 2111 tollitur,
730 2031 991 2097 morbus
1036 2052 1153 2115 per
1195 2032 1489 2098 morbum
1543 2030 1740 2116 (quod
1785 2031 2101 2114 quomodo
2133 2030 2267 2112 fiat,
2292 2033 2340 2097 a
2363 2052 2491 2115 qua
2521 2030 2925 2098 distinctione
2959 2032 3078 2100 hoc

119 2125 489 2192 dicendum
533 2121 637 2201 sit,
672 2119 937 2185 Medicis
983 2120 1427 2204 explicandum
1457 2119 1797 2204 relinquo),
1846 2120 1893 2185 δι
1922 2119 2198 2204 privatio
2236 2120 2491 2202 privata
2513 2119 2710 2186 habet
2732 2143 2800 2185 se
2826 2121 2908 2187 ad
2937 2144 3076 2188 mo·

117 2217 299 2281 dum
346 2210 647 2285 habitus;
678 2231 793 2274 nec
838 2213 1054 2274 tamen
1100 2209 1333 2274 desinit
1372 2231 1506 2274 esse
1545 2208 1821 2292 privatio
1845 2207 1912 2272 in
1936 2230 2004 2272 se
2030 2209 2076 2274 δι
2107 2207 2396 2273 absolute
2421 2211 2726 2292 spectata.
2754 2207 2878 2275 Sed
2903 2209 3076 2276 aliud

114 2303 359 2372 simile
382 2299 667 2365 adferam
690 2297 1007 2382 theologis
1031 2297 1531 2362 familiarissime
1568 2301 1812 2362 notum.
1863 2295 2202 2362 Peccatum
2232 2296 2690 2362 commissionis
2717 2297 3078 2364 formaliter

117 2397 233 2459 est
290 2393 341 2459 a
389 2392 607 2455 manet
658 2387 955 2473 privatin,
970 2386 1159 2471 juxta
1181 2387 1613 2453 definitionem
1635 2386 1791 2452 mali
1818 2385 1868 2453 8⁶
1889 2386 2152 2471 peccati,
2177 2387 2224 2453 s
2246 2390 2462 2452 tamen
2486 2389 2525 2451 a
2547 2387 2735 2453 locor.
2763 2409 3076 2454 commun.

113 2479 569 2566 scriptoribus
602 2499 675 2543 ac
697 2476 1111 2555 scholasticis»,
1139 2476 1371 2541 dicitur
1394 2477 1737 2541 consistere
1762 2476 1831 2540 in
1856 2480 2002 2540 actu
2029 2475 2168 2562 (qui
2192 2474 2536 2559 positivum
2562 2475 2765 2560 quid),
2792 2485 2837 2541 8ο
2867 2478 3078 2542 nonin

114 2570 787 2742 ἒὲἰὶέἳεξῗέἓὲῃῖῗέι
804 2566 1285 2719 ἰξῗῗέἑῗιῑῖῖἶὲ
1308 2564 1865 2719 tfiss'ffffifassssfi?
1882 2564 3079 2749 tssffissssffffiffffitdffisssst

114 2746 481 2817 subtiliter
500 2743 911 2827 inquirentes.
944 2740 1045 2807 Sit
1067 2764 1221 2828 ergo
1245 2744 1292 2809 a
1316 2743 1564 2808 dicatur
1584 2741 1868 2821 habitus,
1893 2763 2006 2807 seu
2029 2740 2219 2806 realis
2243 2762 2318 2805 ac
2342 2741 2618 2825 positiva
2635 2744 2912 2826 qualitas
2941 2766 3079 2809 me-

112 2833 483 2924 taphorice
525 2833 573 2898 δι
614 2830 981 2915 improprie,
1022 2831 1174 2914 quia
1204 2831 1279 2895 ad
1308 2831 1564 2896 modum
1587 2830 1849 2895 habitus
1875 2834 1972 2895 est
1995 2830 2148 2915 quid
2172 2829 2510 2896 inhaerens
2535 2832 2581 2897 ἃ
2605 2852 3004 2915 permanens,
3032 2835 3078 2900 &

111 2935 465 3008 tanquam
506 2919 891 3005 principium
934 2939 1057 3005 quo
1095 2941 1207 2985 seu
1238 2920 1590 2984 elicitivum
1622 2922 1801 2984 actus
1832 2940 2050 2983 omnes
2073 2917 2334 2983 vitiosos
2360 2941 2438 2984 ex
2470 2940 2537 2985 se
2561 2920 2879 3005 producit:
2906 2921 3079 2986 nihi-

112 3014 431 3083 lominus
456 3009 524 3074 in
546 3030 635 3089 se,
666 3007 1023 3072 formaliter
1045 3009 1092 3074 St
1115 3008 1433 3073 abstracte
1457 3007 1926 3073 consideratum
1951 3010 2049 3072 est
2071 3006 2368 3092 privatio,
2415 3009 2594 3093 cnjus
2618 3007 2794 3075 Deus
2818 3031 2948 3075 non
2981 3015 3079 3076 est

110 3124 359 3172 causa.
412 3096 905 3163 Distinctionem
918 3096 1085 3161 hanc
1114 3096 1489 3180 privationis
1516 3096 1697 3183 [pag.
1728 3095 1855 3161 108
1864 3095 1936 3182 7]
1962 3118 2090 3162 non
2122 3096 2290 3161 male
2314 3097 2592 3181 explicat
2626 3095 3078 3164 Bonaventura

111 3195 207 3261 ad
238 3194 315 3255 2.
341 3188 492 3252 dist.
520 3187 625 3251 22.
652 3185 728 3250 de
752 3184 1022 3250 secundo
1046 3185 1385 3269 principali
1408 3207 1469 3269 q.
1490 3187 1554 3250 2.
1575 3186 1633 3270 g.
1653 3185 1761 3251 33.
1783 3185 2142 3251 Dicendum
2158 3184 2328 3271 quod
2349 3185 2678 3271 dupliciter
2697 3200 2786 3252 εει
2810 3190 2983 3274 loqui
3005 3190 3081 3253 de

112 3287 289 3371 ipsa
302 3274 824 3360 concupiscentia.
849 3274 973 3339 Aut
992 3274 1341 3340 secundum
1351 3274 1521 3361 qaod
1540 3285 1859 3359 estpoena,
1883 3284 1994 3339 ant
2018 3274 2364 3339 secandam
2387 3274 2456 3339 id
2477 3275 2650 3362 quod
2676 3287 2765 3341 εει
2788 3278 3076 3362 εοηετῳὶ-

109 3370 403 3440 scemia.
452 3364 526 3431 Si
558 3366 899 3451 loquamur
942 3362 1017 3428 de
1046 3364 1187 3449 ipsa
1206 3364 1551 3429 secandam
1620 3363 1745 3428 uod
1766 3374 1854 3428 εει
1875 3382 2078 3447 poena
2101 3364 2190 3428 εἰε
2211 3362 2358 3429 dicit
2379 3364 2668 3430 ordinem
2690 3365 2778 3430 ad
2800 3366 3076 3449 eulpam,

117 3460 193 3529 ἃ
232 3460 367 3525 hoc
388 3454 575 3520 modo
598 3452 774 3518 habet
796 3471 1057 3517 causam
1074 3463 1531 3537 promerentem
1646 3472 1906 3517 cansam
1930 3452 2356 3517 ordinantem.
2405 3452 2679 3519 Meretur
2700 3455 2871 3518 enim
2894 3454 3078 3520 homo

110 3549 376 3619 habere
400 3544 587 3609 talem
608 3541 997 3608 rebellionem
1018 3561 1094 3605 ex
1116 3562 1235 3606 sua
1258 3542 1445 3625 calpa
1467 3539 1527 3606 8,·
1551 3540 1984 3607 inobedientia.
2023 3542 2198 3607 Deus
2219 3560 2362 3606 vero
2386 3540 2500 3606 hoc
2519 3543 2763 3607 malam
2789 3542 2876 3607 ad
2899 3543 3078 3609 alind

104 3634 571 3727 praeexistens
600 3630 853 3697 ordinat
896 3650 973 3694 ex
993 3649 1115 3695 sua
1124 3630 1392 3713 Justitia.
1441 3631 1574 3696 Alio
1596 3630 1781 3695 modo
1804 3641 1892 3696 εει
1918 3630 2087 3717 loqui
2117 3628 2192 3695 de
2213 3630 2707 3715 concupiscentia
2729 3631 3078 3697 secandum

110 3732 190 3797 id
245 3722 439 3815 quod
460 3732 563 3798 εει,
588 3718 651 3786 ἃ·
680 3720 769 3785 sic
802 3719 1295 3803 concupiscentia
1315 3719 1443 3785 dao
1466 3720 1631 3785 dicit.
1679 3719 1960 3785 Dicendo
1987 3718 2157 3784 enim
2179 3719 2547 3803 appetitu-m,
2581 3718 2732 3785 dicit
2753 3719 3077 3788 nihilomi-

108 3838 265 3887 ηιιε
317 3815 397 3879 in
427 3821 569 3875 actu
592 3809 902 3893 appetitus
930 3828 1266 3874 excessum.
1312 3809 1639 3893 Appetitas
1670 3809 1938 3894 inquam
1961 3808 2062 3874 ille
2083 3806 2436 3873 substratus
2461 3806 2663 3873 bonus
2685 3819 2772 3874 εει
2795 3806 2858 3873 ἃ·
2879 3829 2920 3874 a
2945 3811 3076 3875 Deo

108 3920 239 3985 εει,
269 3918 565 3969 excessu-3
586 3908 795 3963 antem
818 3898 918 3963 ille
939 3896 1011 3961 in
1032 3898 1375 3981 appetendo
1398 3898 1510 3962 etsi
1530 3898 1823 3965 videatur
1842 3917 1971 3961 εεεε
1990 3897 2236 3981 positio,
2267 3896 2418 3979 plue
2442 3907 2652 3962 tamen
2674 3908 2762 3964 εει
2783 3897 3074 3981 privatio,

111 4016 245 4065 nec
272 3988 466 4057 habet
487 4006 746 4052 causam
768 3985 1129 4075 efficientem
1152 3985 1259 4050 sed
1280 3985 1674 4073 deficientem,
1700 3984 1764 4051 a·
1789 3985 1925 4051 ideo
1954 3985 2107 4071 quia
2140 3986 2309 4051 Deus
2331 3986 2577 4051 nullius
2600 3996 2688 4051 εει
2710 4006 2902 4051 causa
2926 3986 3077 4074 defi-

112 4090 333 4157 ciens,
368 4077 488 4142 hoc
528 4075 714 4141 modo
743 4095 877 4141 non
915 4074 1181 4159 ponitur
1222 4094 1349 4139 εεεε
1390 4094 1432 4139 a
1455 4074 1607 4153 Dec,
1632 4073 1740 4139 sed
1761 4086 1850 4139 εει
1865 4075 2080 4157 potius
2101 4092 2143 4137 a
2171 4073 2360 4139 libero
2390 4073 2654 4141 arbitrio
2677 4094 2796 4159 per
2823 4076 3078 4160 culpam

112 4170 550 4264 deficientem,
610 4162 675 4229 st·
716 4184 758 4229 a
804 4164 1065 4231 Diabolo
1110 4163 1464 4245 instiqante.
1518 4163 1701 4246 Quod
1730 4174 1939 4229 autem
1985 4162 2477 4246 concupiscentia
2514 4163 2756 4231 ratione
2797 4182 3080 4232 excessus

108 4258 569 4352 privationem
615 4252 799 4333 dicat,
845 4252 1137 4339 quamvis
1164 4252 1457 4317 videatur
1498 4252 1695 4317 dicere
1734 4251 2122 4337 positionem,
2168 4250 2283 4315 hoc
2299 4252 2574 4338 planam
2596 4264 2702 4318 εει.
2756 4254 2887 4319 Hoc
2907 4254 3078 4319 enim

110 4366 209 4421 εει
246 4344 765 4430 concupiscentia
808 4353 1083 4427 respectu
1126 4341 1377 4406 virtutis
1421 4342 1805 4427 appetitivae‚
1850 4340 2020 4426 qaod
2056 4350 2143 4405 εει
2171 4341 2472 4425 paralisis
2492 4354 2772 4427 respecta
2791 4343 3076 4408 motivae.

114 4444 203 4511 Ee
246 4454 455 4527 quem
485 4432 571 4497 ad
600 4431 861 4497 modum
904 4430 1261 4495 membrum
1303 4430 1711 4517 paraliticum
1741 4430 2038 4495 tremulat
2068 4427 2132 4495 ἃ*
2153 4440 2436 4495 movetur
2457 4432 2846 4513 velocissime,
2876 4428 2939 4497 a
2967 4430 3082 4496 hoc

2951 4540 3083 4584 non
