3694 4871
664 336 792 401 276
1439 334 2818 405 D1sr.X.DsRaosnaaA'1-10us.

664 523 992 607 placitum,
1026 544 1202 588 mera
1248 523 1386 607 ejus
1433 524 1645 608 gratia
1672 526 1718 590 ἃ
1750 522 2183 587 misericordia
2216 522 2422 589 Jacob.
2477 522 2536 587 1.
2569 526 2671 587 18.
2695 525 2755 587 2.-
2795 525 2958 588 Petr.
2983 522 3045 587 2.
3077 524 3139 586 3.
3165 523 3328 607 Eph.
3371 522 3432 587 1.
3455 544 3512 586 v.
3535 522 3588 585 9.

664 612 933 679 Roman.
962 611 1025 677 8.
1051 613 1158 678 28.
1204 610 1323 676 ΙΠ.
1350 610 1554 676 Causa
1580 634 1882 677 emanans
1916 614 2106 696 (quae
2139 612 2490 697 analogice.
2517 616 2588 676 ut
2610 612 3004 697 principium
3029 632 3154 697 quo
3179 614 3217 675 a
3241 611 3432 674 nobis
3453 630 3590 674 con-

663 700 791 784 cipi
822 701 1059 785 potest)
1106 704 1205 765 est
1227 701 1441 785 gratia
1485 699 1609 765 Dei
1634 722 2019 785 regenerans
2043 722 2207 783 quae
2233 702 2527 785 specialis
2554 706 2669 771 est,
2697 701 2850 764 solis
2872 701 3090 764 electis
3117 702 3164 765 a
3187 698 3450 764 Christo
3479 699 3586 761 da-

662 789 747 853 tis
772 788 1169 853 exhibenda:
1202 789 1361 853 item
1384 788 1631 869 efficax,
1664 788 2075 867 invincibilis,
2103 789 2356 853 vincens
2383 792 2428 855 8⁶
2453 790 2851 872 pertendens,
2887 792 3078 872 atque
3114 810 3314 852 unum
3339 787 3408 850 in
3439 787 3585 849 alte·

662 899 806 941 rum
829 878 1197 956 immutanS‚
1222 877 1579 979 ubicunque
1605 878 1758 961 quid
1783 898 1992 962 agere,
2021 880 2066 943 ἃ,
2090 900 2158 941 se
2182 900 2470 942 exserere
2495 878 2790 942 intendit.
2817 878 2916 941 De
2948 876 3181 960 quibus
3207 898 3288 940 ex
3313 876 3585 959 professo

663 988 829 1031 nunc
852 988 981 1029 non
1005 966 1290 1051 agimus:
1319 966 1527 1048 quod
1509 989 1575 1030 1n
1608 988 1793 1029 cursu
1816 967 2098 1030 locorum
2121 967 2575 1045 communium,
2604 969 2648 1032 St
2673 966 3182 1049 disputationum
3207 964 3462 1047 saepius
3485 963 3582 1025 illa

664 1053 1027 1131 tractarim3
1078 1055 1125 1119 a
1171 1059 1307 1118 tam
1362 1054 1562 1119 solide
1607 1077 1680 1118 ac
1714 1054 2047 1138 perspicue
2094 1055 2159 1117 in
2185 1056 2434 1137 scriptis
2457 1054 2865 1141 synodalibus
2894 1054 3343 1127 Dardi-avenis,
3369 1053 3584 1117 Amasii

664 1143 841 1222 item,
889 1141 937 1206 St
999 1144 1234 1221 Twissi,
1288 1145 1335 1209 a
1388 1144 1779 1220 Cameronis‚
1827 1144 1874 1207 &
1925 1144 2350 1231 Rhetorsortis,
2401 1144 2444 1207 δι
2479 1142 2558 1209 D.
2587 1144 2866 1227 Profess.
2893 1143 3170 1207 Leidens.
3205 1144 3252 1207 ἃ
3271 1141 3582 1211 Malcluvii,

664 1231 931 1314 denique
964 1232 1159 1299 Riveti
1182 1232 1497 1315 explicata
1521 1232 1671 1311 sint,
1696 1236 1770 1295 ut
1793 1254 1919 1296 non
1944 1232 2194 1295 videam
2220 1234 2372 1315 quid
2399 1232 2620 1296 ultra
2601 1256 2638 1295 a
2667 1253 2990 1315 quoquam
3014 1231 3362 1295 desiderari
3385 1234 3578 1313 queat.

664 1318 997 1385 Suffecerit
1051 1320 1157 1385 hic
1206 1322 1545 1398 monuisse
1606 1282 1884 1405 giatiam
1910 1319 2074 1384 hanc
2098 1325 2582 1405 regenerantem
2601 1304 2837 1384 debere
2862 1319 3190 1403 distingui,
3226 1319 3310 1382 ab
3337 1325 3412 1383 ea
3433 1340 3578 1401 qnae

662 1410 979 1474 terminus
1015 1413 1112 1474 est
1136 1409 1662 1493 regenerationis.
1710 1408 1895 1495 [pag.
1923 1409 2084 1493 439]
2117 1407 2240 1472 Illa
2265 1410 2435 1473 enim
2460 1410 2598 1473 est
2583 1431 2717 1491 ipse
2742 1408 2953 1483 Deus3
3001 1408 3159 1471 haec
3201 1406 3326 1471 Dei
3355 1408 3578 1471 factura

664 1518 775 1561 seu
798 1501 1109 1575 creatura;
1144 1501 1256 1561 aut
1282 1498 1493 1580 potius
1518 1502 1948 1575 concreatura,
1997 1497 2275 1580 qualitas
2297 1498 2431 1561 scil.
2459 1496 2963 1581 supernaturalis
2997 1496 3285 1559 homini
3267 1516 3578 1579 impressa,

663 1585 888 1669 illique
932 1585 1293 1664 inhaeren8‚
1344 1590 1651 1669 tanquam
1676 1586 1961 1669 subjecto
1985 1609 2100 1650 suo
2126 1585 2332 1649 forma
2363 1586 2791 1650 accidentalis.
2821 1584 3148 1659 Quomodo
3171 1584 3470 1667 spiritum
3493 1605 3580 1646 re·

665 1674 1097 1758 generationis
1150 1675 1588 1760 regenerantis
1636 1676 1775 1760 (qui
1830 1679 1929 1738 est
1984 1673 2182 1746 Deus)
2231 1678 2270 1737 a
2316 1675 2567 1757 spiritu,
2594 1674 2704 1757 qui
2729 1678 2828 1737 est
2859 1674 2994 1757 ejus
3019 1694 3179 1755 opus
3203 1672 3250 1737 a
3275 1674 3575 1740 effectum.

664 1762 936 1826 sollicite
961 1762 1610 1847 distinguimus-iuxta
1646 1768 1695 1826 1.
1732 1762 1870 1830 Cor.
1903 1764 2004 1826 12.
2029 1764 2128 1826 11.
2161 1764 2408 1845 Rejicim
2420 1784 2494 1827 us
2516 1784 2660 1846 erqo
2679 1761 3242 1827 Enthusiastarnm
3259 1762 3576 1848 deificatio-

661 1870 793 1929 nes,
818 1852 1139 1935 spiritam,
1174 1850 1235 1915 a
1257 1852 1516 1916 verbu-m
1539 1865 1863 1919 aeternmn
1891 1853 2232 1916 increatam
2249 1853 2348 1915 &c
2370 1851 2510 1914 Illis
2527 1852 2696 1915 enim
2715 1850 2898 1915 Dei&
2917 1849 3194 1913 hominis
3212 1850 3576 1926 naturann&

664 1939 995 2023 utriusque
1041 1940 1440 2023 operationes
1487 1941 1884 2005 subvertunt.
1951 1940 2122 2014 Quas
2147 1939 2650 2005 abominationes
2677 1963 2752 2004 ex
2776 1938 3146 2003 confusione
3172 1937 3296 2001 Dei
3319 1960 3463 2003 cum
3479 1958 3578 2001 suo

556 2046 564 2055 ·
658 2050 870 2111 opere,
895 2027 1291 2093 substantiae
1316 2050 1459 2093 cum
1484 2030 1825 2107 accidente,
1855 2027 2133 2112 Spiritus
2159 2027 2221 2092 S.
2252 2050 2394 2092 cum
2425 2029 2634 2105 verbm
2663 2027 2937 2091 hominis
2962 2029 3000 2090 a
3022 2027 3160 2091 Deo
3185 2026 3574 2099 sanctificati,

662 2139 807 2181 cum
854 2116 995 2200 ipso
1043 2117 1507 2182 sanctificatore
1554 2120 1600 2184 δι
1648 2118 1862 2181 divina
1886 2118 2022 2201 ejus
2045 2118 2386 2181 sanctitate
2410 2122 2603 2193 ortas,
2630 2116 2784 2179 alibi
2811 2116 3192 2200 detegimus.
3241 2114 3578 2199 Rejicimus

663 2206 819 2270 item
851 2204 1470 2290 Pelagianizantium
1494 2207 1821 2290 figmenta.
1855 2209 1912 2270 1.
1963 2207 2058 2270 Dc
2085 2208 2401 2271 voluntate
2431 2207 2872 2280 conditionum,
2913 2205 2989 2268 de
3017 2206 3254 2269 decreto
3279 2204 3582 2270 tulleitatis

666 2314 775 2359 seu
820 2294 1149 2360 desiderio·
1199 2296 1259 2357 2.
1307 2296 1404 2360 De
1448 2296 1717 2361 Scimttia
1761 2296 1967 2359 media
1997 2316 2104 2359 sen·
2127 2296 2570 2372 conditionata,
2599 2315 2716 2378 per
2743 2314 2940 2379 qaam
2971 2294 3322 2359 desiderata
3357 2295 3468 2359 iila
3489 2292 3582 2357 de-

668 2384 1023 2450 terminatio
1071 2383 1303 2450 dicitur
1330 2384 1701 2468 praevideri.
1752 2386 1812 2448 3.
1842 2386 1936 2450 De
1959 2385 2307 2452 Inte-atione
2321 2385 2724 2450 conditionali
2745 2404 3084 2449 concursu-3
3113 2385 3584 2448 concomitanter

670 2473 741 2537 in
770 2476 1093 2560 effectum.
1085 2497 1099 2512 ·
1124 2472 1187 2540 ἃ·
1216 2486 1653 2560 consequenter
1682 2475 1757 2539 de
1776 2495 2086 2539 conmtrsu
2121 2474 2182 2538 a·
2203 2495 2454 2558 cyressu
2478 2475 2854 2538 sinznltaneo
2876 2473 3119 2554 qratiae
3142 2473 3206 2536 a·
3227 2471 3411 2538 liberi
3432 2472 3584 2536 arbi-

664 2561 813 2638 trii5
838 2561 949 2644 qui
974 2582 1195 2626 revera
1219 2566 1316 2625 est
1330 2562 1838 2664 independentia‚
1859 2565 1904 2628 a
1929 2563 2241 2646 primitaS‚
2267 2585 2640 2646 praecursus
2667 2564 2712 2626 δι
2736 2561 3344 2644 praedeterminatio
3367 2581 3580 2624 causae

662 2649 994 2715 secundae.
1042 2651 1102 2714 4.
1152 2651 1249 2717 De
1276 2652 1621 2717 universali
1639 2651 1847 2736 qratia
1871 2652 2237 2738 sufficiente,
2285 2651 2347 2716 a·
2377 2652 2722 2716 secandum
2748 2651 2928 2714 illa-m
2957 2651 3272 2714 vocatione
3295 2649 3582 2715 salutari.-

660 2739 839 2822 cujus
884 2741 1440 2824 praesuppositum
1486 2751 1573 2804 est
1618 2741 1823 2824 qratia
1871 2741 2334 2823 redemptionis,
2369 2740 2906 2816 reconsiliationis‚
2944 2737 3008 2804 ἃ·
3029 2739 3578 2822 confoederationis

664 2828 1063 2892 universalis.
1112 2827 1289 2902 Quae
1321 2833 1677 2892 commenta
1704 2828 1783 2892 ab
1809 2828 2140 2893 autoribus
2171 2829 2357 2892 modo
2385 2829 2597 2892 citatis
2623 2829 2782 2892 satis
2803 2849 3067 2892 excussa
3099 2831 3279 2891 sunt:
3310 2849 3392 2890 ex
3415 2835 3578 2910 parte

665 2915 859 2980 etiam
908 2918 971 2980 a·
994 2915 1340 3002 Theologis
1382 2915 1817 2980 Dominicanis
1842 2917 2114 3001 aliisque
2137 2917 2435 3001 genuinis
2460 2916 2745 2980 Thomae
2770 2915 3212 2994 sectatoribus,
3237 2937 3404 2998 quos
3429 2913 3576 2998 apud

668 3003 813 3068 illos
866 3004 1124 3087 passim,
1175 3006 1221 3070 δι
1264 3005 1579 3088 imprimis
1636 3005 1803 3088 apud
1851 3006 2135 3090 Sylvinm
2183 3005 2556 3090 theologum
2607 3004 2980 3069 Duacenum
3017 3010 3193 3070 tract.
3221 3005 3300 3069 de
3329 3005 3578 3076 motione

660 3093 862 3177 primi
910 3095 1185 3169 Motoris,
1234 3093 1548 3178 allegatos
1586 3093 1849 3158 videbis·
1921 3094 2019 3157 Ex
2059 3095 2291 3159 nostris
2325 3095 2581 3159 Ferrins
2617 3095 2686 3157 in
2709 3115 2826 3159 suo
2857 3093 3229 3159 Scholastica
3250 3093 3576 3158 orthodoxo

667 3181 1076 3266 ejusdemque
1127 3181 1483 3266 defensione
1528 3205 1574 3246 c.
1622 3183 1925 3247 lesuitam
1977 3185 2318 3248 Perrinmn
2365 3183 2774 3246 utilissimam
2823 3182 2928 3246 hic
2957 3203 3216 3265 operam
3247 3180 3574 3265 praestitit.

668 3268 959 3334 Conferri
1008 3269 1203 3333 etiam
1250 3275 1515 3353 possunt
1538 3271 2019 3337 Dissertationes
2041 3273 2366 3336 variormn
2389 3272 2754 3336 determino
2783 3271 2944 3334 vitae
2963 3273 3004 3334 ὰ
3029 3270 3455 3336 Βνευενοιήάο
3475 3289 3576 3332 nu-

666 3381 780 3442 per
836 3358 1050 3423 editae.
1099 3356 1215 3421 IV.
1264 3357 1470 3422 Causa
1516 3358 1898 3442 Principalis
1945 3361 2190 3443 primae
2214 3361 2645 3437 subordinata‚
2673 3363 2770 3423 est
2793 3359 3086 3423 Christus
3109 3359 3443 3436 mediator,
3467 3377 3574 3440 qua

666 3446 837 3524 talis,
884 3446 1114 3511 Johan.
1162 3447 1263 3510 17.
1316 3449 1375 3510 2.
1417 3448 1527 3530 qui
1552 3447 1749 3511 etiam
1780 3448 1893 3511 illo
1917 3454 2210 3532 respectu
2237 3447 2509 3527 ἁρχηγὲς
2529 3457 2636 3516 τῆς
2661 3451 2956 3522 σωτηρίας
2983 3449 3028 3513 ἃ
3055 3448 3082 3506 ὲ
3109 3448 3370 3524 ἁγιάζων
3397 3445 3572 3510 Hebr-

666 3537 727 3599 2.
764 3535 865 3598 10.
898 3535 997 3598 11.
1034 3534 1283 3599 dicitur.
1330 3533 1450 3598 Est
1496 3541 1709 3599 autem
1762 3535 1918 3600 haec
1952 3541 2234 3620 potestas
2259 3559 2372 3600 seu
2394 3537 2514 3600 hoc
2539 3536 2643 3618 jus
2669 3535 3037 3600 mediatoris
3063 3535 3336 3600 sollicite
3365 3535 3572 3600 distin-

664 3623 989 3706 guendum
1036 3625 1073 3686 a
1128 3626 1445 3706 potestate
1492 3627 1538 3689 δι
1583 3647 1773 3687 causa
1820 3625 2110 3689 absolute
2149 3626 2357 3707 prima
2381 3647 2454 3689 ac
2479 3641 2796 3706 suprema,
2823 3645 2987 3707 quae
3011 3629 3108 3689 est
3131 3624 3428 3689 Christus
3447 3643 3573 3687 cum

664 3716 845 3794 patre
864 3712 910 3775 &
928 3710 1173 3793 Spiritu
1193 3709 1256 3774 S.
1277 3714 1581 3793 tanquam
1598 3735 1758 3776 unus
1776 3712 1968 3777 Deus
1990 3713 2186 3776 Aliud
2203 3715 2372 3778 enim
2391 3718 2486 3776 est
2504 3713 2580 3776 de
2597 3711 2852 3776 Christo
2871 3711 3046 3796 loqui
3063 3711 3222 3772 κατὰ
3247 3715 3568 3786 &cuneatim

664 3801 712 3864 ἃ
766 3799 945 3864 aliud
976 3799 1168 3882 ·loqui
1194 3799 1327 3858 κατ’
1348 3802 1683 3874 οἰκονομῶν.
1739 3800 1938 3866 Aliud
1994 3805 2090 3865 est
2113 3824 2256 3865 eum
2285 3803 2680 3865 considerare
2704 3804 2776 3864 ut
2799 3823 3057 3864 causam
3083 3800 3456 3885 simpliciter
3476 3821 3572 3862 seu

666 3888 956 3952 absolute
1004 3887 1297 3970 primam,
1332 3910 1713 3971 supremam,
1766 3894 1957 3972 atque
1989 3891 2552 3973 independentem:
2603 3890 2648 3954 δι
2696 3888 2870 3952 aliud
2917 3890 3316 3955 considerare
3348 3911 3488 3953 eum
3511 3891 3572 3948 ut

663 3999 919 4040 causam
958 3975 1457 4054 subordinatam‚
1507 3976 1893 4053 inferiorem,
1944 3979 1990 4043 &
2036 3979 2515 4062 dependentem.
2563 3978 2686 4042 Hic
2735 3981 2831 4040 est
2861 3978 3016 4061 quid
3041 3993 3374 4043 commune
3399 3974 3568 4062 patri,

664 4064 819 4142 filio,
842 4063 1111 4147 Spiritui
1144 4063 1246 4140 S.;
1280 4064 1414 4128 illic
1441 4065 1590 4148 quid
1622 4030 1944 4149 peculiare
1968 4069 2014 4133 δι
2043 4068 2370 4150 proprium
2399 4068 2534 4131 filio
2565 4088 2690 4147 qua
2735 4067 3091 4130 mediatori.
3141 4067 3290 4131 Pari
3345 4065 3566 4130 ratione
3658 4097 3661 4134 5

666 4152 1115 4237 distinguenda
1168 4157 1265 4217 est
1295 4158 1577 4237 potestas
1626 4155 2044 4220 resuscitandi
2091 4161 2395 4233 mortum,
2443 4153 2767 4239 judicandi
2813 4154 2880 4216 in
2908 4155 3150 4237 judicio
3181 4161 3458 4220 extremo
3479 4155 3566 4218 &c-

665 4239 725 4303 V
730 4241 831 4304 ide
844 4241 1173 4323 scriptores
1198 4239 1641 4308 Gatecheticos
1620 4265 1685 4306 m
1711 4245 2116 4326 explicatione
2139 4243 2465 4309 verborum
2500 4243 2799 4330 symboli.-
2821 4243 3160 4309 dominum
3191 4255 3472 4310 nostrum
3497 4238 3564 4302 V·

666 4325 875 4390 Causa
918 4329 1373 4409 procatarctica
1418 4335 1515 4394 est
1562 4331 1862 4394 meritum
1905 4331 2172 4396 Christi:
2223 4333 2332 4396 ille
2371 4333 2537 4396 enim
2566 4333 2948 4415 promeritus
2973 4336 3073 4396 est
3097 4335 3282 4399 nobis
3312 4333 3562 4418 gratiam

668 4437 793 4476 non
828 4419 1079 4476 tantum
1096 4415 1570 4496 justificationis
1594 4420 1697 4481 secl
1726 4421 1773 4483 Sc
1797 4422 2333 4502 regenerationis.
2383 4445 2508 4504 quo
2533 4421 2758 4484 referri
2791 4425 3002 4505 potest
3023 4421 3188 4488 illud
3226 4428 3250 4487 1
3307 4417 3562 4488 Carinus.

3379 4516 3432 4576 l.
3475 4505 3546 4573 30
