3694 4871
807 309 2421 377 str.XII.DsLseaanuauesmo.
2960 314 3090 379 353

150 498 277 565 scil.
319 496 664 575 excitante,
697 498 744 563 81
768 496 1386 582 praedeterminante
1418 495 1631 581 gratia
1670 493 1972 576 secunda)
1998 494 2062 558 in
2078 494 2263 558 nobis
2287 518 2402 578 per
2426 516 2558 572 neS‚
2585 498 2631 563 8⁶
2663 499 2701 559 ὲ
2726 497 2907 560 nobis
2936 519 3087 581 pro-

150 587 486 664 ducendos,
533 589 684 651 sunt
736 584 1128 651 conditiones
1167 586 1213 650 81
1260 583 1630 668 dispositiva
1670 587 1927 647 actuum
1953 584 2375 668 sequentium,
2409 587 2547 649 tum
2573 585 2741 668 quod
2768 586 2847 649 ad
2873 608 3087 650 essen-

149 677 304 741 tiam
335 696 580 754 eorum,
605 678 746 739 tum
778 673 945 759 quod
983 674 1064 738 ad
1087 673 1516 758 quantitatem
1541 672 1899 749 discretam,
1924 676 2063 736 tum
2098 673 2264 755 quod
2296 672 2376 735 ad
2420 674 2846 756 quantitatem
2879 674 3083 739 virtu-

149 764 251 843 tis,
275 788 394 830 seu
419 766 589 848 quod
619 766 702 829 ad
723 763 958 849 gradus
984 765 1030 830 &
1053 763 1534 827 incrementum.
1587 759 1729 825 Huc
1751 760 1909 824 facit
1932 760 2095 825 illud
2120 761 2338 826 Manli.
2372 762 2471 825 13.
2504 761 2785 827 Habenti
2812 762 3085 842 dabitur,

149 856 194 921 ἃ
219 854 390 921 Phil.
417 855 478 918 2.
503 874 562 918 υ.
598 854 696 915 12.
740 854 838 915 13.
868 850 1101 916 Confer
1124 850 1458 917 catechesin
1482 872 1584 937 qu.
1635 850 1771 914 116.

233 940 320 1009 ΙΙ.
377 942 582 1008 Concl.
631 940 702 1006 Si
750 940 1180 1005 consideretur
1205 937 1537 1024 promissio
1585 938 1819 1016 divina,
1863 938 2177 1021 quaedam
2203 942 2301 1003 est
2333 940 2643 1017 absoluta,
2672 942 2983 1021 quaedam
3008 940 3087 1003 li-

151 1032 380 1097 mitata
401 1053 514 1095 seu
546 1030 856 1096 restricta.
883 1030 1180 1095 Absoluta
1204 1033 1301 1093 est
1325 1028 1423 1091 vel
1447 1027 1742 1092 absoluta
1772 1027 1852 1090 ab
1879 1026 2288 1091 antecedente
2314 1049 2426 1092 seu
2450 1029 2650 1111 priori
2671 1028 3085 1111 promissione

151 1119 364 1185 divina
395 1119 530 1185 sive
557 1119 632 1183 de
657 1117 841 1183 nobis
863 1118 996 1182 sive
1021 1118 1087 1181 in
1112 1114 1294 1182 nobis
1318 1116 1672 1199 implenda:
1699 1115 1799 1180 vel
1825 1115 2121 1179 absoluta
2145 1115 2227 1179 ab
2250 1116 2425 1179 omni
2449 1117 2665 1181 addita
2689 1117 3085 1181 restrictione

152 1210 196 1277 ἃ
239 1206 732 1285 modificatione,
779 1206 949 1290 quod
987 1206 1066 1269 ad
1113 1227 1248 1269 rem
1297 1204 1694 1287 promissam.
1749 1204 1993 1269 Priori-3
2014 1204 2259 1288 yeneris
2290 1205 2583 1269 absoluta
2608 1206 2942 1288 promissio
2969 1210 3087 1283 est,

153 1298 249 1361 vel
273 1297 355 1361 de
375 1295 563 1361 nobis
587 1295 928 1379 implenda,
956 1299 1046 1372 ut,
1073 1295 1149 1358 de
1171 1293 1470 1359 missione
1495 1292 1883 1369 mediatoriS,
1912 1293 1985 1357 de
2003 1293 2450 1375 impetratione
2467 1294 2693 1357 salutis
2720 1316 2834 1377 per
2860 1299 3085 1377 ipsum:

151 1386 252 1450 vel
298 1384 370 1450 in
408 1384 595 1449 nobis
633 1383 976 1467 implenda,
1019 1383 1206 1465 idque
1253 1386 1366 1445 aut
1419 1382 1555 1446 sine
1606 1380 1789 1445 nobis
1827 1388 1940 1445 aut
1972 1403 2114 1445 cum
2139 1380 2347 1445 nobiS.
2398 1382 2574 1449 lllt'us
2600 1382 2961 1465 exemplum
2990 1386 3089 1445 est

151 1472 488 1557 promissio
527 1472 602 1537 de
651 1470 1078 1555 applicatione
1119 1470 1366 1549 salutis,
1398 1470 1522 1535 hoc
1569 1474 1666 1533 est
1705 1469 1780 1533 de
1805 1470 2012 1533 dando
2035 1470 2265 1553 spiritu
2284 1490 2465 1549 nove,
2492 1470 2675 1535 corde
2702 1491 2949 1549 carneo,
2975 1491 3087 1534 seu

153 1564 226 1627 de
265 1561 578 1627 effusione
615 1560 879 1645 spiritus
917 1558 1375 1644 regenerantis,
1403 1558 1449 1623 ἃ
1481 1558 1798 1622 infusione
1827 1558 2003 1623 fidei:
2038 1560 2219 1624 istius
2252 1558 2611 1642 exemplum
2636 1563 2733 1623 est
2758 1558 3093 1643 promissio

155 1651 228 1714 de
277 1650 758 1715 continuatione
803 1651 848 1714 δι
895 1647 1365 1732 perseverantia
1410 1646 1578 1711 fidei.
1628 1645 2003 1713 Posterioris
2031 1648 2275 1732 ymeri-3
2298 1648 2593 1712 absoluta
2616 1647 2949 1731 promissio
2974 1651 3091 1723 est,

155 1760 320 1823 quae
357 1760 486 1803 non
509 1737 922 1820 restringitur
950 1758 1063 1820 per
1085 1735 1366 1801 additam
1391 1734 1755 1814 formulam,
1781 1736 1834 1800 si
1859 1735 2032 1801 Deus
2060 1738 2233 1815 velit,
2262 1740 2373 1801 aut
2396 1736 2451 1799 si
2468 1740 2553 1801 s1t
2578 1737 2877 1814 salutare,
2903 1739 3013 1800 aut
3038 1735 3093 1799 si

155 1828 240 1891 sit
285 1828 369 1892 ad
412 1826 686 1912 gloriam
737 1825 878 1890 Dei.
928 1824 1016 1889 Et
1061 1824 1152 1889 sic
1175 1823 1348 1888 Deus
1372 1824 1692 1907 promittit
1715 1824 1931 1889 omnia
1953 1826 2031 1889 ad
2056 1826 2329 1891 salutem
2352 1824 2633 1909 praecise
2658 1847 2769 1890 seu
2802 1824 3093 1889 absolute

155 1915 530 1981 necessaria.
586 1915 878 1980 Limieala
916 1935 1026 1978 seu
1060 1913 1352 1977 restricta
1382 1934 1494 1996 per
1519 1912 1726 1997 ipsum
1757 1914 2094 1997 promissio
2120 1919 2235 1988 est,
2263 1937 2461 1997 quum
2485 1913 2659 1978 Deus
2686 1914 2927 1997 aliquid
2950 1935 3092 1996 pro·

157 2004 362 2069 mittit
407 2026 548 2069 cum
576 2002 864 2068 clausula
888 2001 1172 2066 salutari.
1225 2000 1330 2065 Sic
1353 2000 1511 2066 istas
1537 2006 1649 2066 aut
1673 2002 1827 2067 istas
1854 2002 2093 2086 species
2120 2024 2331 2067 rerum
2356 2002 2826 2085 temporalium,
2862 2023 3090 2085 easque

157 2098 343 2157 tanta
367 2114 665 2157 mensura
691 2095 802 2155 aut
825 2090 1071 2155 tamdiu
1100 2090 1436 2174 promittit,
1457 2091 1575 2155 sub
1595 2090 1880 2156 clausula
1897 2091 2182 2155 salutari.
2212 2090 2461 2155 Pariter
2476 2090 2798 2173 promittit
2813 2090 3092 2175 gratiam

159 2180 508 2252 salutarem
533 2181 700 2264 quod
725 2181 804 2244 ad
829 2179 1118 2263 gradum,
1145 2181 1190 2246 δι
1221 2178 1480 2243 modum
1504 2179 1674 2244 hunc
1699 2183 1812 2244 aut
1836 2180 2040 2258 illum,
2066 2181 2182 2244 sub
2210 2180 2427 2243 eadem
2455 2178 2849 2243 restrictione
2874 2180 2919 2243 &
2944 2200 3091 2242 con-

159 2269 419 2335 ditione.
468 2267 614 2333 Huc
659 2266 826 2333 refer
869 2267 1318 2351 promissiones
1365 2267 1442 2331 de
1468 2267 1978 2351 praeservatione
2004 2272 2041 2332 a
2066 2268 2440 2345 tentatione,
2468 2271 2506 2331 a
2530 2267 2733 2350 lapsu,
2761 2267 2807 2331 δι
2830 2271 3089 2350 peccato

161 2356 277 2421 tali
303 2360 418 2421 aut
437 2361 637 2422 tantO.
663 2354 833 2421 Nam
852 2356 1156 2441 quamdiu
1171 2377 1390 2421 sumus
1407 2356 1474 2420 in
1489 2356 1664 2435 via,&
1681 2357 1758 2421 ad
1774 2357 2117 2422 terminum
2134 2358 2413 2421 nondum
2430 2355 2851 2440 pervenimus,
2874 2354 3090 2438 aliqua

163 2447 420 2530 quidem
443 2445 824 2530 temporalia
855 2445 1183 2510 indefinite
1207 2447 1253 2512 85
1285 2445 1502 2529 aliqua
1525 2446 1886 2529 spiritualia
1911 2447 2213 2533 (essentia
2245 2445 2381 2511 scil.
2407 2448 2452 2512 &
2474 2445 2918 2529 permanentia
2942 2465 3091 2529 gra-

163 2536 292 2600 tiae
316 2535 396 2600 ad
421 2536 692 2600 salutem
717 2535 1134 2621 necessariae)
1159 2534 1344 2599 nobis
1369 2533 1660 2599 absolute
1684 2536 2039 2600 necessaria
2064 2540 2232 2614 sunt,
2252 2557 2451 2618 eaque
2484 2535 2657 2598 Deus
2682 2533 3019 2616 promittit,
3047 2535 3092 2599 St

163 2623 356 2688 etiam
405 2623 649 2688 confert
696 2624 734 2686 2
766 2625 928 2688 Petr.
967 2624 1022 2688 1.
1055 2643 1112 2687 v.
1141 2624 1200 2689 2.
1237 2624 1296 2686 3.
1346 2622 1433 2686 Et
1456 2644 1568 2686 nos
1596 2627 1666 2687 ut
1691 2625 2139 2706 promissiones
2180 2625 2324 2688 illas
2349 2623 2471 2687 fide
2504 2622 2865 2705 recipimuS,
2890 2621 2981 2685 sic
3012 2643 3091 2684 ex

165 2711 288 2778 fide
337 2715 374 2776 a
413 2710 548 2776 Deo
569 2712 869 2794 petimuS,
895 2711 1050 2776 certi
1074 2711 1148 2776 de
1175 2710 1596 2776 exauditione.
1646 2711 1771 2776 Sed
1794 2713 2051 2778 definite
2074 2713 2233 2778 haec
2256 2715 2368 2776 aut
2390 2711 2505 2775 illa
2530 2710 2935 2793 temporalia;
2978 2713 3091 2774 aut

163 2803 348 2864 tanta
393 2822 710 2879 mensura,
759 2804 831 2864 ut
869 2800 1052 2866 nubis
1077 2822 1200 2864 non
1225 2802 1376 2864 sunt
1398 2800 1678 2883 praecise
1701 2802 2084 2878 necessaria;
2134 2803 2224 2866 sic
2247 2822 2363 2866 nec
2380 2800 2535 2864 haec
2553 2803 2664 2863 aut
2687 2799 2801 2862 illa
2827 2797 3091 2882 spiritu-

166 2889 297 2952 alia
332 2888 740 2967 charismata,
789 2893 900 2952 aut
941 2889 1045 2952 hic
1096 2890 1333 2973 gradus
1380 2889 1630 2973 gratiae
1671 2887 1991 2954 salutaris
2043 2888 2148 2955 Sic
2172 2890 2434 2954 libertas
2461 2887 2877 2953 intentatione
2904 2889 2941 2950 2
2981 2889 3094 2952 Co-

165 2977 356 3042 rinth.
415 2978 512 3042 12.
565 2976 870 3061 Apostolo
919 2977 1099 3063 [pag.
1149 2977 1267 3062 33]
1322 2998 1616 3042 concessa
1663 2978 1706 3043 81
1741 2978 1974 3043 collata
2012 3001 2137 3042 non
2162 2978 2289 3044 fuit
2313 3000 2327 3055 ;
2354 2977 2644 3060 quamvis
2670 2999 2808 3041 eam
2826 2978 3091 3060 peteret.

165 3065 314 3132 Non
360 3065 532 3130 enim
576 3072 716 3130 erat
760 3087 838 3129 ex
885 3087 1104 3130 eorum
1151 3065 1453 3130 donorum
1501 3087 1782 3146 numere,
1833 3089 1995 3150 quae
2028 3067 2315 3132 absolute
2340 3069 2385 3133 &
2409 3065 2691 3150 praecise
2716 3065 2796 3130 ad
2818 3065 3089 3129 salutem

163 3159 317 3220 sunt
345 3155 719 3219 necessaria.

260 3244 602 3310 Consectar.
657 3244 715 3309 1.
763 3241 931 3308 Hinc
961 3246 1208 3308 constat
1233 3243 1382 3326 quid
1407 3243 1812 3308 statuendum
1839 3243 1916 3307 de
1946 3242 2539 3309 Remonstrantium
2564 3242 2973 3327 responsione
3006 3241 3086 3305 ad

165 3336 618 3417 argumentum
663 3354 778 3416 pro
823 3331 1296 3415 perseverantia
1319 3335 1701 3397 sanctorum.
1747 3330 1975 3397 Nostri
1996 3332 2165 3397 inter
2196 3333 2324 3398 alia
2348 3333 2415 3397 in
2436 3334 2759 3398 collatione
2788 3331 3092 3414 Hayiensi

165 3423 619 3504 argumentum
649 3420 769 3485 hoc
815 3419 1188 3484 adferebant
1228 3442 1343 3503 pro
1380 3420 1887 3503 perseverantia:
1917 3419 2095 3495 Quod
2122 3443 2200 3485 ex
2230 3421 2351 3486 fide
2382 3424 2419 3486 a
2450 3419 2586 3486 Deo
2610 3421 2907 3504 petimuS,
2932 3417 3092 3481 illud

163 3512 342 3574 certo
381 3509 564 3572 nobis
587 3509 797 3573 dabit:
832 3506 1088 3573 Donum
1110 3509 1638 3592 perseverantiae,
1665 3511 1766 3576 &c.
1814 3507 2011 3594 Ergo.
2060 3507 2168 3573 Illi
2192 3509 2493 3574 indirecte
2530 3507 2953 3592 opponebant,
2980 3509 3093 3570 aut

163 3597 380 3680 potius
403 3598 888 3679 componebant,
913 3601 1360 3681 argumentum
1385 3596 1612 3661 simile.
1646 3595 1826 3672 Quod
1850 3597 2374 3662 Perfectistarum
2400 3596 2681 3660 haeresis
2706 3618 2821 3679 pro
2846 3593 3091 3677 perfec·

165 3685 344 3749 tione
388 3683 456 3748 in
504 3684 626 3749 hac
673 3685 802 3750 vita
849 3685 1096 3749 adferre
1145 3689 1420 3768 possent,
1467 3685 1588 3750 hoc
1618 3685 1836 3750 modo:
1888 3683 2067 3760 Quod
2100 3709 2176 3750 ex
2208 3687 2329 3750 fide
2365 3687 2401 3748 a
2430 3684 2568 3750 Deo
2600 3684 2895 3767 petimus,
2931 3682 3092 3746 illud

165 3772 354 3837 nobis
386 3777 556 3837 certo
581 3773 777 3838 dabit.
825 3772 949 3838 Sed
974 3796 1052 3837 ex
1075 3773 1198 3838 fide
1221 3773 1674 3856 perfectionem
1709 3776 1746 3837 a
1769 3773 1907 3838 Deo
1931 3774 2227 3857 petimus.
2278 3774 2463 3857 Resp.
2510 3773 2631 3837 Est
2654 3773 2844 3856 longe
2877 3769 3092 3854 dispar

165 3859 336 3926 ratio
381 3861 910 3944 perseverantiae,
957 3863 1002 3928 8⁶
1050 3861 1455 3945 perfectionis
1478 3861 1546 3926 in
1571 3861 1691 3926 hac
1717 3861 1869 3926 vita.
1916 3861 2039 3927 Illa
2072 3867 2166 3928 est
2196 3862 2477 3946 praecise
2502 3863 2547 3928 a
2572 3859 2860 3924 absolute
2886 3859 2965 3922 ad
2990 3881 3091 3922 sa-

167 3949 374 4014 lutem
417 3950 804 4014 necessaria:
853 3949 980 4014 ista
1029 3972 1151 4014 non
1201 3955 1330 4026 est;
1377 3950 1662 4034 alioquin
1708 3971 1893 4015 nemo
1926 3951 2299 4015 salvaretur.
2347 3948 2536 4014 Illam
2563 3973 2641 4014 ex
2666 3949 2789 4013 fide
2816 3947 3092 4032 petimus

169 4038 484 4112 absolute,
518 4037 706 4103 sicuti
731 4039 1020 4103 absolute
1043 4061 1185 4103 eam
1209 4039 1555 4104 credimus:
1583 4038 1772 4102 istam
1799 4038 2039 4123 pariter
2061 4061 2185 4102 non
2210 4039 2485 4122 petimus
2520 4038 2831 4115 absolute,
2859 4036 2953 4100 uti
2980 4057 3093 4100 nec

171 4126 466 4192 absolute
491 4128 538 4194 &
561 4131 731 4192 certo
763 4126 1075 4191 credimus
1101 4149 1240 4192 eam
1265 4127 1448 4191 nobis
1475 4128 1919 4193 conferendam
1945 4127 2008 4190 in
2032 4125 2153 4191 hac
2176 4127 2346 4204 vita3
2372 4127 2481 4192 sed
2506 4127 2757 4192 demum
2783 4127 2847 4191 in
2868 4128 3091 4202 morte,

171 4236 286 4280 seu
310 4215 374 4280 in
401 4213 778 4280 liberatione
803 4219 842 4280 a
863 4237 1091 4300 corpae
1114 4215 1336 4281 mortis
1366 4216 1541 4281 Rom.
1573 4216 1630 4278 7.

271 4301 615 4371 consector.
667 4305 724 4368 2.
779 4303 1070 4369 Absurde
1116 4305 1312 4370 etiam
1357 4303 1666 4388 objiciunt
1711 4301 1896 4368 nobis
1942 4306 2249 4387 tanquam
2296 4303 2660 4384 absurdum,
2694 4302 2861 4391 quod
2884 4301 3094 4368 media

175 4396 440 4457 externa
471 4391 782 4479 (verbum,
815 4399 1054 4477 preces)
1087 4393 1152 4457 in
1199 4393 1470 4457 aliorum
1517 4391 1788 4546 sal2u3tem
1817 4390 2279 4476 impendamus,
2312 4415 2429 4460 nec
2452 4397 2667 4460 tamen
2693 4390 2848 4458 certi
2874 4390 3091 4463 simus,

3012 4497 3092 4540 aa
