3694 4871
557 293 684 368 300
1205 300 2830 370 D1s1›.XI.DESAssnmnoansms.

557 488 852 554 Hebraeo
879 490 1230 567 Sabbatha,
1256 490 1714 565 Sabbathismi,
1739 488 1938 554 Hebr.
1991 502 2221 561 n'wm
2246 487 2637 571 itzoqnadim,
2668 485 2735 549 id
2760 490 2876 562 est,
2902 485 3339 562 solennitates,
3368 492 3500 549 sta·

555 584 714 651 tuta,
750 584 1056 662 tempora.
1103 582 1271 664 quod
1319 580 1543 644 Graeci
1584 578 1846 662 interpr.
1876 582 2132 642 vertunt
2173 576 2439 641 subinde
2482 573 2729 647 numae,
2760 574 3027 637 subinde
3050 573 3271 645 ἑορτάς.
3326 573 3499 637 Sunt

555 674 769 731 autem
813 669 924 731 illa
971 669 1070 733 vel
1105 669 1275 745 anni,
1311 669 1409 732 vel
1443 668 1574 731 dies
1625 668 1807 734 Anni
1837 668 2097 730 fuerunt
2120 668 2187 730 in
2219 664 2301 730 V.
2326 663 2401 728 Τ.
2430 663 2753 746 Septimus
2786 661 3021 745 quique
3048 686 3273 727 annus.
3304 665 3353 727 ἅ*-
3380 685 3493 724 au-

555 778 674 819 nus
730 756 1298 841 quinquagesimus
1323 780 1434 821 seu
1465 756 1838 824 Jubilaeus:
1868 756 1943 819 de
1968 756 2199 839 quibus
2234 754 2418 818 Lavit.
2452 754 2557 815 25.
2600 750 2697 815 De
2722 752 2823 815 his
2858 752 3043 836 [pag.
3084 752 3282 835 1229]
3309 751 3493 814 aliis-

555 868 677 926 que
729 844 807 909 V.
849 844 922 908 T.
949 846 1131 910 festis
1164 846 1405 909 consuli
1433 850 1696 928 possunt
1726 845 2191 930 Antiqnilalmn.
2222 863 2557 908 sacra-ram
2582 840 2643 905 ἃ·
2672 840 3091 905 Judaiearmn
3128 840 3493 924 Scriptores,

561 934 746 999 Corn.
811 936 1199 1012 Hert-ramus,
1254 935 1570 1014 Se'qonieiS,
1609 936 1949 1017 Zeppe-riw,
1992 933 2365 1009 Meneclium,
2400 933 2500 997 Sic.
2534 928 2707 993 Adde
2736 930 3011 994 Masiam
3038 929 3107 991 in-
3130 930 3321 993 Josaa
3350 930 3414 991 6.

561 1020 966 1087 Commenmc.
993 1024 1077 1086 ad
1105 1025 1344 1087 Levitic.
1373 1024 1474 1085 25.
1507 1024 1847 1089 Ala-tedium
1877 1023 1941 1086 in
1982 1021 2407 1104 Praeeoqnilis
2443 1022 2499 1084 T
2490 1019 2831 1101 heoloyicis.
2884 1017 3178 1083 Hiberam
3202 1018 3277 1081 de
3308 1019 3485 1082 Tem-

551 1112 654 1191 plo
703 1111 804 1173 lib.
864 1110 922 1175 5.
973 1134 1085 1193 per
1139 1116 1378 1187 totum;
1429 1124 1598 1175 [racc.
1637 1112 2073 1176 Tlialmudicos
2112 1110 2452 1180 Pesaehim,
2496 1106 2724 1182 Sakka,
2752 1106 3037 1189 aliosque
3064 1106 3125 1167 2.
3152 1107 3357 1190 partis
3382 1128 3489 1169 seu

551 1200 759 1263 Seder.
790 1200 942 1264 Dies
965 1200 1223 1264 fuerunt
1249 1200 1661 1264 solennitates
1687 1200 1885 1263 cultui
1912 1199 2123 1263 divino
2142 1199 2405 1263 dicatae.
2458 1195 2639 1279 quue
2666 1196 2859 1258 duam
2884 1216 3193 1279 generum
3222 1195 3320 1258 vel
3350 1216 3487 1257 cum

554 1288 997 1352 convocatione
1022 1288 1343 1353 Ecclesiae
1370 1292 1414 1355 δι
1439 1288 1637 1365 feriis,
1666 1289 1761 1352 vel
1789 1288 2028 1370 absque
2054 1286 2205 1351 illis.
2254 1286 2515 1369 Absque
2556 1284 3003 1348 convocatione
3031 1284 3078 1347 a
3100 1282 3281 1347 feriis
3311 1287 3491 1347 erant

557 1376 941 1441 Neomeniae.
992 1375 1248 1461 Reliqui
1290 1400 1505 1441 omnes
1553 1380 1735 1440 erant
1789 1399 1933 1440 cum
1959 1376 2137 1439 feriis
2164 1378 2208 1441 δι
2234 1374 2699 1449 convocatione,
2734 1374 2779 1438 ἃ
2806 1372 3104 1435 dicuntur
3127 1372 3491 1454 specialiter

556 1480 749 1536 mum>
796 1466 860 1528 id
907 1470 1024 1541 est,
1060 1466 1470 1543 detentiones‚
1498 1465 1981 1548 prohibitiones,
2016 1468 2231 1527 coetus
2264 1462 2569 1527 feriantes
2602 1461 2843 1525 lssoitic.
2880 1461 2987 1524 23.
3016 1460 3119 1523 36.
3150 1459 3307 1525 Joel.
3347 1462 3403 1524 l.
3428 1461 3483 1522 4.

554 1556 612 1614 2.
669 1556 808 1637 Rey.
865 1557 964 1617 19.
1014 1556 1116 1618 20.
1167 1554 1446 1618 Rursum
1481 1554 1849 1617 dividuntur
1881 1554 2013 1617 dies
2038 1553 2349 1627 solennes,
2378 1552 2442 1613 in
2476 1549 3011 1615 extraordinarios
3044 1551 3094 1624 &
3116 1548 3485 1612 ordinarios·

555 1641 657 1705 Illi
690 1642 968 1720 fuerunt,
995 1646 1131 1707 tum
1157 1644 1420 1726 jejunia,
1477 1648 1614 1706 tum
1654 1641 2076 1705 eucharistiae
2111 1638 2612 1704 extraordinario
2636 1639 2681 1701 δι
2707 1637 2902 1701 semel
2926 1638 3008 1701 ob
3040 1641 3283 1701 certam
3307 1659 3483 1701 occa-

552 1731 793 1794 sionem
819 1731 1075 1795 indicta.
1123 1730 1522 1813 Jejuniorum
1555 1732 1846 1813 exempla
1872 1730 2013 1793 vide
2039 1731 2166 1793 ,1οεί
2190 1731 2249 1792 2.
2283 1730 2381 1792 12.
2410 1730 2611 1793 Ezrae
2626 1726 2685 1790 8.
2725 1748 2879 1789 vers,
2909 1728 3013 1789 21.
3040 1724 3483 1789 Eucharistiae

553 1822 596 1883 81
654 1819 1064 1901 jubilationes
1113 1820 1474 1903 exemplum
1523 1824 1678 1902 puto
1726 1840 2051 1883 occurrere
2080 1820 2283 1882 Ezrae
2308 1819 2368 1880 3.
2402 1818 2502 1879 10.
2535 1818 2637 1879 11.
2677 1815 3022 1880 ordinario
3048 1815 3094 1877 δι
3118 1814 3307 1878 statis
3331 1818 3479 1877 tem·

551 1907 810 1989 poribus
859 1912 1252 1972 recurrentes
1303 1908 1716 1971 s‹‚›lennitates
1741 1912 1891 1971 sunt
1935 1908 1988 1969 1.
2014 1906 2269 1987 Jejania
2292 1928 2405 1970 seu
2430 1906 2561 1969 dies
2588 1903 3077 1977 humiliationis»,
3111 1902 3323 1985 qualis
3350 1906 3479 1965 erat

551 1996 684 2059 dies
732 2012 953 2065 Ε’ἻΒἎ
997 1998 1342 2081 hippurim,
1392 1997 1456 2059 h.
1513 2020 1566 2060 e.
1594 1997 2031 2079 expiationem,
2064 1997 2230 2059 Levi!
2281 1996 2384 2058 23.
2414 1994 2519 2056 27.
2548 1996 2653 2056 28.
2702 1991 2799 2055 De
2826 1992 3003 2075 cujus
3028 1991 3224 2055 sacris
3249 1992 3299 2055 St
3325 1990 3475 2054 cele·

543 2084 838 2148 bratioue
857 2098 1028 2150 tract.
1067 2088 1283 2151 Thalm
1297 2085 1514 2150 adicus
1541 2085 1745 2150 donia.
1796 2084 1989 2164 Cujus
2019 2084 2303 2149 Misclma
2334 2082 2479 2148 [ἰοὺ.
2510 2081 3003 2165 Sherenqamius
3026 2079 3289 2143 seorsim
3316 2101 3476 2143 anno

559 2172 747 2236 1640.
798 2173 994 2238 Hebr.
1044 2174 1184 2239 Lat.
1211 2174 1424 2249 edidit,
1455 2176 1500 2240 ἃς
1533 2174 1694 2238 notis
1719 2172 2087 2237 illustravit.
2134 2171 2231 2235 De
2267 2172 2411 2235 aliis
2428 2170 2687 2254 jejuniis
2712 2170 2850 2252 agit
2884 2182 3054 2233 tract.
3100 2169 3345 2233 Taaniae.
3381 2168 3472 2231 11.

551 2262 998 2342 Eucharistiae,
1047 2286 1155 2327 seu
1185 2262 1316 2326 dies
1342 2262 1528 2336 laeti;
1565 2262 1786 2345 quales
1817 2262 2201 2339 Neomeniae,
2236 2263 2483 2325 Festum
2518 2258 2867 2335 PaschatiS,
2896 2257 3301 2333 Pentecoste&
3362 2258 3474 2320 Ta-

552 2350 1053 2429 bermwulorwn,
1089 2352 1432 2417 Taburmn.
1463 2352 1549 2415 Et
1578 2350 1648 2413 hi
1671 2350 1925 2433 proprie
1952 2349 2246 2413 dicuntur
2272 2348 2483 2423 Festa,
2516 2346 2715 2412 Hebr.
2744 2362 2916 2416 mun
2938 2346 3254 2432 Chaqyim,
3280 2347 3326 2409 ἱ
3348 2345 3457 2408 rad

553 2456 654 2506 ,ΗΠ
682 2440 744 2502 id
771 2446 888 2517 est,
916 2441 1312 2524 tripudiavit,
1345 2441 1580 2504 festum
1599 2439 1965 2514 celebravit,
1990 2437 2256 2503 feriatus
2283 2443 2396 2503 est.
2427 2437 2744 2501 Dicuntur
2770 2439 2816 2502 a
2845 2435 3167 2501 Gaudium
3192 2433 3473 2510 Domini,

554 2527 822 2593 Nehem.
875 2530 932 2594 8.
992 2531 1090 2594 19.
1132 2529 1282 2613 quia
1324 2529 1389 2592 in
1423 2552 1495 2593 eo
1522 2533 1659 2593 erat
1691 2529 2075 2604 laetandum,
2114 2530 2365 2593 Denter.
2398 2528 2498 2590 16.
2529 2526 2632 2589 14.
2656 2524 2753 2590 De
2778 2524 3107 2590 Sabbatho
3132 2523 3474 2588 hebdoma-

552 2617 702 2694 dali,
729 2617 896 2683 infra
965 2618 1253 2703 Agamus
1276 2641 1443 2682 nunc
1468 2618 1542 2695 de
1569 2617 1777 2681 Festis
1802 2616 2161 2681 ordinariis·

641 2703 708 2774 3.
758 2705 1122 2790 Antequam
1170 2707 1568 2782 definiamus,
1615 2706 1767 2788 quid
1799 2705 1885 2768 sit
1928 2707 2205 2782 Festum,
2233 2704 2612 2769 removenda
2636 2708 2734 2768 est
2755 2703 3032 2787 primum
3060 2701 3229 2766 vocis
3254 2701 3473 2765 homo-

552 2795 790 2878 nymia.
837 2794 1040 2860 Notat
1093 2817 1246 2880 ergo
1288 2794 1319 2858 l
1353 2795 1665 2858 latissima
1690 2792 2177 2878 significatione,
2204 2815 2457 2857 omnem
2480 2791 2785 2876 temporis
2819 2792 3165 2856 solemnem
3194 2793 3238 2856 ἃ
3264 2790 3471 2873 publi-

551 2906 690 2947 cam
737 2884 1262 2960 observationem,
1311 2884 1442 2948 sive
1467 2884 1533 2946 in
1561 2882 1640 2947 V.
1677 2881 1808 2946 sive
1833 2882 1898 2946 in
1926 2881 2008 2946 N.
2038 2881 2111 2945 T.
2138 2882 2271 2946 sive
2303 2881 2690 2946 ordinariam
2722 2880 2853 2944 sive.
2882 2879 3468 2954 extraordinariam,

551 2972 682 3035 sive
730 2995 974 3036 sacram
1027 2975 1072 3038 δι
1119 2972 1652 3048 Ecclesiasticam,
1679 2972 1811 3035 sive
1845 2971 2179 3054 profanam
2206 2973 2251 3036 δι
2275 2969 2631 3045 Politicam,
2659 2969 2791 3033 sive
2816 2969 2898 3032 ab
2923 2967 3315 3046 hominibus,
3348 2966 3469 3030 sive

552 3061 631 3123 ab
658 3061 795 3144 ipso
820 3060 956 3125 Deo
981 3060 1746 3124 immediateinstitutam.
1794 3058 1894 3124 Ita
1918 3059 2155 3124 festum
2181 3058 2579 3142 expiationiS‚
2606 3059 2845 3122 festum
2873 3057 3125 3134 dicitur,
3164 3056 3319 3140 quia
3342 3059 3469 3119 erat

551 3149 683 3213 (lies
707 3149 984 3213 solennis
1017 3152 1054 3212 a
1077 3147 1213 3213 Deo
1239 3148 1592 3214 institutus..
1643 3149 1727 3213 Et
1758 3147 2241 3212 extraordinarii
2267 3147 2627 3230 quicunque
2652 3146 2785 3210 dies
2813 3168 2887 3209 ex
2912 3144 3238 3229 praesenti
3262 3145 3468 3228 aliqua

551 3238 873 3302 occasione
907 3238 1119 3302 subito
1143 3238 1365 3301 indicti
1397 3237 1470 3301 ad
1494 3237 1811 3322 jejunium
1835 3236 2051 3300 autad
2076 3235 2431 3320 gratiarum
2467 3235 2779 3299 actionem
2800 3257 2915 3318 pro
2938 3233 3254 3318 singulari
3290 3233 3467 3297 bene·-

550 3327 710 3392 ficio,
761 3327 848 3390 Et
891 3327 1024 3391 dies
1071 3325 1385 3390 Sabbatlli
1434 3327 1513 3390 ad
1561 3326 1838 3408 quietem
1880 3324 2264 3388 ordinariam
2290 3324 2743 3388 sanctificatus.
2791 3323 2878 3386 Et
2896 3321 3317 3386 anniversarii
3341 3319 3463 3406 qui·

550 3417 696 3479 dam
727 3417 859 3480 dies
885 3417 966 3480 ab
998 3415 1365 3480 hominibus
1391 3414 1688 3479 instituti.
1741 3412 1943 3478 Immo
1968 3416 2013 3479 δι
2046 3413 2249 3476 civilis
2275 3413 2517 3476 dierum
2545 3411 2925 3490 observatio,
2950 3415 3023 3474 ut
3046 3409 3320 3475 Natales
3352 3408 3463 3473 Re·

549 3526 724 3589 gum,
773 3503 1138 3579 Parentum,
1187 3503 1683 3578 benefactorum,
1742 3505 1840 3568 8⁶0.
1890 3505 1936 3567 δι
1964 3501 2387 3566 coronationis
2412 3500 2687 3585 Regum,
2712 3501 2814 3564 &c.
2848 3501 2998 3565 Hos,
3028 3499 3087 3562 7.
3120 3501 3181 3563 5.
3208 3497 3295 3564 ΙΙ.
3322 3499 3465 3562 Lata

551 3597 595 3659 ἅτ
621 3593 766 3656 laxa
790 3593 1254 3678 significatione
1273 3614 1580 3656 annorum
1607 3594 1652 3657 a
1685 3592 1930 3655 dierum
1955 3589 2463 3662 observationem
2490 3612 2758 3667 sacram,
2800 3611 3067 3672 eamque
3092 3589 3463 3652 ordinariam

550 3683 595 3746 ἃ
635 3681 1222 3759 extraordinariam,
1277 3703 1388 3744 seu
1444 3681 1826 3744 incidentem
1868 3685 1982 3743 aut
2021 3683 2254 3742 statam
2282 3679 2485 3762 adque
2511 3678 2833 3742 ordinaria
2856 3681 3313 3742 recurrentem.
3358 3672 3461 3740 HL

550 3767 864 3834 Strictim-i
897 3769 1382 3854 significatione,
1407 3773 1696 3852 tempora
1728 3791 1907 3840 sacra
1930 3766 2251 3831 ordinaria
2282 3768 2328 3830 δι
2376 3767 2679 3831 divinitus
2705 3766 3021 3841 instituta,
3056 3767 3243 3852 [pag.
3274 3762 3461 3848 1230]

550 3859 766 3941 qualia
790 3859 856 3921 in
889 3857 970 3921 V.
997 3857 1071 3922 Τ.
1107 3859 1387 3937 fuerunt,
1422 3858 1546 3922 duo
1571 3855 1901 3920 Sabbatha
1928 3878 2235 3920 annorum
2263 3856 2307 3920 δι
2344 3855 2801 3920 hebdomadale
2830 3877 3051 3930 unum,
3085 3853 3459 3924 neomeniae,

550 3948 962 4010 solennitates
979 3946 1754 4029 anniversariaequinque.
1783 3945 1959 4020 Quae
1984 3945 2198 4009 omnia
2228 3945 2571 4027 Apostolus
2596 3944 2833 4008 indicat
2871 3942 3074 4010 Galat.
3096 3945 3155 4005 4.
3184 3964 3340 4008 vera
3372 3943 3459 4004 10.

549 4035 660 4098 ubi
686 4039 1042 4099 occurrunt.
1079 4035 1135 4098 1.
1169 4033 1374 4109 ἡμέραι
1397 4035 1544 4112 dies,
1573 4035 1706 4098 scil.
1733 4033 1902 4107 festi,
1929 4033 2243 4117 quomodo
2274 4035 2497 4098 Coloss.
2526 4035 2585 4095 2.
2620 4034 2719 4095 16.
2743 4031 2930 4106 ἡμέραι
2960 4031 3183 4106 ἑορτῆς.
3222 4035 3283 4097 2.
3304 4039 3461 4104 μῆνες

553 4145 809 4199 metisca,
850 4123 968 4187 hoc
1023 4127 1120 4186 est
1166 4124 1556 4200 neomeniae,
1609 4125 1832 4188 coloss.
1871 4124 1930 4186 2.
1958 4124 2058 4186 16.
2086 4123 2161 4185 de
2188 4121 2420 4204 quibus
2450 4123 2710 4186 Numer.
2741 4121 2905 4185 10.&
2930 4121 3037 4184 28.
3076 4122 3137 4185 1.
3168 4121 3340 4186 Sam.
3368 4117 3459 4182 20.

552 4213 726 4278 Psal.
771 4213 875 4274 81.
916 4212 1075 4274 lesa.
1115 4217 1168 4274 1.
1209 4212 1500 4276 Ezechiel.
1529 4212 1632 4275 46.
1662 4213 1722 4275 2.
1755 4211 1979 4277 Paral.
2007 4213 2065 4273 2.
2103 4211 2287 4275 Esdr.
2316 4213 2377 4275 3.
2405 4211 2465 4274 5.
2493 4213 2555 4273 3.
2588 4209 2789 4284 κκιρεὶ,
2813 4209 2879 4274 id
2902 4213 3019 4287 est,
3045 4213 3291 4274 statuta
3314 4214 3459 4272 tem-

551 4323 706 4382 pora
737 4301 782 4364 Sc
808 4299 1220 4361 solennitates
1235 4329 1248 4371 ;
1291 4297 1621 4363 Sabbatha
1652 4299 1785 4363 scil.
1815 4299 1939 4362 nisi
1962 4300 2105 4382 quis
2129 4298 2233 4364 hic
2258 4299 2323 4362 in
2349 4320 2581 4384 genere
2608 4320 2829 4362 omnes
2852 4297 3269 4363 solennitates
3284 4293 3456 4361 intel-

552 4387 670 4471 ligi
715 4388 928 4470 putet:
979 4389 1093 4448 ant
1130 4385 1341 4468 potius
1381 4386 1565 4466 festa,
1592 4389 1637 4452 8⁶
1661 4409 1774 4470 per
1805 4388 1971 4452 diem
1994 4385 2397 4451 Sabbathum
2422 4387 2903 4452 hebdomadale.
2952 4385 3169 4470 Atque
3195 4383 3453 4539 {aglah-

3254 4497 3293 4539 a
3365 4493 3455 4537 um

3651 2082 3656 2117 1
