3694 4871
680 784 1679 906 DISPUTA'HO
1762 783 2688 904 UNDECm-IA.

532 1107 723 1202 DE
818 1109 1725 1210 SABBATHO
1832 1113 2012 1209 ET
2106 1105 2813 1208 FESTIS¹).

299 1329 360 1398 l.
412 1330 625 1395 Dividi
676 1337 883 1416 potest
930 1333 1182 1416 Religio
1242 1336 1367 1399 late
1422 1341 1681 1420 accepta
1728 1338 1793 1400 in
1843 1339 1998 1401 duas
2053 1343 2300 1420 partes,
2351 1337 2416 1400 in
2457 1335 2698 1398 cultum
2749 1333 3130 1408 naturalem,
3209 1387 3218 1402 ,

208 1421 251 1484 δι
298 1419 361 1482 iu
418 1420 803 1485 institutum.
850 1421 947 1486 De
1000 1422 1332 1508 Religione
1388 1425 1451 1488 in
1499 1448 1751 1508 genere,
1810 1432 1883 1490 ut
1929 1429 1973 1492 δι
2014 1426 2088 1488 de
2123 1425 2314 1490 Cultu
2344 1423 2625 1488 naturali
2650 1447 2722 1486 ac
2748 1422 3042 1484 instituto
3069 1421 3130 1484 in

211 1508 413 1589 spec-ie
466 1531 631 1572 nunc
678 1533 801 1574 non
827 1509 1115 1596 agimus:
1166 1515 1273 1576 sed
1308 1518 1557 1578 tantum
1592 1515 1666 1578 de
1698 1515 1993 1598 opposito
2018 1515 2232 1597 aliquo
2265 1515 2473 1579 cultus
2499 1510 2799 1574 instituti.
2845 1509 2939 1574 Ut
2964 1509 3132 1572 enim

217 1593 530 1678 Religioni
578 1597 643 1660 in
691 1619 923 1682 genere
966 1600 1033 1663 in
1058 1601 1297 1685 delecta
1322 1608 1637 1686 repugnat
1666 1603 2038 1668 Atheismus
2065 1605 2108 1668 δι
2134 1601 2412 1676 ἁσέβεικ;
2444 1603 2510 1665 in
2537 1620 2784 1664 excessu
2813 1621 2978 1672 vero,
3014 1597 3132 1660 Su-

214 1685 503 1766 perstitio
539 1688 719 1772 [pag.
775 1689 977 1772 1228]
1029 1690 1232 1772 (cujus
1266 1697 1396 1755 tres
1442 1691 1683 1774 species
1723 1691 1964 1776 Magia,
2013 1691 2402 1768 Idololatria,
2447 1696 2490 1751 δι
2523 1687 2708 1752 Vana
2732 1686 3136 1750 observantia

211 1795 317 1836 seu
365 1775 736 1857 superstitio
775 1776 1057 1848 strictelz
1102 1778 1191 1842 sic
1231 1779 1429 1844 cultui
1476 1780 1773 1844 instituto
1820 1781 2029 1844 cultus
2056 1780 2450 1864 illegitimus,
2507 1781 2562 1841 1.
2613 1777 2776 1852 Quia
2799 1776 2874 1838 fit
2899 1775 2996 1838 vel
3023 1797 3136 1857 per

212 1861 727 1926 substitutionem
782 1888 893 1928 seu
950 1868 1365 1931 mutationem
1436 1873 1489 1944 Q
1500 1868 1558 1932 ui
1607 1869 1890 1933 continet
1921 1869 1985 1932 in
2014 1893 2080 1932 se
2106 1868 2562 1932 detractionem
2588 1867 2744 1948 ejuS,
2771 1865 2937 1948 quod
2961 1862 3135 1926 Deus

217 1951 557 2028 mandavit,
590 1955 635 2018 ἃ
690 1953 1075 2018 additionem
1109 1956 1243 2038 ejus
1275 1957 1439 2039 quod
1466 1956 1639 2020 Deus
1664 1978 1789 2020 non
1818 1957 2161 2021 mandavit.
2213 1955 2331 2019 Vel
2361 1957 2450 2019 sic
2481 1954 2698 2018 cultui
2722 1952 3037 2026 institutO,
3068 1953 3136 2014 in

212 2037 445 2124 delecta
494 2047 808 2125 repugnat
847 2040 1333 2109 Libertinismus
1360 2049 1405 2110 δι
1431 2043 1942 2113 Neutralismus:
1969 2046 2031 2109 in
2061 2068 2316 2108 excessu
2351 2042 2835 2116 ἑὲελεὲρὴσκεικ,
2873 2063 3036 2122 quae
3065 2041 3137 2102 fit

214 2149 319 2208 per
365 2129 907 2210 pseudo-sacrum.
958 2131 1136 2206 Quod
1184 2137 1281 2196 est
1326 2134 1424 2197 vel
1458 2134 1795 2212 transiens,
1842 2135 1941 2198 vel
1983 2155 2377 2218 permanens.
2434 2132 2493 2198 1.
2541 2129 2708 2194 lllud
2749 2129 2844 2192 vel
2879 2128 3018 2191 laxe
3045 2127 3135 2190 sic

213 2214 455 2292 dicitur,
496 2221 565 2280 ut
598 2223 775 2282 notet
802 2241 1028 2284 vanam
1054 2244 1492 2304 quamcunque
1524 2223 2030 2287 observationem
2055 2221 2248 2286 etiam
2275 2225 2453 2285 extra
2479 2220 2722 2282 cultum
2746 2216 3133 2292 institutum,

212 2303 283 2366 de
330 2310 459 2388 qua
506 2308 823 2390 agendum
870 2330 1004 2392 cap.
1060 2309 1136 2374 dc
1159 2311 1634 2394 Superstitione:
1676 2312 1774 2374 vel
1802 2313 2022 2388 stricta,
2053 2315 2121 2374 ut
2153 2313 2329 2373 notet
2355 2309 2666 2372 actionem
2700 2308 3134 2370 transeuntem

214 2392 579 2479 religiosam
633 2399 905 2477 tantum,
954 2398 1071 2463 hoc
1105 2404 1201 2463 est
1232 2399 1296 2464 in
1329 2399 1468 2484 ipso
1492 2400 1791 2465 exercitio
1818 2401 2025 2464 cultus
2059 2403 2364 2481 tanquam
2397 2401 2665 2481 partem,
2700 2399 2810 2459 aut
2837 2393 3132 2470 medium,

214 2487 321 2547 aut
347 2484 605 2569 signum
638 2485 1081 2563 adhibendam,
1110 2490 1276 2572 quod
1300 2490 1818 2573 pseudo-sacrum
1844 2490 2098 2573 proprie
2125 2489 2170 2552 &
2202 2487 2489 2571 specifice
2522 2484 2886 2559 ceremonia,
2915 2486 2960 2548 ἃ
2985 2506 3134 2565 syn-

214 2572 543 2637 ecdochice
597 2579 1047 2641 sacramentale
1096 2581 1371 2642 vocatur.
1465 2578 1561 2642 De
1633 2580 1811 2661 cujus
1858 2583 2118 2652 natura,
2175 2574 2707 2661 proprietatibus,‚
2749 2576 2794 2638 δι
2843 2571 3132 2655 specibus

212 2682 419 2743 supra.
472 2660 1001 2729 Pseudo-sacrum
1046 2665 1205 2730 illud
1250 2667 1684 2730 consideratur
1722 2668 1821 2729 vel
1849 2666 2100 2730 divisim
2133 2688 2246 2729 seu
2277 2663 2643 2747 separatim,
2673 2662 2772 2725 vel
2799 2659 3133 2724 collectim.

212 2744 399 2813 Istius
448 2752 705 2833 generis
729 2756 878 2815 sunt
896 2754 1157 2831 rosaria,
1189 2754 1379 2819 horae
1411 2755 1767 2832 canonicae,
1794 2754 2080 2819 osculum
2108 2754 2302 2838 pacis,
2329 2752 2630 2815 formatio
2663 2750 2864 2814 crucis
2898 2749 2964 2811 in
2991 2759 3136 2811 aere

210 2836 285 2901 ad
334 2837 835 2903 benedictionem
882 2842 947 2905 in
998 2842 1187 2907 rebus
1243 2844 1437 2908 sacris
1486 2845 2010 2926 consequendam,
2037 2848 2148 2907 aut
2172 2841 2682 2905 maledictionem
2707 2838 3136 2913 avertendam,

210 2924 305 2988 Sic.
356 2925 567 3008 Hujus
614 2930 865 3013 generis
920 2935 1069 2995 sunt
1104 2932 1655 3017 Peregrinationes
1688 2932 2046 3015 religiosae,
2096 2930 2472 3001 Exorcismi,
2509 2927 2992 2991 Benedictiones
3024 2947 3136 2988 seu

212 3012 743 3081 Consecrationes.
794 3016 947 3083 Dies
972 3020 1131 3083 sacri
1159 3044 1269 3084 seu
1295 3022 1603 3085 solennes.
1656 3022 1715 3084 2.
1770 3022 2016 3085 Pseudo
2047 3040 2303 3084 sacram
2333 3037 2736 3102 perarantem,
2763 3019 2858 3079 est
2882 3014 3136 3097 duplex,

214 3103 305 3165 vel
330 3105 451 3168 lale?
472 3105 561 3169 sle
582 3104 841 3185 dictum,
866 3130 992 3171 non
1024 3108 1291 3173 affixum
1315 3110 1448 3173 scil.
1477 3110 1677 3173 cultui
1702 3109 1970 3184 solenni,
1999 3114 2068 3171 ut
2087 3132 2140 3171 e.
2167 3130 2265 3191 gr.
2291 3106 2520 3191 Agnus
2545 3104 2893 3191 Paschalis,
2921 3126 3136 3185 panes,

212 3192 507 3256 candelae
566 3192 951 3273 benedictae,
1000 3198 1098 3261 sc.
1144 3198 1237 3260 vel
1288 3200 1489 3263 stre'cle
1528 3198 1789 3275 dictum,
1815 3198 1980 3279 qnod
2006 3196 2366 3281 specialiter
2397 3192 2598 3259 cultui
2631 3193 2844 3255 divino
2877 3194 3138 3254 externo

213 3286 643 3345 consecratum
692 3285 737 3348 δι
784 3283 1047 3349 affixum
1096 3290 1212 3351 est.
1262 3286 1381 3349 Est
1434 3292 1647 3350 autem
1694 3286 1854 3349 illud
1889 3286 2120 3369 duplex
2153 3286 2253 3349 vel
2285 3282 2687 3347 inventum&
2719 3283 3136 3361 assumptum,

216 3368 307 3459 rel
358 3392 473 3452 per
502 3373 1039 3437 consecrationem
1082 3374 1209 3439 tale
1250 3375 1491 3439 factum
1524 3398 1597 3439 ac
1622 3375 2059 3439 constitutum.
2109 3372 2276 3437 Illud
2307 3376 2457 3436 sunt
2484 3370 2797 3455 Reliquiae
2821 3366 3059 3431 Christi
3092 3368 3137 3431 δι.

214 3454 605 3523 Sanctorum.
655 3458 833 3525 Istud
886 3467 983 3526 est
1030 3463 1128 3527 vel
1176 3469 1546 3547 conceptum
1598 3465 1675 3527 ad
1714 3464 1969 3527 modum
2018 3462 2366 3538 relationiS,
2415 3462 2487 3523 ut
2524 3458 2802 3522 Verbum
2831 3477 2956 3519 non
2982 3454 3137 3517 scri-

216 3549 411 3625 ptum,
462 3548 739 3632 quinque
768 3548 933 3614 falsa
956 3550 1387 3631 Sacramenta,
1423 3552 1741 3617 Ecclesiae
1768 3551 2117 3627 VirtualeS,
2145 3546 2625 3627 Consistoriales
2650 3568 2762 3609 seu
2787 3542 3134 3608 Cardinali-

217 3633 359 3713 tiae,
408 3634 895 3717 PatriarchaIeS,
944 3638 1379 3718 Cathedrales,
1428 3644 1525 3707 &a
1576 3642 1729 3705 item
1778 3639 2138 3705 hierarchia
2177 3638 2450 3721 papalis,
2477 3635 2518 3699 J
2524 3658 2596 3699 us
2623 3636 2668 3699 δι
2693 3634 2980 3718 regimen
3011 3630 3136 3695 Pa-

218 3724 799 3805 pae-Canonicum:
852 3728 951 3791 vel
977 3733 1349 3813 conceptum
1400 3730 1479 3793 ad
1518 3730 1773 3793 modum
1804 3728 2223 3805 substantiae,
2247 3730 2319 3791 ut
2345 3724 2633 3807 Templa,
2664 3721 2932 3797 Altaria,
2977 3717 3136 3783 Ima-

218 3812 395 3895 gines
420 3836 655 3893 sacrae,
679 3815 1125 3895 iustrumenta,
1156 3821 1379 3895 vestes,
1408 3822 1451 3884 a
1478 3818 1807 3903 suppellex
1832 3840 2032 3894 sacra,
2061 3818 2161 3881 διο.

304 3899 371 3970 2.
420 3900 559 3966 Nos
586 3925 751 3968 nunc
784 3928 1049 3989 agemus
1075 3907 1149 3969 de
1176 3905 1597 3991 Temporibus
1616 3906 1854 3990 pseudo
1891 3905 2105 3982 sacriS,
2132 3906 2176 3969 ἃ
2198 3904 2452 3985 quidem
2469 3902 2544 3965 de
2561 3898 2904 3985 praecipua
2921 3918 3137 3960 eorum

219 3991 441 4073 specie,
490 3993 955 4074 pseudo-Fescis
1004 3994 1135 4059 scil.
1188 3994 1278 4059 Ut
1332 4000 1545 4059 autem
1579 3994 2096 4077 superstitionem
2123 4014 2336 4055 eorum
2364 3988 2908 4073 deprehendamus
2955 4008 3139 4069 prae-

220 4080 540 4144 mittemus
586 4081 1070 4166 descriptionem
1125 4088 1481 4167 temporum
1531 4104 1872 4159 sacrorum,
1936 4104 2096 4164 (piae
2145 4079 2316 4143 Deus
2364 4077 2664 4142 instituit.
2714 4074 2878 4139 Sunt
2925 4078 3136 4137 autem

221 4178 489 4252 ternpora
512 4190 691 4235 sacra
718 4170 783 4237 in
810 4193 1048 4256 (fenore,
1074 4192 1235 4257 quae
1258 4174 1389 4239 Deo
1419 4186 1531 4239 aut
1556 4173 1752 4238 calmi
1774 4170 1989 4235 divino
2012 4192 2087 4233 ex
2113 4169 2308 4252 [psius
2333 4167 2723 4232 institucione
2743 4164 3142 4249 peculiariter

221 4256 508 4324 dicantar
553 4259 615 4325 ἃ·
657 4273 1121 4326 consecrantur.
1170 4259 1494 4326 Vocantur
1546 4264 1761 4325 autem
1810 4257 2054 4322 Latinis
2087 4257 2306 4337 feriae,
2354 4255 2662 4332 solennia,
2689 4256 2734 4320 δι
2760 4275 2958 4331 sacra,
2984 4253 3030 4318 81
3063 4274 3140 4317 ex

3007 4338 3142 4404 He-

288 4511 331 4577 ¹)
363 4513 510 4581 Hesp.
546 4514 753 4565 Jaoono
790 4513 967 4576 Hovlo,
1002 4513 1439 4566 Twischafflatav·
1476 4512 1561 4563 Ad
1595 4512 1741 4563 diem
1777 4509 1860 4562 10.
1891 4509 1945 4576 ἆ·
1978 4508 2060 4561 17.
2097 4506 2258 4561 Mart.
2294 4506 2442 4560 1638.
