3694 4871
720 978 1720 1102 DISPUTATIO
1796 977 2550 1101 SEPTIMA.

405 1256 1431 1356 PROBLEMATUM
1498 1255 1673 1353 DE
1729 1255 2238 1356 MERITO
2297 1255 2832 1356 CHRISTI

1394 1429 1559 1482 PARS
1592 1429 1815 1481 Palm.
1853 1432 1898 1496 ι)

212 1597 321 1663 De
368 1596 599 1663 Christi
642 1598 861 1662 merito
907 1597 1113 1662 acturi
1160 1596 1211 1661 I.
1264 1596 1679 1681 Praecoqnita
1726 1593 2039 1682 quaedam
2082 1596 2573 1680 praemittemus.
2624 1596 2708 1663 11.
2762 1595 3024 1665 Contro-

1245 1685 1483 1750 versias
1526 1684 1996 1752 recensebimus.

250 1870 319 1940 l.
368 1869 674 1936 Meritum
722 1869 832 1936 Gr.
878 1867 1015 1949 ἀξία
1058 1874 1157 1936 est
1202 1870 1586 1935 vocabulum
1608 1875 1726 1929 τῶν
1752 1867 1976 1946 μέσων,
2006 1870 2054 1936 ἃ
2085 1890 2285 1954 aeque
2317 1868 2700 1954 dignitatem
2723 1892 2988 1955 poenae,
3019 1891 3094 1935 ac

147 1959 434 2045 praemii
473 1959 815 2045 significat,
846 1963 919 2023 ut
950 1961 1177 2024 notant
1204 1957 1249 2023 J
1260 1957 1391 2026 CC.
1424 1955 1803 2024 Scholastici
1834 1958 2218 2044 dignitatem
2250 1979 2489 2042 poenae
2513 1958 2776 2042 speciali
2801 1981 2950 2024 voce
2976 1980 3092 2043 ap-

148 2049 409 2134 pellant
453 2048 851 2114 demeritum.
900 2047 1009 2113 Est
1061 2059 1270 2113 autem
1304 2048 1601 2113 meritum
1645 2067 1803 2132 opus
1846 2047 2242 2131 praestit-um,
2279 2047 2386 2112 cui
2421 2045 2762 2112 secundum
2775 2047 3091 2131 justitiam

148 2137 628 2203 distributivam
671 2157 901 2202 merces
944 2137 1069 2202 sive
1088 2136 1413 2201 retributio
1443 2138 1619 2220 operi
1642 2137 2122 2221 proportionata
2146 2135 2419 2200 debetur.
2467 2133 2643 2199 Inter
2665 2132 3094 2200 scholasticos

161 2226 442 2293 Thomas
486 2237 650 2310 part.
694 2231 755 2292 3.
802 2237 1038 2312 quaest.
1096 2225 1203 2290 49.
1250 2226 1437 2310 artic..
1461 2224 1522 2289 6.
1570 2225 1811 2305 definit,
1861 2223 2194 2299 actionem,
2219 2226 2347 2309 qua
2361 2224 2609 2306 justum
2634 2225 2752 2302 est,
2777 2227 2848 2286 ut
2871 2223 3092 2309 agenti

152 2314 409 2398 aliquid
453 2314 656 2379 detur.
706 2313 923 2381 Scotus
973 2315 1059 2380 ad
1105 2315 1167 2378 3.
1222 2313 1364 2380 dist.
1416 2311 1519 2377 18.
1563 2311 1867 2378 Meritum
1894 2315 1991 2377 est
2016 2312 2272 2396 aliquod
2297 2315 2694 2396 acceptatum
2715 2311 2784 2375 in
2806 2312 2954 2388 alic,
2975 2334 3091 2395 pro

153 2425 289 2489 quo
336 2403 419 2468 ab
473 2407 841 2488 acceptante
887 2405 986 2468 est
1038 2401 1283 2486 aliquid
1304 2402 1787 2467 retribuendum
1815 2401 1934 2482 illi,
1960 2402 2028 2466 in
2052 2422 2177 2486 quo
2202 2404 2300 2466 est
2325 2400 2508 2484 quasi
2533 2399 2818 2465 debitum
2848 2400 2949 2466 illi
2978 2421 3095 2485 pro

152 2494 275 2557 illo
328 2494 579 2571 merit0,
629 2493 730 2557 vel
758 2492 946 2557 alteri
969 2514 1084 2577 pro
1109 2513 1234 2575 quo
1263 2492 1517 2555 meruit.
1567 2490 1958 2576 Argentina:
1985 2489 2343 2574 praemium
2366 2490 2652 2554 debitum
2683 2490 2892 2573 operis
2915 2489 3096 2553 inde-

154 2582 303 2646 biti.
336 2582 593 2647 Gerson.
614 2592 780 2665 part.
806 2580 868 2645 4.
894 2582 965 2645 in
994 2581 1283 2666 descript.
1310 2592 1419 2646 ter.
1441 2581 1529 2646 ad
1561 2580 1840 2660 Theoloq,
1867 2579 2003 2645 util.
2051 2577 2172 2643 Est
2210 2580 2388 2643 actus
2412 2577 2752 2642 laudabilis
2775 2576 2983 2643 factus
3015 2578 3095 2641 ad

154 2671 405 2735 bonum
452 2669 715 2734 alterius
746 2671 893 2735 vere
942 2670 1041 2734 vel
1074 2668 1557 2752 interpretativa
1596 2690 1709 2733 seu
1732 2667 2113 2752 reputative,
2145 2669 2219 2731 ut
2242 2688 2298 2731 e.
2322 2687 2418 2751 gr.
2445 2666 2526 2731 ad
2548 2666 2789 2731 bonum
2811 2664 2956 2746 Dei,
2981 2667 3093 2751 qui

155 2760 333 2823 bono
376 2762 595 2823 nostro
639 2780 766 2823 non
810 2758 1078 2842 indiget.
1124 2754 1250 2823 Sed
1295 2756 1626 2822 mittamus
1651 2755 2188 2821 Scholasticorum
2220 2754 2692 2838 disquisitiones
2715 2753 2793 2819 de
2817 2755 3095 2819 essentia

159 2846 401 2925 meriti,
448 2847 649 2930 deque
696 2846 977 2931 ejusdem
1022 2845 1254 2924 radice,
1294 2848 1341 2912 ἃ
1385 2844 1922 2923 distinctionibus,
1949 2843 2214 2908 remisso
2238 2842 2498 2909 Lectore
2526 2842 2606 2908 ad
2628 2844 3097 2919 recentissimos

168 2937 445 3003 rhomae
488 2946 992 3001 commentatores
1040 2936 1149 3000 wc.
1197 2935 1293 3000 cit.
1358 2933 1701 3001 Valentiam
1748 2933 1907 3011 scil„
1968 2933 2263 3019 Vasquez,
2315 2933 2593 3010 Zwarez,
2649 2931 2938 3017 Sylvium
2975 2930 3091 2999 aa.

160 3029 277 3089 aut
310 3025 392 3088 ad
416 3025 879 3091 Bellarminum
909 3022 1014 3089 lib.
1064 3025 1128 3088 5.
1175 3024 1250 3089 de
1277 3016 1537 3110 Justffic.
1577 3042 1711 3105 cap.
1746 3023 1845 3085 10.
1878 3018 1991 3087 stc.
2038 3018 2490 3087 conferendum
2535 3042 2678 3085 cum
2716 3019 3096 3085 doctissimis

160 3112 379 3178 bacin
401 3116 583 3197 parte
608 3112 1130 3197 Disputatoribus
1162 3111 1546 3190 reformatis,
1571 3112 1787 3176 Ferrio
1812 3109 1970 3187 scil„
1995 3109 2292 3175 Scholast.
2321 3108 2582 3174 orthod.
2607 3129 2740 3192 cap.
2767 3110 2872 3174 33.
2923 3110 3097 3175 Mor-

163 3215 311 3268 tono
341 3202 415 3266 in
436 3200 726 3267 Antidoto
749 3212 965 3267 contra
990 3200 1283 3267 Meritum
1316 3197 1428 3265 ac.
1459 3220 1595 3285 cap.
1627 3199 1686 3264 1.
1707 3199 1753 3263 a
1777 3200 1861 3274 2.;
1888 3198 2268 3265 Davecantio
2299 3197 2371 3262 in
2393 3208 2566 3263 tract.
2591 3196 2668 3261 de
2694 3198 2945 3263 lustitia
2981 3196 3094 3264 aa.

160 3312 301 3376 cap.
328 3291 433 3354 53.
460 3290 569 3355 54.
597 3288 710 3355 ac.
735 3290 984 3355 Amesio
1005 3291 1075 3354 in
1098 3289 1469 3354 Bellarmin.
1496 3289 1791 3354 Enervat.
1832 3288 2125 3353 Meritum
2161 3286 2392 3352 Christi
2415 3285 2519 3371 (de
2542 3306 2667 3369 quo
2690 3284 2875 3350 nobis
2897 3307 3095 3371 agen-

163 3378 345 3462 dum)
390 3390 476 3443 est
512 3378 961 3465 perfectissima
985 3378 1349 3456 obedientia,
1374 3378 1501 3463 qud
1526 3378 1659 3461 ipse
1682 3386 1897 3441 nostro
1922 3378 2050 3442 loco
2081 3386 2388 3461 tanquam
2413 3372 2694 3457 Sponsor
2703 3374 2986 3457 justitiae
3009 3376 3094 3439 le-

161 3468 261 3553 qis
305 3468 558 3534 divinae
594 3470 777 3551 plene
805 3467 1115 3552 satisfecit,
1139 3465 1437 3551 nobisque
1456 3465 1887 3531 remissionem
1907 3475 2300 3549 peccatorum
2328 3460 2392 3529 ἃ·
2412 3461 2860 3527 absolutionem
2883 3482 2994 3527 seu
3015 3463 3094 3527 ti-

164 3558 461 3623 bertatem
483 3558 524 3620 ὰ
546 3556 993 3635 maledictione,
1017 3566 1201 3642 atque
1221 3575 1357 3620 una
1359 3556 1698 3639 justitiam,
1722 3550 1786 3619 ἃ·
1793 3554 1912 3638 jus
1930 3553 2500 3639 possessionemque
2516 3551 2674 3615 vitae
2693 3561 2982 3618 aeternae
2993 3571 3096 3616 ac-

166 3644 449 3733 quisivit.
495 3643 748 3710 Dicitur
786 3643 913 3709 alio
943 3644 1199 3708 nomine
1228 3642 1603 3708 satisfactio.
1653 3641 1756 3706 Ad
1777 3640 2071 3706 homines
2095 3641 2368 3706 relatum
2392 3640 2458 3704 in
2482 3636 2811 3722 Scriptura
2831 3660 2925 3721 gr.
2951 3639 3098 3703 dici-

164 3740 273 3799 tur
304 3730 501 3793 ἱκανὲν
520 3740 765 3803 ποιῆσαι
791 3734 986 3799 Marc.
1016 3734 1118 3796 15.
1149 3732 1290 3796 15.:
1336 3732 1513 3815 cujus
1553 3730 1722 3796 vocis
1746 3728 2128 3815 significatio
2159 3728 2329 3812 apud
2356 3726 2398 3793 J
2403 3725 2522 3792 CC.
2549 3727 2928 3810 quaerenda.
2961 3726 3097 3792 No-

166 3822 434 3888 tandum
478 3822 963 3906 satisfactionem
1010 3819 1251 3885 Christi
1282 3841 1494 3904 saepe,
1534 3818 1741 3884 sinon
1766 3818 2140 3903 plerumque
2163 3817 2333 3901 apud
2362 3814 2722 3899 'theologos
2745 3816 2965 3880 stricte
2988 3838 3094 3881 ac-

168 3912 293 3996 cipi
338 3932 457 3996 pro
502 3916 693 3976 causa
741 3910 1089 3994 acquisitae
1113 3908 1539 3973 immunitatis
1564 3930 1673 3973 seu
1700 3906 2100 3971 liberationis
2131 3907 2171 3969 a
2193 3905 2412 3988 poenis
2435 3908 2868 3988 peccatorum3
2895 3906 2942 3971 a
2963 3925 3094 3970 me-

168 4002 369 4067 ritum
392 4022 509 4083 pro
533 4020 725 4064 causa
753 3998 1103 4083 acquisitae
1120 3997 1412 4082 justitiae
1436 3996 1702 4076 activae,
1729 3998 1776 4062 8⁶
1797 4016 1914 4079 per
1936 4016 2073 4059 eam
2093 3992 2257 4077 juris
2281 3993 2464 4080 [pag.
2489 3991 2654 4077 229]
2679 3992 2850 4057 vitae
2873 3997 3093 4058 aeter·—

168 4111 307 4154 nae.
357 4087 523 4154 Sunt
568 4088 763 4154 etiam
810 4088 1005 4173 (inter
1049 4108 1209 4170 quos
1254 4084 1571 4169 Amesius)
1619 4084 1729 4168 qui
1760 4087 1988 4148 notant
2032 4103 2225 4145 unam
2258 4082 2646 4164 eandemque
2669 4080 3095 4147 obedientiam

172 4176 413 4243 Christi
457 4176 939 4262 satisfactionem
989 4176 1113 4241 dici
1158 4175 1227 4240 in
1256 4175 1475 4239 ordine
1500 4174 1580 4237 ad
1602 4171 1831 4251 Deum,
1858 4172 2036 4255 cujus
2052 4169 2344 4253 justitiae
2373 4171 2420 4235 ἃ
2444 4169 2576 4254 legi
2599 4170 2861 4248 satisfit3
2886 4170 2934 4236 ἃ
2963 4192 3094 4236 me·

170 4267 389 4347 ritum,
414 4266 483 4331 in
506 4266 725 4331 ordine
748 4265 829 4331 ad
851 4287 989 4346 nos,
1021 4285 1137 4349 pro
1168 4263 1401 4348 quibus
1440 4261 1683 4346 aliquid
1709 4260 2092 4345 acquisitum
2131 4261 2248 4323 est.
2296 4257 2495 4327 Porro
2518 4279 2662 4323 cum
2685 4258 2986 4325 meritum
3010 4260 3097 4324 sit

3017 4370 3096 4413 ex

238 4521 281 4583 ι)
314 4520 467 4585 Resp.
505 4520 677 4571 Pmno
708 4518 987 4583 MONTANO,
1022 4514 1490 4567 Amstelo-Batavo.
1526 4512 1612 4563 Aa
1646 4513 1793 4563 diem
1827 4510 1913 4563 31.
1950 4510 2095 4575 Maji,
2131 4508 2294 4561 Anno
2333 4508 2478 4561 1650.
