3694 4871
2420 0 3659 137 ——ffi

389 334 636 400 D1sr.
682 330 812 399 VI.
860 332 980 397 De
1025 333 1732 399 Pnoraoamons
1779 330 2171 397 PnccA'n
2218 329 2791 395 On1o1nAL1s.
2936 332 3057 396 171

141 524 470 589 sistentiam
503 523 705 589 ullam
731 521 908 587 habet
924 544 945 586 .·
975 520 1083 587 sed
1105 520 1338 587 unione
1359 521 1444 585 ad
1467 539 1715 605 eorpus,
1754 517 1815 585 ἃ·
1838 531 2087 585 creatur
2115 514 2177 581 8.·
2201 518 2591 602 infunditur.
2639 518 2827 582 Docte
2852 516 3061 582 Athe-

141 632 402 697 nagoras
438 611 942 677 Christianorum
975 612 1230 696 leyatus.
1283 610 1426 675 Non
1470 610 1691 673 anima
1735 610 2024 674 animam
2069 607 2291 693 yiqnit,
2340 607 2446 671 sed
2491 606 2675 671 homo
2700 606 3016 671 hominem
3038 630 3059 671 .·

141 701 202 765 id
239 712 352 765 est.-
401 700 622 765 anima
647 720 722 764 ex
744 700 996 765 traduce
1017 699 1279 764 minime
1299 709 1407 776 est,
1431 719 1471 762 a
1501 709 1757 782 parente
1787 710 2017 776 tamen,
2042 717 2115 761 ea
2138 716 2361 779 nempe
2395 716 2590 783 quam
2601 696 2743 779 jam
2767 694 3049 760 diximus

140 790 390 854 ratione.
435 790 568 855 Hoc
595 810 635 853 a
665 787 906 872 Cyrillo
939 786 1372 851 Alexandrino
1397 788 1745 871 explicatur
1766 787 1978 871 fusius
2003 786 2110 851 ita.
2154 785 2536 850 Terrestium
2562 784 2895 848 hominum
2920 804 3057 849 ma-

139 890 267 959 tres,
309 890 587 943 naturae
630 878 715 943 ad
743 876 1176 961 yenerandum
1215 876 1618 960 famulantes,
1647 877 1716 939 in·
1739 886 1918 941 utero
1941 874 2192 961 quidem
2224 894 2479 938 carnem
2502 870 2727 937 habent
2744 873 3063 957 paulatim

141 970 538 1050 easy-zamam.
588 968 761 1033 Deus
797 978 1004 1031 autem
1028 964 1222 1049 foetui
1250 964 1565 1049 spiritum,
1601 966 1783 1029 modo
1807 985 1992 1051 quem
2018 963 2205 1037 novit,
2240 962 2535 1027 immittit.
2565 962 2672 1027 Est
2703 971 2911 1025 autem
2935 961 3067 1026 alia

141 1058 360 1135 onmis,
409 1057 538 1123 alia
591 1056 843 1121 animae
863 1055 1047 1119 ratio.
1111 1052 1339 1119 Verum
1364 1070 1570 1118 tamen
1603 1054 1735 1118 lieet
1759 1072 2098 1138 corporum
2122 1062 2371 1117 tantum
2400 1070 2561 1137 quae
2588 1072 2664 1115 ex
2696 1060 2866 1115 terra
2894 1062 3065 1128 sum,

144 1157 361 1210 ntatres
391 1148 586 1233 fiant.-
615 1156 890 1209 attamen
915 1155 1113 1209 totum
1145 1142 1480 1217 hominem,
1529 1143 1641 1228 qui
1671 1164 1750 1207 eoe
1770 1143 1994 1207 anima
2022 1139 2085 1206 est·
2106 1161 2361 1225 corpore
2381 1150 2634 1215 constat,
2660 1157 2794 1203 non
2818 1150 3066 1223 partem

143 1234 298 1301 itlius
325 1254 554 1319 parere
583 1234 900 1299 dicuntur.
953 1233 1162 1318 Neque
1183 1232 1354 1297 enim
1377 1232 1713 1318 quisquam
1737 1230 2059 1296 E'lizabeth
2090 1228 2499 1307 sarkotokon,
2546 1226 2609 1293 ἃ·
2632 1247 2761 1291 non
2788 1225 3065 1311 psucho-

141 1323 324 1387 tokon
349 1322 595 1388 dixerit.
642 1321 1074 1387 Aecommodat
1097 1321 1216 1386 ista
1239 1320 1324 1385 ad
1347 1320 1562 1405 ipsum
1593 1319 1914 1386 Christum
1938 1318 2255 1383 Pacianus
2288 1315 2769 1381 Barcilonensis.
2839 1316 3061 1383 Novis·

141 1411 309 1478 simis
337 1410 739 1495 temporibus,
787 1410 1069 1474 animam
1111 1410 1328 1496 utique
1347 1429 1491 1475 eum
1515 1429 1720 1487 carne,
1745 1409 1971 1493 aceepit
2002 1408 2306 1481 Christus,
2342 1428 2421 1469 ex
2443 1404 2651 1470 Maria
2671 1427 2686 1480 ;
2710 1404 2875 1470 Itane
2900 1404 3065 1469 venit

142 1502 372 1565 saltum
396 1501 615 1585 faeere,
641 1500 804 1565 hatte
827 1499 1006 1583 apud
1033 1499 1270 1583 inferos
1297 1518 1426 1563 non
1448 1498 1769 1583 relinquit,
1795 1498 1961 1562 hane
1984 1497 2249 1581 spiritus
2272 1515 2389 1561 suo
2412 1493 2763 1580 conjunxit,
2789 1491 2842 1559 ἃ
2877 1512 3065 1557 suam

145 1590 297 1675 see-it.
345 1590 546 1675 Atque
587 1600 659 1654 ut
683 1588 905 1653 anima
927 1587 1004 1653 ab
1029 1588 1272 1653 Adamo
1297 1588 1432 1671 ipso
1461 1598 1896 1671 propaqatur:
1940 1587 2028 1651 ita
2060 1586 2123 1653 ἃ·
2146 1595 2459 1669 peecatum
2496 1604 2685 1669 aeque
2716 1595 2901 1669 atque
2932 1601 3072 1646 eor-

139 1699 276 1763 pus,
319 1678 398 1743 ab
444 1678 691 1743 Adamo
731 1689 1064 1763 propaqat.
1113 1676 1314 1741 Adam
1361 1676 1584 1741 etenim
1605 1676 1890 1761 qenuisse
1932 1676 2094 1762 filios
2117 1674 2347 1739 dicitur
2368 1674 2439 1738 in
2464 1673 2733 1751 imaqine
2754 1692 2875 1737 sua
2902 1668 3059 1735 Gen.

147 1768 198 1829 5.
230 1768 290 1832 3.
337 1768 544 1851 imaqo
589 1776 798 1831 autem
830 1766 899 1831 in
928 1766 1150 1830 anima
1179 1776 1287 1843 est,
1335 1784 1464 1830 nort
1511 1784 1765 1849 corpore
1816 1765 1963 1829 solo.
2021 1763 2203 1845 Quod
2222 1763 2507 1847 qiqnitur
2529 1762 2570 1825 ὰ
2600 1780 2788 1826 earne
2808 1778 2954 1825 earo
2977 1771 3066 1824 est

144 1854 282 1919 Joh.
317 1858 378 1922 3.
403 1856 464 1919 6.
490 1875 637 1921 caro
665 1855 764 1919 hic
786 1852 848 1920 ἃ·
869 1854 1076 1938 ipsam
1099 1854 1414 1920 naturalis
1439 1854 1715 1919 hominis
1736 1854 2026 1918 animam
2050 1851 2532 1936 comprehendit.
2580 1848 2696 1913 VI.
2719 1847 2921 1934 probi.
2955 1845 3060 1911 An

147 1946 290 2009 satis
333 1947 627 2009 accurate
673 1946 712 2008 a
750 1942 994 2011 Polemo
1023 1962 1160 2027 cap.
1185 1944 1279 2007 cit.
1301 1962 1366 2025 p.
1396 1942 1544 2005 337.
1578 1946 1911 2025 peccatum
1934 1941 2246 2026 originale
2272 1939 2440 2023 quod
2472 1938 2725 2023 proprie
2756 1938 2802 2003 a
2827 1935 3065 2000 forma-

149 2033 284 2097 liter
325 2034 656 2117 peccatum
701 2035 819 2111 est,
858 2031 1104 2097 dicatur
1136 2031 1312 2116 prius
1345 2030 1562 2095 ordine
1595 2030 2027 2115 generationis
2058 2032 2105 2095 Sc
2127 2028 2433 2113 temporis
2458 2029 2558 2112 (ut
2584 2026 2868 2110 loquitur
2903 2023 3065 2089 Tho-

147 2142 278 2187 mas
319 2122 388 2186 in
409 2142 517 2208 qu.
551 2122 714 2205 disp.
742 2121 817 2185 de
835 2132 1079 2205 peceato
1103 2121 1330 2205 oriqin.
1356 2140 1461 2207 qu.
1489 2122 1551 2182 4.
1575 2120 1751 2184 artie.
1787 2119 1876 2203 3.)
1902 2119 2173 2183 existere
2196 2118 2265 2181 in
2290 2116 2550 2205 semine.
2598 2114 2687 2179 Et
2708 2136 2790 2178 an
2828 2112 2909 2177 ab
2936 2111 3067 2177 alio

149 2210 434 2295 theologo
481 2213 656 2274 recte
700 2209 950 2273 dicatur
995 2208 1171 2293 prius
1226 2208 1496 2273 existere
1543 2208 1610 2272 in
1636 2230 1895 2292 corpore
1933 2207 2065 2291 jam
2094 2206 2376 2271 animato
2400 2207 2447 2271 81
2471 2203 2695 2268 deinde
2720 2203 2789 2266 in
2814 2200 3064 2277 anima;

150 2298 325 2383 idque
371 2300 632 2383 propter
675 2296 842 2362 hanc
864 2298 1200 2377 rationem,
1233 2297 1386 2381 quia
1415 2319 1641 2381 corpus
1660 2318 1735 2360 ex
1768 2295 2009 2361 semine
2032 2294 2361 2359 immundo
2386 2291 2739 2376 concipitur
2764 2292 2810 2356 a
2840 2310 3068 2373 corpus

151 2391 288 2453 ante
329 2388 630 2453 unionem
679 2385 988 2452 infectum
1040 2390 1139 2451 est-
1185 2385 1498 2471 principio
1544 2386 1590 2452 a
1615 2384 2027 2470 dispositione
2060 2384 2333 2468 quadam
2359 2381 2633 2467 peccati3
2670 2379 2885 2445 anima
2914 2399 3066 2443 vero

151 2499 299 2562 pura
341 2480 380 2542 a
421 2475 562 2542 Deo
586 2479 856 2556 creatur,
889 2477 936 2541 ἃ,
967 2475 1147 2540 sicin
1177 2497 1452 2560 poenam
1474 2475 1721 2558 primae
1765 2472 2293 2560 transgressionis
2316 2475 2457 2535 tum
2488 2469 2768 2554 puritate
2794 2489 2911 2533 sua
2934 2466 3066 2552 pri-

153 2571 365 2631 vantur
386 2570 528 2630 tum
552 2564 831 2648 corporis
855 2564 1230 2650 contagione
1255 2563 1492 2628 infecta
1515 2563 1963 2647 corrumpitur.
2014 2564 2087 2630 R.
2140 2560 2289 2646 Neq.
2316 2559 2480 2636 Quia
2504 2559 2711 2623 varias
2737 2555 3065 2641 hypothe-

153 2675 246 2719 ses
285 2654 478 2720 falsas
511 2675 833 2719 assumere
858 2653 1148 2732 debeant,
1181 2673 1340 2737 quas
1365 2674 1558 2737 supra
1581 2651 1916 2734 reijcimuS,
1943 2659 1987 2714 &
2012 2649 2315 2734 sibiipsis
2340 2671 2414 2713 ac
2436 2647 2671 2712 nostris
2696 2643 3066 2711 orthodoxis

153 2741 450 2828 theologis
497 2742 944 2820 contradicere,
999 2741 1316 2826 siquidem
1347 2741 1428 2805 ad
1451 2741 1644 2806 finem
1667 2740 1832 2805 hanc
1856 2740 2072 2805 thesin
2106 2740 2289 2827 [pag.
2322 2737 2525 2822 1117]
2559 2756 2745 2800 suam
2764 2733 2934 2798 tueri
2958 2755 3065 2798 ve·

155 2831 280 2900 lint.
321 2831 458 2914 Ego
489 2834 712 2896 contra
755 2830 1164 2896 statuendum
1193 2834 1370 2916 puto.
1422 2831 1660 2905 Pn’mo,
1695 2830 2122 2913 adaequatum
2154 2829 2200 2894 a
2232 2826 2511 2911 primum
2536 2824 2891 2909 subjectum
2915 2844 3067 2905 pec·

155 2920 269 2984 cati
315 2942 450 2986 esse
495 2919 844 3000 hominem,
889 2941 1003 2985 seu
1045 2923 1252 2985 totum
1301 2918 1752 3002 compositum3
1799 2939 1929 2982 non
1952 2939 2101 2982 vero
2124 2915 2525 3001 sanguinem,
2552 2916 2665 2978 aut
2688 2933 2925 2991 semen,
2954 2913 3067 2974 aut

155 3007 583 3094 embryonem;
617 3029 778 3092 quae
803 3030 883 3073 ne
908 3007 1164 3092 quidem
1188 3007 1512 3086 animalia,
1538 3009 1651 3072 aut
1676 3006 1955 3072 viventia
1977 3009 2148 3085 sunt,
2194 3004 2428 3069 nedum
2454 3007 2527 3068 ut
2550 3002 2678 3066 sint
2702 2998 3069 3078 rationalia,

34 3107 36 3122 ²
157 3097 202 3162 ἃ
241 3097 432 3163 libero
485 3097 752 3162 arbitrio
796 3097 1107 3180 praedita,
1155 3100 1612 3180 consequenter
1639 3095 1949 3160 bonitatis
1998 3098 2113 3159 aut
2137 3092 2422 3158 malitiae
2447 3091 2729 3170 moralis,
2756 3109 2999 3173 poenae
3025 3089 3073 3154 8⁶

161 3187 406 3269 praemii
459 3185 738 3270 capacia.
783 3185 1086 3265 Secundo,
1134 3184 1356 3270 Ipsum
1379 3205 1607 3268 corpus
1639 3183 2013 3269 organicum
2038 3185 2085 3250 St
2107 3183 2359 3246 animae
2386 3180 2639 3244 unitum
2665 3177 2920 3263 proprie
2944 3197 3072 3242 non

159 3278 248 3338 est
291 3275 647 3360 subjectum
691 3274 970 3359 peccati:
1026 3274 1222 3338 immo
1267 3294 1349 3337 ne
1396 3273 1672 3357 quidem,
1706 3277 1977 3356 utraque
2006 3293 2155 3356 pars
2183 3268 2541 3335 essentialis
2567 3265 2761 3332 simul
2792 3269 3071 3348 sumpta,

159 3383 272 3427 non
313 3364 493 3429 unita
527 3362 592 3426 in
618 3367 916 3428 naturam
948 3364 995 3428 ἃ
1025 3361 1426 3447 suppositum
1448 3360 1822 3426 humanum.
1872 3360 1993 3425 Est
2017 3360 2187 3425 enim
2216 3379 2487 3444 persona
2509 3356 2801 3420 humana
2824 3353 3072 3431 subiec-

159 3454 282 3516 tum
311 3451 554 3537 peccati
577 3451 828 3537 proprie
855 3452 1113 3517 dictum.
1163 3449 1333 3516 Nam
1387 3450 1557 3535 quod
1602 3450 1919 3534 scriptura
1950 3449 2293 3534 aliquando
2319 3445 2567 3530 corpori
2595 3441 2826 3508 tribuit
2848 3461 3071 3526 pecca·

163 3543 284 3604 tum
329 3543 374 3607 a
419 3540 713 3626 partibus
745 3539 1172 3625 integralibus
1197 3539 1496 3623 corporis,
1520 3538 1682 3603 illud
1704 3539 2107 3623 incomplete‚
2134 3533 2605 3621 synecdochice,
2634 3534 2679 3599 a
2704 3529 3071 3616 improprie,

165 3629 414 3694 mediate
435 3631 482 3696 u
509 3650 624 3714 per
653 3628 826 3694 aliud
849 3628 1490 3713 intelligendum'est:
1514 3631 1828 3712 quatenus
1854 3627 2083 3692 scilicit
2106 3629 2317 3710 partes
2344 3622 2585 3688 suntin
2610 3624 2768 3700 toto,
2794 3621 2840 3685 a
2864 3621 3071 3684 totum

167 3718 557 3796 constituunt,
591 3717 660 3781 in
697 3739 822 3801 quo
845 3717 1212 3782 immediate
1250 3718 1296 3783 ἃ
1319 3739 1434 3800 per
1463 3739 1531 3782 se
1555 3720 1654 3782 est
1685 3718 2034 3801 peccatum.
2094 3713 2315 3792 Terti0,
2340 3710 2522 3788 Quod
2546 3710 2603 3775 si
2628 3706 2962 3774 dicendum
2986 3706 3073 3772 sit

169 3809 473 3887 peccatum
519 3805 641 3870 hoc
679 3829 793 3890 per
837 3805 1014 3890 prius
1061 3806 1268 3870 inesse
1317 3804 1612 3870 alterutri
1634 3805 1826 3889 parti,
1860 3803 2075 3889 potius
2099 3823 2246 3867 cum
2268 3799 2563 3865 omnibus
2591 3797 2725 3862 fere
2750 3794 3071 3880 theologis

171 3892 396 3959 animae
438 3894 560 3960 hoc
619 3894 1030 3960 tribuendum
1062 3916 1256 3979 quam
1303 3893 1576 3977 corpori:
1621 3893 1811 3977 idque
1844 3915 1921 3958 ex
1955 3893 2098 3977 lege
2122 3889 2619 3956 contrariorum:
2660 3886 2877 3971 imago
2903 3884 3075 3948 enim

171 3977 295 4061 Dei,
339 3983 669 4067 omnisque
715 3975 917 4048 virtus
964 3982 1326 4067 theologica
1357 3984 1470 4045 aut
1492 3981 1752 4047 moralis
1777 3982 1911 4046 sive
1936 3981 2006 4046 in
2028 3982 2175 4044 actu
2202 3979 2335 4043 sive
2360 3977 2428 4042 in
2446 3975 2673 4042 habitu
2704 3977 2817 4038 aut
2840 3971 3075 4057 princi·-

175 4069 264 4151 pio
284 4070 552 4136 elicitivo
583 4071 1000 4150 considerata,
1026 4092 1140 4155 per
1171 4070 1350 4154 prius
1373 4073 1471 4134 est
1491 4071 1558 4134 in
1593 4069 1826 4149 anima,
1853 4072 1898 4136 ἃ
1922 4068 2139 4134 nonin
2167 4087 2455 4151 corpore:
2485 4087 2638 4150 ergo
2664 4061 2836 4127 idem
2862 4060 3075 4126 dicen-

177 4156 306 4222 dum
351 4163 444 4224 est
489 4161 566 4225 de
613 4160 747 4244 ejus
795 4159 1107 4244 opposito,
1133 4163 1392 4242 peccato
1414 4158 1550 4223 scil.
1575 4159 1708 4224 sive
1733 4156 2038 4243 originali
2062 4157 2195 4221 sive
2226 4154 2484 4220 actuali.
2538 4155 2801 4237 Quarto,
2825 4150 3077 4216 nullum

179 4243 342 4311 datur
355 4248 588 4314 morale
603 4249 870 4328 malum,
894 4270 1006 4313 seu
1022 4251 1370 4332 peccatum,
1389 4247 1557 4333 quod
1572 4251 1826 4312 tantum
1847 4245 2209 4311 inchoativo
2227 4244 2311 4308 sit
2336 4244 2485 4324 tale,
2504 4263 2577 4307 ac
2598 4244 2855 4305 tantum
2872 4237 3077 4304 fomes

179 4335 412 4417 peccati,
435 4359 562 4402 non
595 4359 744 4402 vero
768 4336 1124 4402 formaliter
1147 4335 1232 4401 sit
1262 4336 1506 4400 malum
1538 4340 1650 4400 aut
1680 4337 2029 4420 peccatum.
2078 4331 2202 4398 Sed
2227 4331 2537 4417 quidquid
2562 4333 2659 4397 est
2682 4332 2937 4414 praeter
2959 4328 3075 4392 bo-

181 4441 313 4488 nnm
351 4426 605 4508 morale,
633 4428 748 4492 aut
771 4428 1008 4492 malum
1043 4426 1306 4505 morale,
1331 4427 1428 4490 est
1458 4447 1692 4510 purum
1722 4428 1953 4508 putum
1984 4421 2405 4507 adiaphorum
2438 4423 2485 4487 ἃ
2532 4422 2853 4498 neutrum,
2908 4417 3077 4568 qugd

3040 4525 3075 4568 e
