3694 4871
1214 551 2070 672 INDEX.

34 1295 47 1308 ⁶
167 1349 495 1412 Praefatio
503 1395 2638 1414 ....................
2759 1343 3102 1410 I—-XXIII

172 1513 535 1595 Disputatio
700 1514 743 1577 I.
838 1511 936 1576 De
985 1513 1229 1576 ratione
1278 1511 1557 1576 humana
1608 1513 1669 1574 in
1723 1512 1911 1574 rebus
1961 1511 2103 1574 fidoi
2203 1558 2881 1572 .......
3076 1508 3094 1566 1

176 1676 531 1759 Disputatio
663 1676 745 1739 ΙΙ.
839 1675 1178 1760 Quousque
1227 1701 1291 1740 se
1342 1678 1641 1740 extendat
1688 1674 2033 1740 auctoritas
2113 1677 2340 1739 Sacrae
2391 1674 2772 1756 Scripturae.
2872 1722 2885 1736 .
3035 1673 3109 1732 10

176 1839 532 1921 Disputatio
618 1839 737 1904 III.
833 1839 929 1903 De
979 1839 1114 1904 iure
1163 1846 1225 1905 eb
1277 1840 1525 1904 iustitia
1574 1839 1692 1903 Dei
1761 1886 2886 1905 ,,,,,,,,,,,
3028 1835 3109 1896 25

178 2000 533 2084 Disputatio
629 2000 742 2067 IV.
838 2002 931 2066 De
991 2005 1363 2067 necessitate
1412 2009 1475 2066 et
1526 2003 1809 2066 utilitato
1861 2004 2176 2084 dogmatis
2226 2002 2300 2062 (Ῑυ
2351 2003 2412 2064 S.
2457 2001 2522 2064 S.
2571 1999 2886 2062 Trinitato
3031 1999 3108 2060 74

176 2164 538 2247 Disputatio
683 2165 741 2230 V.
842 2167 942 2230 An
998 2167 1289 2230 Christus
1340 2191 1465 2250 qua
1515 2166 1828 2230 Mediator
1877 2166 1961 2228 sib
2009 2165 2363 2228 adorandus·
2430 2212 2443 2226 .
2541 2210 2553 2223 .
2653 2213 2664 2225 .
2762 2211 2775 2225 .
2875 2211 2886 2224 .
2993 2161 3111 2221 111³

174 2329 531 2410 Disputatio
646 2329 739 2394 Vl.
836 2329 929 2391 De
980 2329 1437 2414 propagatione
1490 2331 1726 2413 peceati
1780 2329 2116 2410 originalis
2207 2378 2218 2390 .
2320 2377 2332 2389 .
2430 2377 2440 2388 .
2541 2374 2554 2389 .
2650 2372 2662 2384 .
2762 2374 2773 2386 .
2873 2372 2886 2386 .
2993 2323 3100 2383 1-11

176 2495 537 2577 Disputatio
624 2492 749 2558 VII.
844 2493 1249 2559 Problemata
1300 2497 1375 2558 de
1425 2495 1648 2559 merito
1700 2495 1936 2559 Chris-bi
1985 2542 2000 2557 .
2101 2546 2112 2558 .
2167 2578 2186 2591 ·
2211 2539 2890 2556 .......
2993 2490 3113 2552 173

180 2657 539 2739 Disputatio
590 2660 747 2723 VIII.
844 2657 937 2721 De
988 2681 1257 2741 persona
1307 2659 1545 2722 Christi
1596 2657 1968 2721 Mediaboris
1989 2701 2891 2721 .........
2989 2653 3114 2713 218

178 2820 541 2903 Disputatio
649 2822 750 2885 IX.
847 2819 943 2885 De
992 2825 1165 2885 statu
1214 2822 1557 2887 electorum
1606 2825 1752 2885 aute
1802 2820 2284 2885 conversionem
2323 2862 2892 2883 ......
2988 2816 3114 2877 247

180 2986 543 3069 Disputatio
680 2984 757 3051 X.
851 2984 949 3049 De
996 2984 1477 3070 regeneratione
1526 3029 2779 3049 ............
2848 3029 2892 3052 ,.
2988 2978 3108 3042 271

182 3148 545 3231 Disputatio
640 3148 749 3213 XI.
844 3148 941 3211 De
990 3147 1321 3211 Sabbatho
1374 3152 1437 3211 et
1487 3146 1691 3210 Pestis
1792 3190 2470 3209 .......
2659 3192 2673 3205 .
2769 3192 2782 3206 .
2883 3192 2895 3206 .
2992 3143 3117 3205 299

184 3312 547 3396 Disputatio
624 3313 756 3377 XII.
853 3310 949 3374 De
996 3310 1165 3395 Lege
1214 3316 1277 3373 et
1328 3309 1683 3394 Euangelio
1768 3358 1784 3373 .
1881 3359 1892 3371 .
1992 3357 2004 3369 .
2104 3358 2117 3371 .
2217 3357 2228 3370 .
2327 3358 2338 3369 .
2436 3353 2451 3369 .
2545 3354 2560 3369 .
2659 3356 2672 3369 .
2772 3354 2784 3367 .
2880 3354 2895 3368 .
2993 3306 3114 3366 :sl-1

182 3474 381 3539 Index
437 3521 455 3539 .
551 3524 563 3537 .
662 3525 673 3537 .
773 3524 787 3538 .
884 3522 898 3537 .
996 3523 1009 3537 .
1108 3524 1121 3537 .
1220 3523 1232 3536 .
1334 3523 1345 3536 .
1442 3522 1453 3535 .
1553 3522 1564 3534 .
1664 3522 1675 3534 .
1774 3518 1788 3533 .
1886 3519 1899 3533 .
1998 3519 2010 3533 .
2111 3520 2123 3533 .
2223 3521 2234 3533 .
2335 3520 2346 3533 .
2443 3519 2456 3534 .
2556 3519 2567 3532 .
2667 3518 2678 3530 .
2776 3517 2789 3531 .
2885 3513 2901 3529 .
2992 3466 3118 3528 :2176

1462 4314 1883 4380 FINIS.
