3694 4871
418 337 636 403 Dlsr.
684 337 768 403 V.
816 337 925 402 Au
971 337 1365 402 Cnalsrus
1412 359 1548 411 αυΑ
1596 336 2018 401 Manum-oa
2065 358 2181 399 sm
2239 339 2752 399 AnoaAunus?
2934 333 3058 397 123

126 525 303 603 ratio,
350 526 537 610 eique
582 526 941 609 adaequata
988 528 1085 589 est
1127 525 1249 588 hoc
1296 527 1412 600 est,
1458 523 1557 586 illi
1600 523 1745 601 soli,
1794 521 1990 599 omni,
2046 523 2092 587 ἃ
2123 543 2374 604 semper
2394 519 2717 604 competit.
2767 519 2828 583 5.
2856 517 3047 582 Ratio

126 613 407 679 formalis
438 614 615 698 prior
645 618 741 678 est
772 615 839 678 in
879 614 1077 679 stanti
1118 616 1406 690 naturae,
1446 612 1642 676 etiam
1680 611 1868 695 signo
1903 609 2170 674 rationis
2213 632 2280 673 re
2305 610 2419 673 illa
2444 609 2522 673 ad
2545 631 2736 692 quam
2752 601 3046 680 refertur:

125 703 267 787 quia
282 703 417 767 scil.
437 706 485 768 a
502 706 816 785 quatenus
844 725 945 776 res
963 703 1076 766 illa
1095 705 1132 766 a
1151 701 1397 767 ratione
1414 699 1672 764 formali
1690 698 2226 783 dependet,inque
2247 721 2322 762 ea
2340 697 2663 761 fundatur.
2686 697 2865 782 [pag.
2884 695 3047 779 529]

206 789 325 855 His
356 791 584 875 positis
608 792 952 856 statuimus
976 791 1142 856 hanc
1156 789 1429 854 thesim:
1469 790 1789 854 Christum
1821 789 1952 873 quiz
1966 788 2390 861 mediatorem,
2407 808 2516 851 scu
2529 785 2642 852 sub
2659 786 2772 850 hoc
2787 785 3051 868 formale

125 883 243 966 qud
253 881 814 958 mediatorestmon
823 875 2110 952 essendorabilemaveladorandquuam
2121 876 2552 959 probabimus,
2580 875 2636 937 1.
2657 870 3052 958 argumentis

126 969 389 1034 directis.
442 971 502 1031 2.
529 969 610 1033 ab
644 970 918 1034 absurdo
941 967 1372 1052 consequenti.
1413 969 1473 1030 3.
1506 966 1800 1050 Denique
1824 965 2235 1048 subjiciemus
2259 962 2626 1028 testimonia
2651 962 2945 1038 aliorum,
2974 959 3052 1024 ad

126 1057 573 1122 ostendendum
590 1056 1393 1142 consensum.Argumenta
1408 1055 1647 1120 directa
1662 1058 1813 1120 sunt
1824 1055 2036 1138 primo
2053 1075 2130 1116 ex
2147 1055 2378 1116 natura
2393 1050 2683 1134 subjecti.
2695 1050 2726 1114 1
2738 1049 3054 1115 .Christus

127 1147 419 1210 adoratur
435 1151 565 1210 una
582 1149 927 1234 eademque
946 1146 1312 1210 adoratione
1329 1167 1474 1210 cum
1497 1147 1681 1229 patre
1698 1146 1745 1210 δι
1761 1141 1928 1226 Spir.
1955 1139 2021 1208 S.
2049 1144 2177 1225 qua
2201 1141 2499 1217 ὀμοοὺσιος
2519 1138 2714 1204 Deus:
2736 1138 2913 1223 Ergo
2930 1159 3053 1202 non

128 1237 417 1300 adoratur
439 1235 630 1299 aliter
660 1240 760 1304 vel
783 1240 901 1304 sub
926 1234 1053 1316 alio
1077 1234 1332 1298 formali
1358 1256 1471 1297 suo
1496 1237 1625 1317 qua
1640 1232 1971 1297 mediator.
1999 1229 2080 1294 ΙΙ.
2109 1229 2274 1306 Quia
2296 1227 2582 1298 seorsim.
2602 1231 2732 1312 qua
2745 1226 3058 1292 mediator

128 1347 227 1388 seu
278 1324 625 1388 secundum
649 1327 987 1403 ofxovopczxv,
1014 1346 1139 1386 non
1165 1326 1261 1386 est
1286 1322 1575 1387 absolute
1600 1343 1886 1386 summus
1910 1322 1956 1386 ἃ
1979 1318 2255 1404 ρώπως
2283 1317 2394 1383 sed
2418 1316 2554 1382 Deo
2581 1315 3054 1392 subordinatum

130 1413 201 1477 ab
226 1435 296 1477 eo
320 1412 704 1496 dependenS,
731 1431 804 1473 eo
828 1409 1035 1476 minor
1059 1413 1106 1476 a
1131 1411 1262 1475 infe
1278 1412 1413 1484 :ior,
1437 1411 1495 1475 ei
1518 1409 1896 1495 inaequalia,
1923 1408 2058 1492 ejus
2083 1430 2301 1472 servus
2327 1406 2425 1471 &a
2460 1406 2516 1469 1.
2549 1407 2688 1472 Gor.
2719 1405 2820 1468 11.
2850 1405 2909 1467 3.
2935 1404 3056 1468 les,

131 1502 302 1566 421.
330 1502 644 1567 Chamier.
676 1499 1075 1565 panstratiae
1119 1507 1266 1566 lom.
1310 1501 1369 1562 2.
1395 1499 1498 1565 lib.
1530 1502 1587 1564 1.
1612 1521 1663 1564 c.
1688 1499 1750 1563 4.
1776 1500 1823 1564 8ο
1849 1496 2086 1582 passim
2117 1493 2582 1581 Antagonistae
2614 1492 3054 1558 Socianorum.

132 1589 291 1676 Ergo
314 1595 388 1655 ut
412 1589 505 1655 sic
522 1613 648 1654 non
674 1589 991 1653 adoratur.
1018 1589 1486 1672 Consequentia
1511 1587 1770 1671 majoris
1784 1590 1982 1670 patet:
2001 1585 2156 1669 quia
2173 1583 2382 1666 minus
2400 1582 2557 1660 Deo,
2575 1581 2912 1666 inaequale
2927 1603 3054 1645 non

132 1680 421 1744 adoratur
467 1678 765 1763 religiose
818 1683 944 1760 qua
988 1701 1099 1742 seu
1124 1678 1191 1742 in
1217 1681 1529 1760 quantum
1560 1676 1771 1741 minus
1794 1674 1934 1739 Deo
1964 1676 2012 1740 a
2035 1673 2094 1737 ei
2117 1672 2490 1757 inaequale:
2518 1669 2722 1756 Atqui
2755 1668 3057 1746 mediare,

134 1767 439 1840 mediatio,
498 1767 828 1843 mediator,
879 1768 955 1830 de
999 1767 1247 1830 ratione
1294 1769 1409 1830 sua
1452 1765 1709 1830 formali
1753 1762 2042 1841 includit,
2081 1761 2438 1845 subjectum
2462 1782 2621 1839 esse,
2655 1759 2869 1824 minus
2895 1780 3055 1836 esse,

133 1857 617 2010 zssssssffll‘ifsss
624 1905 637 1931 '
652 1851 3056 2027 <33333&J}⁹3.{tassz'ffifflssfflssiassffiz‘ft3331132235‘3335353232¹2.

137 2034 475 2112 cellentia-e,
524 2032 879 2117 majestatis
916 2032 963 2096 ἃ
987 2033 1229 2118 gloriae
1254 2055 1585 2116 supremae
1611 2035 1803 2116 atque
1830 2028 2140 2106 infinitae,
2165 2027 2328 2092 illud
2350 2048 2477 2091 non
2510 2030 2608 2092 est
2630 2025 3056 2090 adorandum:

136 2121 247 2186 Sed
288 2121 351 2185 in
379 2121 639 2186 Christo
662 2124 791 2206 qua
822 2121 1167 2186 mediatore
1190 2143 1317 2184 non
1342 2124 1441 2184 est
1463 2121 1594 2184 tale
1616 2119 2106 2184 fundamentum
2129 2115 2230 2182 ac.
2257 2115 2454 2200 Ergo.
2489 2114 2802 2180 Probatur
2823 2113 3056 2177 minor.

139 2209 269 2274 Non
316 2211 489 2274 enim
538 2209 851 2274 credimus
897 2209 1137 2274 Christi
1184 2209 1567 2293 peculiarem
1612 2206 2056 2274 mediatoriam
2102 2205 2396 2290 gloriam,
2423 2226 2558 2269 esse
2581 2202 2855 2288 gloriam
2877 2201 3059 2265 illam

140 2299 411 2364 absolute
456 2320 820 2382 supremam
845 2298 892 2362 ἃ
917 2301 1073 2382 pure
1098 2297 1400 2374 divinam,
1425 2297 1533 2362 sed
1559 2297 1640 2362 ab
1663 2300 1740 2361 ea
1764 2295 2150 2373 distinctam,
2175 2297 2250 2357 ut
2272 2293 2513 2376 optime
2537 2296 2756 2357 contra
2786 2311 3062 2375 quorun·

142 2388 271 2453 dam
312 2387 753 2453 confusionem
796 2389 842 2454 δῦ
868 2386 1363 2452 transfusionem
1386 2385 1850 2471 proprietatum
1875 2383 2234 2449 divinarum
2259 2380 2922 2468 (communicationem
2951 2399 3063 2444 vo-

142 2482 273 2541 cant
294 2476 445 2560 ipsi)
471 2478 633 2541 haec
664 2480 703 2540 a
725 2477 959 2541 nostris
982 2476 1486 2561 distinguuntur,
1512 2476 1679 2541 inter
1702 2474 1863 2539 alios
1895 2478 1934 2539 a
1960 2475 2199 2539 Polam
2221 2472 2476 2558 Symaq.
2503 2471 2609 2537 lib.
2632 2472 2694 2535 2.
2719 2490 2856 2554 cap.
2882 2469 2990 2532 31.
3018 2469 3064 2533 δι
3197 2470 3208 2479 ’

147 2566 497 2653 Polyandro
543 2568 613 2630 in
632 2566 849 2649 primci
871 2578 1125 2630 concert.
1150 2586 1286 2649 cap.
1311 2566 1416 2629 21.
1443 2563 1512 2629 Si
1537 2564 1707 2629 enim
1738 2584 2101 2647 supremam
2126 2564 2173 2628 δι
2195 2560 2478 2625 divinam
2501 2560 2773 2645 gloriam
2796 2557 3068 2622 haberet

144 2658 258 2736 qua
297 2656 631 2727 mediator,
656 2654 817 2718 illud
839 2652 1108 2719 haberet
1129 2654 1225 2717 vel
1253 2658 1551 2717 naturam
1570 2652 1673 2717 vel
1704 2674 1818 2736 per
1850 2650 2127 2735 gratiam
2161 2648 2434 2714 unionis.
2458 2648 2582 2713 Sed
2606 2670 2720 2732 per
2743 2651 3065 2711 neutrum.

142 2740 301 2828 Ergo
330 2766 457 2808 non
476 2743 837 2827 judicamus
861 2742 1186 2808 Christum
1212 2745 1340 2826 qua
1360 2741 1559 2805 talem
1588 2762 1723 2805 esse
1756 2740 2148 2805 adorabilem
2179 2737 2546 2804 adoratione
2569 2736 2802 2800 divina.
2855 2733 3066 2798 Debet

146 2832 299 2896 enim
340 2854 481 2898 esse
508 2832 555 2897 ἃ
579 2853 828 2914 semper
852 2832 1091 2895 servari
1115 2830 1439 2915 proportio
1469 2830 1639 2894 inter
1660 2828 1967 2893 honorem
1990 2829 2038 2893 a
2061 2825 2644 2903 honorabilitatem,
2668 2824 2840 2888 inter
2864 2822 3064 2887 aesti-

146 2919 474 2985 mationem
522 2922 569 2987 ἃ
598 2920 768 2984 inter
796 2918 1239 2984 excellentiam
1270 2942 1382 2984 seu
1406 2918 1710 2983 virtutem
1734 2940 1896 3001 quae
1928 2916 2323 2994 aestimatur,
2358 2918 2430 2978 ut
2462 2916 2630 2978 recte
2655 2913 3067 2977 observatum

148 3011 181 3071 a
218 3009 601 3075 Scholasticis
640 3010 725 3073 ad
771 3010 831 3070 2.
884 3029 989 3093 qu„
1038 3008 1142 3071 25.
1192 3018 1313 3072 art.
1352 3009 1409 3073 1.
1433 3008 1481 3072 δι
1506 3007 1827 3091 Smiylecio
1857 3007 1928 3070 in
1957 3005 2136 3071 novis
2159 3004 2461 3069 monstris
2485 3022 2701 3069 novor.
2730 3002 3063 3067 Arrianor.

149 3094 250 3161 lv,
296 3096 459 3173 Quia
504 3121 632 3162 non
675 3102 771 3160 est
814 3096 1133 3179 objectum
1180 3096 1449 3161 formale
1472 3095 1619 3160 fidei
1652 3099 1779 3180 qua
1810 3094 2139 3173 mediator,
2167 3114 2319 3178 ergo
2344 3095 2472 3177 qua
2494 3091 2646 3157 talis
2671 3113 2799 3156 non
2828 3093 2926 3155 est
2949 3088 3066 3153 ob-

145 3184 363 3266 jectum
406 3186 679 3251 formale
704 3184 1111 3250 adorationis·
1138 3184 1606 3269 Consequentia
1629 3183 1888 3268 majoris
1912 3187 2088 3268 patet
2115 3205 2192 3246 ex
2218 3183 2486 3249 Roman.
2513 3180 2615 3243 10.
2641 3202 2700 3244 υ.
2735 3179 2830 3241 14.
2860 3176 3071 3242 Minor

150 3274 459 3355 probatur,
510 3276 662 3358 quia
708 3278 836 3357 qua
881 3274 1193 3340 mediator
1239 3296 1364 3338 non
1412 3276 1509 3337 est
1548 3274 1828 3357 primum
1854 3272 2136 3337 efficiens
2169 3270 2216 3337 ἃ
2238 3270 2504 3334 ultimus
2529 3268 2696 3347 finis,
2723 3268 3000 3353 primum
3025 3267 3072 3331 St

155 3383 453 3428 summum
503 3385 722 3428 verum
772 3385 845 3427 ac
875 3363 1112 3428 bonum
1156 3362 1499 3440 infinitum,
1540 3366 1892 3441 aeternum,
1926 3363 2025 3426 διο.
2053 3381 2169 3425 nec
2191 3359 2435 3443 primus
2460 3361 2506 3424 8ο
2531 3379 2864 3442 supremus
2888 3358 3074 3419 autor

154 3472 252 3513 seu
294 3474 485 3517 causa
518 3452 798 3516 efficiens
835 3452 1041 3516 omnis
1077 3452 1230 3516 boni
1278 3450 1323 3515 δι
1347 3450 1603 3515 salutis:
1653 3451 1762 3515 sed
1796 3453 1894 3515 est
1923 3472 2115 3514 causa
2159 3447 2424 3513 inferior
2453 3450 2590 3511 tum
2617 3442 3076 3530 procatarctica

158 3560 255 3603 seu
278 3540 637 3616 meritoria3
672 3544 809 3603 tum
834 3539 1361 3617 instrumentaliS‚
1386 3540 1433 3604 a
1457 3540 1577 3603 hac
1606 3538 1852 3603 ratione
1875 3538 2142 3602 collator
2163 3537 2476 3601 bonorum
2501 3535 2568 3599 in
2593 3536 2771 3619 cujus
2796 3531 3074 3608 nomine,

53 3678 55 3681 ,
160 3648 261 3707 per
306 3652 495 3713 quem
544 3631 591 3695 δι
642 3632 905 3713 propter
949 3650 1136 3711 quem
1179 3628 1497 3692 tendimus
1546 3628 1614 3691 in
1661 3649 1982 3692 summum
2028 3626 2288 3704 bonum,
2313 3624 2521 3691 Deum
2551 3623 2685 3688 scil.
2711 3623 2905 3706 inque
2929 3642 3076 3685 eum

160 3716 471 3793 credimus,
491 3718 557 3781 in
585 3739 658 3781 eo
683 3739 1035 3801 speramuS,
1060 3740 1205 3782 eum
1230 3716 1497 3781 colimus
1524 3717 1705 3803 [pag.
1728 3715 1889 3801 530]
1918 3717 1964 3781 a
1997 3714 2331 3779 adoramus
2357 3714 2632 3779 doh-ann.
2669 3712 2768 3775 14.
2797 3712 2860 3774 6.
2879 3708 3077 3773 Porro

164 3822 307 3895 quae
351 3807 427 3871 de
478 3806 664 3871 unico
712 3804 968 3870 formali
1014 3807 1061 3871 St
1108 3806 1409 3870 ultimato
1430 3806 1679 3889 objecto
1710 3804 1857 3868 fidei
1883 3825 1957 3868 ac
1979 3802 2248 3868 fiduciae
2271 3802 2378 3867 hic
2401 3801 2746 3879 innuimus,
2773 3798 3014 3885 passim
3039 3801 3078 3861 a

162 3894 376 3958 nostris
404 3895 498 3959 ita
530 3894 847 3979 explicata
877 3894 1163 3960 invenies
1185 3894 1253 3958 in
1276 3892 1831 3977 Disputationibus
1861 3892 1940 3958 de
1964 3892 2293 3976 Reliyione,
2317 3891 2393 3955 de
2411 3891 2779 3975 precatione,
2802 3889 2877 3954 de
2899 3888 3079 3953 invo-

164 3981 376 4048 catione
403 3996 867 4061 ereaturarum,
892 3984 967 4049 de
987 3984 1130 4071 fide,
1155 3986 1201 4049 a
1225 3984 1303 4049 de
1330 3983 1585 4069 analysi
1627 3982 1794 4135 fidei,
1820 3982 1896 4047 de
1917 4002 2026 4067 spe
2054 3981 2167 4047 Rc.
2193 3978 2274 4043 V.
2311 3979 2474 4056 Quia
2497 3979 2684 4044 unica
2705 3980 2959 4043 tantum
2981 3978 3081 4040 est

167 4070 313 4134 ratio
332 4071 621 4137 formalis
646 4073 951 4155 cujusque
974 4072 1087 4148 rei3
1115 4092 1268 4158 ergo
1292 4070 1339 4137 8z
1362 4070 1623 4135 adorabi
1649 4070 1776 4135 itas
1800 4069 2064 4148 Christi,
2090 4068 2292 4133 deitas
2317 4069 2577 4147 scilicet,
2601 4090 2717 4132 nec
2732 4066 3080 4151 quidquam

170 4164 396 4239 praeter
442 4162 671 4246 ipsam.
716 4158 889 4225 Nam
936 4161 1124 4226 unica
1176 4160 1291 4225 illa
1335 4160 1502 4225 ratio
1548 4159 1864 4239 formalis,
1912 4162 2027 4224 aut
2071 4162 2169 4223 est
2200 4162 2432 4223 natura
2456 4156 2691 4235 divina,
2717 4159 2831 4219 aut
2851 4159 3084 4219 natura

168 4242 447 4328 humana,
471 4255 585 4315 aut
608 4253 880 4335 utraque
905 4254 1019 4313 aut
1040 4250 1409 4335 adjunctum
1432 4249 1689 4334 aliquod
1713 4271 1821 4314 seu
1857 4248 2086 4313 relatio
2110 4268 2186 4311 ex
2209 4246 2507 4329 operibus
2532 4248 2579 4312 a
2596 4243 2825 4310 officiis
2842 4242 3081 4307 utrius-

172 4354 280 4416 que
297 4342 559 4405 naturae
581 4339 919 4404 resultans.
970 4336 1113 4403 Non
1144 4341 1377 4403 natura
1406 4338 1705 4417 humana,
1731 4337 1853 4402 hoc
1877 4336 2045 4401 enim
2071 4334 2299 4400 nolunt
2321 4338 2370 4394 οἱ
2397 4332 2461 4413 ἐξ
2483 4333 2744 4402 ἐναντίας
2767 4354 2881 4397 nec
2903 4335 3082 4396 utra-

172 4441 299 4505 que,
322 4447 467 4494 nam
489 4432 629 4497 tum
651 4426 849 4494 etiam
870 4426 1155 4493 humana
1176 4430 1347 4493 esset
1374 4428 1540 4493 ratio
1570 4425 1896 4494 formalis:
1921 4447 2038 4491 nec
2061 4423 2428 4509 adjunctum
2453 4445 2565 4487 seu
2589 4420 2818 4489 relatio
2841 4419 3086 4489 media-

2903 4505 3084 4586 toris,
