3694 4871
622 349 706 412 20
1308 349 2233 428 DisP.II.QuousQu1=:
2282 376 2370 418 sn
2416 373 2867 418 exinansw

619 536 935 600 imitanda
959 549 1360 620 proponunt:
1411 538 1520 602 illa
1553 539 1816 604 minime
1838 563 1863 616 ;
1886 539 2041 624 quia
2063 541 2279 605 sunta
2300 542 2489 618 mato,
2518 552 2583 605 ut
2607 540 2732 624 ipsi
2754 541 2836 604 ibi
2856 540 3156 623 latentur,
3182 539 3341 604 dum
3360 560 3437 604 ea
3463 561 3545 604 re-

604 625 844 707 jiciunt
872 622 934 690 a
956 625 1395 691 condemnant.
1448 626 1590 694 Non
1619 629 1824 712 maqis
1849 649 1994 710 erqo
2018 629 2197 694 nobis
2219 630 2529 694 autentica
2550 641 2700 693 sunt
2724 649 2951 693 norma
2972 629 3119 715 fidei
3137 649 3245 693 seu
3268 629 3545 714 fiduciae,

619 715 769 795 spei,
795 714 1091 792 caritatis,
1115 716 1471 798 patientiae,
1498 717 1883 781 constantiae
1906 716 2015 782 ‹tt-c.
2042 739 2235 803 quam
2264 719 2452 783 Mosis
2474 716 2827 804 infidelitas,
2850 717 3119 782 Dav-ielis
3144 717 3543 793 adulterium,

621 801 816 867 Pauli
837 801 1174 868 abundans
1203 815 1519 887 peccatum
1547 802 1734 874 Rom.
1787 807 1844 869 7.

707 889 888 956 VIII.
939 892 1127 956 Anna
1151 903 1350 957 mater
1373 893 1684 958 Samuelis
1711 915 1798 958 an
1821 895 2015 980 fuerit
2040 896 2457 972 θεόπνευστος,
2484 895 2735 979 ejusque
2748 894 3057 958 canticum
3076 895 3273 978 (quod
3296 893 3543 959 habetur

617 976 668 1043 I.
695 977 867 1043 Sam.
895 980 985 1062 2.)
1013 978 1206 1064 Resp.
1237 981 1333 1046 De
1355 983 1610 1059 canticO,
1642 983 1811 1067 quod
1850 985 1891 1046 ἁ
1938 983 2109 1067 Spir.
2135 983 2343 1047 Sanct.
2375 982 2735 1066 Scripturae
2763 981 2825 1046 ἃ·
2853 983 3093 1046 Canoni
3116 983 3425 1048 insertum
3444 995 3539 1058 est,

615 1069 835 1134 nullus
879 1067 1112 1133 dubito.
1164 1068 1287 1136 Sed
1331 1072 1501 1135 ultra
1546 1071 1927 1156 disquiritur
1980 1073 2200 1136 anilla
2230 1071 2316 1136 ad
2346 1075 2549 1137 solum
2576 1073 2881 1136 dictamen
2907 1071 3077 1137 illius
3106 1072 3330 1135 cantici
3358 1071 3537 1155 {uerit

619 1158 1043 1236 θεόπνευστος,
1089 1179 1180 1224 an
1221 1179 1366 1222 vero
1385 1163 1682 1243 perpetuo
1707 1161 2183 1245 quotiescunq-ue
2206 1160 2280 1224 de
2307 1160 2485 1225 rebus
2509 1161 2741 1224 divinis
2762 1160 2937 1242 apud
2960 1159 3243 1224 homines
3274 1160 3537 1245 loquere·

618 1258 741 1312 tur.
792 1249 920 1330 qu
972 1247 1194 1311 malim
1243 1247 1545 1312 inclinare
1591 1249 1662 1312 in
1719 1248 1844 1312 Aff.
1886 1247 1949 1312 ἃ·
1972 1250 2169 1313 dicere
2188 1269 2329 1312 eam
2351 1249 2546 1333 sitisse
2570 1250 2800 1332 spiritu
2818 1248 3177 1332 prophetico
3207 1247 3269 1312 ἃ·
3301 1250 3535 1332 infalli-

617 1335 726 1403 bili
745 1337 1068 1410 donatam,
1099 1336 1157 1399 si
1178 1355 1310 1400 non
1333 1348 1496 1415 ante,
1521 1338 1738 1402 saltem
1770 1336 1849 1401 ab
1883 1338 1989 1401 illo
2023 1349 2313 1422 tempore.

705 1423 818 1488 IX.
866 1426 966 1489 An
1011 1421 1074 1489 st
1117 1426 1427 1510 quomodo
1471 1425 1634 1490 dieta
1680 1427 1858 1510 Ayur
1902 1427 2021 1513 filii
2074 1427 2217 1490 lake
2264 1425 2587 1504 (Proverb.
2644 1425 2774 1504 30.)
2800 1425 2927 1490 sint
2956 1427 3267 1490 autentica
3292 1427 3325 1488 ?
3356 1423 3535 1508 Resp.

616 1513 777 1579 Sunt
822 1514 932 1599 qui
979 1523 1284 1588 statuunt,
1331 1515 1598 1579 nomina
1645 1514 1792 1579 haec
1820 1536 1947 1579 8338
1992 1515 2391 1599 appellativa,
2438 1516 2564 1578 sive
2600 1515 2881 1598 epitheta,
2908 1512 3138 1598 quibus
3168 1513 3537 1578 describatur

615 1601 954 1668 Salomon.-
999 1602 1309 1686 quomodo
1339 1602 1674 1686 epithetum
1724 1604 2114 1668 Ecclesiastac
2166 1614 2343 1667 notat
2374 1616 2657 1669 autorem
2704 1603 2847 1668 libri
2870 1603 3129 1666 secundi
3150 1602 3537 1666 Salomoniei.

614 1691 740 1756 Alii
784 1691 1034 1755 malunt
1079 1690 1293 1769 dicere,
1341 1712 1469 1755 esse
1505 1711 1846 1776 personam
1895 1691 2339 1768 introductam,
2370 1713 2566 1777 quam
2604 1693 2775 1776 loqu-i
2818 1691 3009 1775 faciat
3034 1689 3370 1755 Saloniani:
3393 1690 3537 1754 haut

613 1779 794 1844 aliter
843 1799 918 1843 ac
969 1777 1155 1842 Plato
1210 1779 1276 1842 in
1323 1778 1593 1864 dialogis
1622 1781 1955 1859 Socratem,
2012 1782 2337 1866 Cratylum
2374 1779 2487 1845 stc.
2536 1780 2849 1844 Minutius
2877 1778 3063 1842 Felix
3100 1780 3451 1852 Octaviu-m3
3482 1777 3535 1842 ἃ·

613 1867 972 1933 recentiores
1017 1868 1366 1950 scriptores,
1416 1866 1668 1952 Lipsius
1715 1869 1782 1932 in
1837 1868 2229 1945 Constantia,
2280 1867 2747 1945 SaturnalibuS,
2774 1867 2849 1932 de
2875 1867 3389 1950 pronuntiatione
3422 1867 3533 1930 lin-

616 1977 783 2040 guae
834 1956 1072 2019 latinae
1117 1955 1218 2020 Suc.
1268 1976 1418 2020 suos
1455 1958 1685 2021 amicos
1707 1956 1769 2022 st*
1791 1959 2117 2042 sapientes.
2166 1959 2292 2024 Alii
2313 1969 2570 2034 censent,
2598 1977 2726 2021 non
2750 1977 2875 2020 csse
2898 1957 3047 2020 haec
3063 1956 3245 2019 verba
3266 1955 3531 2020 &lomo—

613 2046 739 2123 nis,
779 2045 886 2109 sed
909 2045 1032 2109 viri
1047 2044 1346 2128 sapientis
1375 2041 1439 2108 Bc
1465 2046 1824 2129 Prophetae,
1854 2047 1965 2131 qui
1988 2047 2095 2111 illo
2126 2058 2395 2131 tempore
2416 2047 2649 2132 floruit.
2681 2044 2991 2128 Quaelibet
3018 2045 3533 2128 interpretationes

613 2154 762 2200 suos
809 2133 1028 2198 habent
1074 2145 1320 2200 autores
1337 2157 1358 2198 .·
1411 2155 1686 2219 quorum
1733 2137 2069 2202 sententias
2114 2137 2251 2199 vide
2296 2136 2607 2219 empositas
2638 2132 2701 2198 ἃ·
2722 2133 3019 2217 probatas
3044 2133 3115 2196 in
3138 2137 3529 2196 commentar.

613 2221 780 2288 Corn
825 2225 864 2286 ὲ,
907 2221 1167 2305 Lapide.
1218 2222 1376 2287 Mihi
1395 2235 1710 2304 postrema
1755 2225 2061 2289 sententia
2106 2243 2239 2288 non
2264 2224 2575 2307 displicet:
2600 2223 2749 2308 quia
2778 2222 3057 2287 Psalmis
3081 2221 3399 2286 Davidicis
3426 2221 3527 2284 ad-

613 2312 730 2376 diti
773 2322 926 2376 sunt
974 2311 1224 2377 Psalmi
1248 2311 1482 2395 Asaph,
1515 2318 1765 2376 Heman
1799 2313 2155 2377 Esrachitae
2178 2311 2287 2377 stc.
2337 2313 2447 2398 qui
2468 2312 2821 2396 prophetico
2844 2311 3078 2397 spiritu
3102 2310 3386 2374 instructi
3402 2309 3529 2393 site-

613 2411 787 2466 runt.
842 2399 1082 2482 Quidni
1126 2419 1268 2483 erqo
1312 2399 1640 2484 proverbia
1663 2402 1838 2485 Ayur
1860 2402 1982 2467 viri
2009 2401 2357 2486 Prophetae
2382 2421 2509 2465 uno
2532 2400 2847 2467 volumine
2868 2420 3011 2464 cum
3044 2397 3403 2465 Proverbiis
3424 2397 3526 2463 Sa-

615 2489 882 2554 lomonis
929 2488 1366 2571 comprehendi
1409 2490 1810 2572 potuissent?
1860 2490 1977 2557 Sed
2000 2491 2267 2555 occurrit
2290 2490 2489 2568 aliud,
2514 2489 2681 2575 quod
2704 2489 2864 2553 mihi
2888 2488 3193 2553 tutissime
3226 2487 3349 2551 diei
3366 2506 3527 2569 posse

611 2577 876 2654 videtur,
922 2576 1107 2641 Dicta
1151 2576 1298 2640 hacc
1350 2578 1602 2661 quidem
1636 2600 1763 2643 esse
1807 2581 1849 2643 ὰ
1872 2580 2049 2663 Aqui·
2072 2580 2206 2643 viro
2244 2579 2517 2661 sapiente
2549 2578 2866 2663 (quamvis
2892 2596 3027 2641 non
3051 2576 3445 2649 &semeio-m,
3474 2572 3527 2637 ἃ

613 2666 762 2729 inde
782 2664 1079 2747 accepisse
1099 2684 1172 2727 ac
1199 2664 1482 2730 didicisse
1505 2667 1650 2731 haec
1675 2668 2071 2733 Salomonem
2092 2669 2218 2733 sive
2242 2667 2409 2752 quod
2430 2668 2516 2731 ad
2542 2666 2801 2731 materia
2810 2687 2871 2729 m.
2890 2666 3282 2748 propositam
3310 2666 3401 2729 sol
3406 2684 3527 2727 um-

615 2754 822 2832 modo,
870 2752 995 2816 sive
1037 2754 1224 2817 etiam
1276 2754 1443 2837 quod
1465 2756 1549 2819 ad
1579 2757 1774 2821 istum
1805 2758 2067 2822 modum
2090 2776 2161 2820 ac
2184 2756 2472 2820 ordinem
2502 2754 2894 2839 proponendi
2911 2777 2934 2829 ;
2970 2751 3035 2817 st·
3065 2754 3153 2817 sic
3178 2753 3425 2836 repetita
3442 2762 3523 2815 at·

616 2862 734 2926 que
769 2840 1114 2925 approbata
1159 2842 1201 2905 ὰ
1251 2841 1584 2907 Salomone
1623 2844 1846 2910 habere
1892 2845 1968 2909 ab
1994 2846 2130 2928 ipso
2150 2845 2481 2928 propriam
2506 2864 2656 2908 suae
2677 2842 3030 2906 authentias
3061 2852 3278 2905 notam
3299 2862 3373 2905 ac
3390 2858 3524 2924 qno·

619 2930 820 2994 risma
870 2941 1175 3015 tanqua-m
1220 2929 1298 2994 ab
1322 2930 1638 3015 infallibili
1669 2934 2049 2999 amanuensi
2074 2934 2242 3019 Spir.
2267 2933 2497 3009 Sanct.,
2523 2933 2633 3017 qui
2654 2952 2725 2995 ca
2750 2950 2874 3013 pro
2902 2931 3037 2995 suis
3060 2930 3394 3013 adoptavit,
3414 2946 3524 2992 non

616 3030 824 3083 autem
863 3018 938 3081 ab
986 3020 1182 3103 Ayur.
1231 3018 1326 3083 Ita
1358 3022 1685 3104 scriptores
1701 3023 1866 3086 sacri
1888 3026 2219 3107 relerentes
2243 3022 2593 3098 histo-riam,
2618 3031 2727 3085 aut
2752 3020 2982 3103 doyma
3010 3018 3524 3101 Philosophieum,

615 3119 727 3173 aut
773 3107 1183 3192 quodcunque
1239 3106 1665 3192 Theoloqicum
1710 3112 1881 3197 quod
1918 3112 2070 3177 olim
2122 3112 2163 3175 ὰ
2184 3122 2569 3195 praeceptore
2592 3108 2861 3192 sallibili,
2886 3118 2996 3171 aut
3026 3109 3247 3171 saltem
3268 3103 3523 3179 aliunde,

615 3217 810 3282 quam
853 3217 929 3260 eoe
971 3194 1290 3279 infallibili
1334 3196 1667 3262 dictamine
1705 3200 1873 3283 Spir.
1900 3200 1963 3265 S.
1988 3200 2364 3263 audiverant
2408 3219 2481 3261 ac
2502 3198 2868 3275 didicerant,
2893 3196 3197 3260 autentiee
3218 3216 3289 3259 ea
3310 3196 3524 3279 ferunt,

618 3284 898 3364 tradunt,
929 3281 992 3351 ἃ·
1013 3284 1334 3367 applicant
1355 3287 1609 3372 analysi
1636 3288 1814 3371 [pag.
1842 3290 1957 3371 43]
1986 3290 2212 3353 ultimd
2235 3289 2401 3370 lacta
2417 3306 2545 3350 non
2572 3287 2643 3350 in
2672 3296 3111 3369 praeceptores.
3128 3296 3241 3348 aut
3252 3280 3523 3366 percepti-

616 3394 762 3438 ones
806 3386 990 3459 atque
1013 3373 1461 3438 observationes
1485 3377 1832 3453 sensitivas,
1866 3378 2069 3440 autin
2098 3375 2614 3453 ratiocinationes,
2640 3373 3121 3458 disquisitiones,
3155 3370 3218 3435 ἃ·
3246 3368 3525 3436 discursis

615 3482 767 3527 suae
818 3462 1065 3540 ment-is,
1091 3461 1292 3525 sedin
1314 3463 1546 3545 seipsos
1576 3464 1617 3525 ὰ
1643 3464 1810 3546 Spir.
1844 3462 1908 3531 S.
1936 3464 2350 3550 infallibiliter
2378 3460 2441 3526 ἃ·
2471 3462 2825 3527 immediate
2848 3462 3209 3544 inspiratos,
3245 3472 3520 3545 tanquam

616 3550 686 3613 in
705 3550 996 3634 primum
1023 3550 1418 3633 principium
1442 3551 1939 3629 instrumentale,
1964 3554 2135 3617 unde
2156 3552 2434 3616 autentia
2456 3550 2811 3634 dependeat.

703 3637 781 3702 X.
834 3638 1004 3720 Quid
1049 3638 1124 3702 de
1172 3638 1410 3702 dictatis
1458 3638 1722 3703 Batsabe
1767 3642 1992 3705 matris
2039 3640 2393 3705 Salomonis
2438 3638 2737 3703 Proverb.
2787 3638 2893 3701 31.
2932 3636 3128 3720 Resp.
3178 3636 3323 3701 Dici
3340 3644 3517 3720 posset

617 3725 762 3791 haec
807 3727 1032 3791 ibidem
1077 3728 1120 3790 a
1167 3726 1499 3791 Salomone
1543 3727 1837 3810 adoptata
1883 3729 2100 3811 fuisse,
2162 3725 2224 3791 ἃ·
2268 3739 2705 3811 consequenter
2748 3726 3077 3794 autentica.
3132 3726 3275 3791 Non
3320 3722 3515 3807 displi-

617 3824 700 3877 cet
751 3826 960 3879 tamen
1013 3814 1314 3879 sententia
1381 3814 1530 3878 Joh.
1579 3813 1856 3879 Pinedae
1904 3816 2015 3881 lib.
2070 3817 2125 3879 1.
2174 3816 2249 3880 de
2295 3816 2484 3879 rebus
2532 3813 2889 3878 Salomonis
2935 3836 3073 3897 cap.
3122 3814 3185 3878 4.
3232 3814 3270 3897 g
3328 3814 3385 3877 8.
3430 3809 3522 3897 qui

617 3903 836 3966 statuit
885 3923 1019 3967 eam
1077 3904 1271 3987 fuisse
1319 3900 1776 3986 prophetissam
1803 3949 1818 3981 ‚
1878 3904 1940 3969 ἃ·
1991 3905 2221 3988 spiritu
2275 3905 2392 3970 Dei
2438 3915 2642 3967 acta-m
2690 3904 2838 3967 haec
2882 3902 3160 3981 dictasse,
3218 3902 3377 3967 Cum
3417 3918 3520 3985 quo

618 3990 762 4071 s'acit
809 3988 993 4053 Corn.
1043 3994 1080 4053 ἐι
1126 3989 1362 4073 Lapide
1386 3991 1454 4055 in
1486 3994 1896 4056 commentar.
1946 3994 2023 4056 ad
2080 3992 2377 4056 Proverb.
2428 3993 2532 4056 31.
2563 3994 2635 4057 Et
2660 3992 2906 4056 videtur
2931 3992 3143 4077 aliquo
3190 3990 3375 4055 modo
3394 4008 3520 4053 ton-

617 4077 866 4224 Jl‘irmari
909 4097 985 4177 ex
1027 4098 1166 4143 voce
1195 4088 1342 4148 &ww
1369 4102 1426 4143 v.
1451 4078 1504 4142 Ι.
1552 4098 1711 4163 quae
1733 4082 2145 4145 communiter
2167 4082 2625 4163 prophetarum
2656 4102 2834 4159 onus,
2860 4079 3286 4163 prophetiam,
3318 4097 3521 4141 orsen-

648 4184 754 4225 um
777 4184 942 4246 siqnt
991 4176 1103 4229 cat.

709 4248 820 4315 XI.
847 4167 1335 4333 AnfiZacharias,
1366 4254 1638 4333 Simeon,
1673 4255 1745 4318 B.
1791 4256 1970 4339 Virqo
2006 4258 2211 4321 Maria
2239 4257 2477 4343 suerint
2502 4258 2881 4317 θεόπνευστοι
2898 4256 2930 4321 ?
2954 4252 3147 4339 Resp.
3176 4256 3303 4322 Nos
3326 4254 3523 4320 malu-

621 4358 765 4402 mus
805 4340 1080 4403 accedere
1122 4340 1616 4426 al'firmantibus.
1667 4344 1896 4408 Saltem
1928 4348 2147 4428 neyari
2168 4366 2298 4410 non
2322 4357 2533 4429 potest,
2560 4347 2719 4430 quin
2746 4344 3003 4409 Cantica
3032 4366 3253 4409 comm
3275 4344 3397 4409 sint
3418 4360 3523 4407 au-

623 4426 862 4490 tentica.
910 4424 1430 4490 Remonstrantes
1460 4450 1596 4510 cap.
1653 4432 1750 4493 ll.
1775 4431 2043 4515 Apolog.
2077 4431 2185 4495 fol.
2218 4436 2363 4497 125.
2416 4435 2789 4499 Zacharia-m.
2814 4434 2996 4498 etiam
3038 4434 3359 4499 Canticum
3385 4426 3527 4496 illud

3324 4531 3529 4584 auten·
