3694 4871
646 307 774 370 320
1288 307 1529 372 Ι)15ῐ·.
1578 306 1852 372 ΧΙ.Ι)11
1898 306 2364 372 8115511110
2411 329 2496 372 aa
2557 306 2900 372 Fusa-Is.

643 492 990 579 imaginem
1036 493 1194 573 Dei,
1244 516 1621 579 omnemque
1670 494 1904 558 mentis
1951 496 1996 560 a
2044 494 2392 559 voluntatis
2438 493 2862 576 aptitudinem
2909 495 3079 560 circa
3125 497 3555 576 supernatura·

646 581 754 652 lia
802 583 1075 665 positiva
1122 582 1594 666 supernaturali
1640 581 2025 646 revelatione
2075 583 2278 646 denuo
2323 582 2678 665 praefixum
2726 581 2869 645 fuit.
2923 582 3034 648 XI.
3085 581 3191 646 An
3231 583 3287 645 si
3333 581 3557 646 dicatur

646 692 781 734 esse
836 671 999 755 juris
1054 670 1251 734 divini
1299 671 1577 754 positivi,
1624 670 1877 735 defendi
1909 671 2111 754 possit
2135 672 2271 754 ejus
2297 670 2671 736 moralitas?
2705 671 2884 754 Resp.
2911 671 3200 747 Quidni?
3224 670 3558 754 applicetur

645 758 752 822 hic
775 760 979 823 solum
1007 759 1326 837 distinctO,
1376 781 1539 842 quae
1564 783 1641 824 ex
1669 759 2114 842 antiquissimo
2142 759 2240 823 Sc‘
2226 755 2532 823 nolastico
2565 759 2740 824 Aleae.
2769 760 2920 824 Alez
2951 759 3190 824 adferri
3216 760 3410 822 solet:
3433 757 3556 820 Mo-

646 848 779 911 rale
828 852 927 912 est
958 848 1056 911 vel
1089 852 1379 926 naturae,
1429 848 1527 912 vel
1561 847 1952 930 disciplinae.
2004 846 2170 912 Illud
2219 851 2335 923 est,
2384 847 2552 930 quod
2583 851 2834 930 tempus
2857 847 3122 931 aliquod
3146 847 3346 912 cultu1
3365 846 3555 910 divino

647 935 853 1000 datur.
902 934 1080 1000 Istud
1128 940 1243 1014 est,
1292 937 1459 1018 quod
1482 959 1645 1000 unus
1672 959 1749 1000 ex
1774 939 2020 1018 septem
2052 935 2292 1010 diebus,
2321 934 2419 1000 De
2451 936 2863 1000 sacramentis
2883 934 3054 1000 Novi
3081 935 3488 1010 Testamenti,
3509 935 3554 998 si

648 1024 789 1106 quis
838 1028 1125 1107 quaerat,
1166 1047 1245 1087 an
1296 1024 1465 1088 sint'
1441 1025 1604 1109 Juris
1630 1024 1825 1088 divini
1855 1024 2184 1103 naturalis,
2211 1047 2290 1087 an
2318 1028 2466 1088 vero
2489 1023 2802 1108 positivi?
2833 1047 2916 1088 an
2941 1025 3074 1088 sint
3099 1025 3338 1089 morale
3367 1023 3544 1106 quid.
3529 1027 3554 1067 ‘³

648 1115 693 1177 &
718 1112 773 1175 si
798 1112 947 1190 sint,
978 1134 1059 1175 an
1076 1113 1316 1177 morale
1340 1117 1627 1190 naturae,
1656 1135 1735 1175 an
1763 1075 2184 1196 disciplinae?
2229 1111 2332 1175 An
2378 1135 2502 1176 non
2530 1111 2716 1176 facile
2741 1112 3111 1196 responderi
3135 1117 3348 1197 posset
3370 1113 3556 1176 erolu-

646 1200 731 1263 tis
756 1201 1173 1264 terminorum
1205 1201 1471 1265 istorum
1498 1200 2038 1265 distinctionibus:
2069 1223 2338 1284 quorum
2363 1201 2808 1286 ambiguitate,
2857 1202 2904 1265 8⁵
2935 1201 3116 1264 varia
3165 1201 3334 1284 apud
3369 1201 3558 1264 Auto—

648 1311 747 1352 res
774 1288 1135 1372 acceptione
1151 1289 1217 1352 in
1242 1289 1343 1352 his
1368 1289 1637 1372 aliisque
1663 1289 2142 1373 quaestionibus
2175 1289 2490 1353 falluntur
2521 1293 2632 1352 aut
2655 1288 2894 1353 fallunt
2915 1289 3234 1353 nonnulli.
3283 1287 3423 1353 XII.
3466 1288 3552 1352 An

648 1377 757 1460 qui
782 1375 1095 1442 Sabbathi
1116 1377 1594 1442 hebdomadalis
1620 1377 2049 1442 moralitatem
2075 1381 2336 1462 negant,
2365 1377 2548 1462 [pag.
2581 1377 2782 1461 1255]
2809 1377 3054 1459 absque
3079 1377 3552 1442 contradictione

646 1470 759 1529 aut
781 1465 978 1530 tacito
1012 1466 1229 1549 aliquo
1252 1465 1512 1530 moralis
1544 1465 1940 1530 necessitatis
1965 1488 2153 1530 sensu
2187 1465 2608 1530 determinare
2654 1465 2899 1548 possint
2922 1468 3170 1529 certum
3188 1469 3234 1531 &
3257 1465 3552 1529 sufficiens

645 1559 898 1637 tempus
951 1554 1133 1618 nobis
1182 1553 1561 1619 Christianis
1602 1576 1739 1618 esse
1764 1575 1960 1617 unum
1993 1554 2160 1618 diem
2180 1576 2254 1617 ex
2281 1557 2545 1637 septem,
2579 1557 2772 1636 atque
2797 1555 2951 1618 adeo
2985 1575 3101 1618 nos
3130 1554 3422 1618 astrictos
3436 1575 3552 1616 6556

648 1643 725 1706 ad
750 1643 1173 1706 imitationem
1197 1642 1341 1722 Dei,
1368 1641 1559 1726 quiin
1578 1641 1658 1705 V.
1687 1641 1764 1707 Τ.
1790 1642 2124 1706 constituit
2148 1641 2315 1706 diem
2339 1642 2709 1725 septimum:
2737 1641 2837 1707 Sic
2857 1644 3126 1708 Daneus
3141 1645 3251 1708 loc.
3269 1644 3365 1708 cit.
3389 1641 3552 1724 Resp.

652 1732 797 1815 Neq.
844 1729 1017 1794 Nam
1056 1730 1177 1795 hac
1214 1731 1458 1806 ratione
1504 1753 1629 1794 non
1678 1731 1958 1794 retinent
2008 1734 2261 1794 tantum
2287 1733 2585 1814 quartum
2612 1729 3030 1813 Praeceptum
3053 1731 3225 1816 quod
3251 1731 3340 1794 ad
3358 1751 3554 1814 9611113.

648 1823 747 1903 (ut
792 1823 1045 1902 tempus
1092 1819 1351 1902 aliquod
1402 1819 1535 1884 scil.
1593 1820 1933 1903 deputetur
1979 1819 2179 1882 cultui
2224 1817 2464 1898 divino)
2490 1819 2598 1883 sed
2629 1819 2694 1882 in
2721 1819 2994 1902 specie&
3019 1819 3280 1883 definite
3303 1819 3464 1903 quod
3491 1817 3556 1881 ad

648 1908 911 1972 candem
958 1908 1138 1971 illam
1183 1908 1487 1992 temporis
1532 1907 2000 1992 proportionem
2028 1930 2102 1971 ac
2133 1907 2560 1990 partitionem.
2611 1906 2795 1971 Certe
2819 1929 2896 1970 ex
2919 1906 3386 1991 hypothesibus
3409 1908 3558 1990 ipso-

651 2018 792 2060 rum
818 1996 1092 2060 debebat
1116 1997 1329 2080 potius
1353 1997 1591 2080 urgeri,
1617 1999 1689 2059 ut
1715 1999 1752 2059 a
1782 1994 2188 2060 ceremoniali
2207 1996 2252 2059 a
2277 1994 2488 2080 typica
2518 1995 3194 2079 temporispartitione
3217 2017 3409 2079 quam
3439 1995 3558 2058 lon-

645 2084 907 2168 gissime
954 2086 1249 2149 recedant
1294 2083 1678 2161 Christiani3
1733 2106 1813 2149 ne
1859 2085 1957 2148 vel
1997 2083 2263 2148 minima
2293 2084 2501 2167 specie
2525 2083 2899 2148 videantur
2881 2106 2944 2146 111
2981 2083 3248 2148 eandem
3271 2083 3558 2166 tempori.

651 2173 1244 2238 determinationem
1290 2196 1433 2238 cum
1472 2172 1735 2237 Judaeis
1789 2172 2095 2236 incidere:
2137 2171 2297 2235 haut
2345 2171 2533 2236 aliter
2578 2193 2652 2236 ac
2703 2193 2782 2236 ex
2813 2171 3112 2236 omnibus
3135 2171 3359 2236 diebus
3382 2171 3561 2236 libere

650 2262 957 2347 eligentes
1006 2265 1109 2346 (ex
1154 2262 1439 2346 ipsorum
1488 2261 1823 2341 sententia,
1859 2260 2280 2344 praeterirent
2313 2259 2543 2324 saltem
2565 2260 2734 2324 diem
2758 2258 3044 2334 Saturni,
3065 2264 3189 2322 ut
3167 2285 3206 2324 a
3237 2257 3556 2345 synagogai

650 2350 1043 2415 dissiderent.
1092 2348 1269 2414 Idem
1309 2349 1592 2414 facerent
1637 2349 1703 2413 in
1753 2348 2096 2432 partitione
2141 2347 2187 2411 &
2233 2347 2672 2450 designatione
2708 2348 2952 2412 dierum
2988 2348 3556 2423 eucharisticorum.

648 2440 961 2523 siquidem
1008 2440 1170 2503 tales
1224 2440 1630 2503 instituerent
1674 2460 1787 2521 per
1819 2442 2094 2521 quatuor
2117 2438 2268 2501 anni
2292 2442 2532 2521 partes:
2575 2460 2652 2501 ne
2679 2437 2780 2501 vel
2803 2435 3072 2501 minima
3102 2438 3314 2521 specie
3337 2437 3556 2502 Judae-

648 2550 829 2592 0111111
875 2528 1238 2593 neomenias
1269 2550 1561 2591 revocare
1592 2526 1972 2590 viderentur.
2023 2524 2200 2591 XIII.
2251 2526 2354 2589 An
2377 2526 2668 2599 Ebionei,
2687 2525 3109 2605 Cerinthiani,
3135 2526 3374 2610 aliique
3398 2524 3553 2589 Sab-

650 2617 926 2681 batharii
983 2616 1268 2681 convinci
1314 2616 1561 2700 possint
1614 2615 1688 2678 de
1736 2612 2153 2678 translatione
2207 2612 2538 2692 Sabbathi,
2565 2613 2876 2696 siquidem
2903 2612 3078 2678 locus
3121 2614 3436 2680 Coloss.2.
3467 2614 3556 2676 16.
3649 2660 3651 2691 ,

662 2705 908 2770 17.11011
938 2705 1287 2788 accipiatur
1311 2706 1386 2769 de
1412 2702 1739 2767 Sabbatho
1764 2701 2214 2766 hebdomadali
2237 2700 2276 2766 J
2287 2664 2668 2766 udaeorilm
2651 2724 2716 2764 m
2743 2701 2908 2765 diem
2933 2702 3238 2766 ultimum
3265 2703 3558 2786 septima·

660 2815 777 2857 nae
794 2794 1125 2858 incidente.
1178 2793 1363 2877 Hesp.
1388 2792 1515 2879 Aff.
1550 2790 1777 2855 Restat
1824 2790 1994 2854 enim
2019 2793 2464 2875 argumentum
2489 2789 2570 2853 ab
2597 2789 2885 2872 exemplo
2910 2792 2954 2855 &-
2980 2791 3168 2874 praxi
3193 2791 3560 2875 Apostolica,

652 2882 763 2965 qui
810 2882 1005 2946 alium
1048 2882 1215 2945 diem
1263 2880 1632 2946 solemniter
1662 2883 2009 2962 coeperunt
2054 2879 2406 2957 observare,
2449 2879 2494 2943 &
2525 2878 2616 2942 ita
2642 2879 2988 2942 docuerunt
3011 2878 3558 2944 Ecclesias1.Co-

653 2970 851 3035 rinch.
910 2970 1015 3033 16.
1061 2969 1364 3045 Quamvis
1412 2968 1729 3032 fateamur
1775 2966 2004 3031 fortius
2044 2968 2400 3031 convictum
2446 2966 2522 3029 iri
2557 2964 3039 3046 Sabbatharios,
3064 2968 3384 3051 siquidem
3413 2972 3560 3031 certa

654 3057 869 3139 aliqua
893 3058 937 3122 &
970 3056 1400 3142 irrefragabili
1436 3056 1681 3120 ratione
1718 3056 1861 3140 cogi
1885 3060 2144 3140 possent
2168 3056 2247 3119 ad
2275 3054 2469 3119 talem
2495 3057 2709 3119 textus
2732 3054 2920 3118 istius
2945 3056 3429 3139 expositionem.
3455 3053 3556 3119 Sed
3649 3132 3651 3135 Α

655 3167 735 3209 an
767 3146 886 3209 hoc
918 3145 1054 3209 fieri
1101 3146 1321 3229 possit,
1378 3168 1572 3229 supra
1610 3144 1907 3209 diximus,
1943 3142 2120 3209 XIV.
2171 3143 2273 3206 An
2330 3142 2437 3225 qui
2484 3143 2768 3207 sentiunt
2815 3142 2982 3207 diem
3009 3142 3424 3210 Dominicum
3445 3164 3560 3208 6556
3648 3148 3651 3203 Ξ

654 3234 893 3298 liberae
946 3236 991 3300 &
1014 3236 1187 3297 mere
1212 3234 1529 3298 humanae
1554 3232 2046 3309 constitutioniS,
2087 3231 2498 3295 conformiter
2523 3230 2984 3315 hypothesibus
3010 3232 3148 3296 suis
3171 3254 3415 3317 negare
3435 3254 3556 3316 pos-

651 3322 801 3402 sint,
850 3322 1016 3386 diem
1063 3322 1245 3386 illum
1280 3345 1415 3386 esse
1442 3321 1836 3385 mutandum.
1865 3324 1910 3387 81
1936 3343 2008 3383 60
2031 3319 2286 3383 nomine
2309 3319 2684 3383 contendere
2710 3340 2851 3383 cum
2871 3320 3350 3404 Anabaptistis.
3399 3320 3558 3405 Roep

656 3412 801 3496 Neq.
851 3408 1054 3475 Immo
1102 3414 1321 3475 contra
1345 3410 1645 3474 deberent
1670 3430 1921 3493 urgere,
1961 3412 2180 3471 utnon
2203 3412 2456 3471 tantum
2485 3408 2809 3472 Ecclesiae
2833 3407 3096 3491 publica
3119 3409 3508 3492 professione
3525 3414 3558 3468 a·

654 3499 1109 3583 protestatione
1156 3499 1320 3563 hanc
1352 3498 1717 3562 libertatem
1756 3518 1957 3573 suam,
2006 3496 2114 3559 sed
2163 3495 2250 3560 δι’
2233 3518 2371 3579 ipso
2394 3495 2565 3560 facto
2589 3500 2981 3560 assererent.
3017 3518 3100 3561 ne
3123 3498 3228 3561 vel
3253 3496 3562 3562 minimam

652 3588 1073 3671 suspicionem
1108 3588 1173 3651 in
1212 3587 1441 3652 animis
1488 3585 1817 3649 hominum
1861 3585 2225 3667 relinquant
2257 3583 2332 3646 de
2373 3584 2500 3647 diei
2546 3584 2735 3667 hujus
2769 3584 3116 3648 secundum
3159 3585 3272 3669 jus
3298 3586 3558 3649 divinum

654 3676 1100 3759 perpetuitate.
1165 3675 1345 3751 Quod
1402 3674 1455 3739 si
1518 3674 1662 3758 quis
1710 3672 2085 3755 praetendat
2140 3671 2592 3754 antiquitatem
2620 3672 3085 3736 observationis
3120 3673 3265 3755 jam
3311 3674 3456 3737 inde
3495 3672 3560 3735 ab

656 3764 1105 3847 Apostolorum
1158 3762 1572 3847 temporibus,
1623 3761 1743 3825 hoc
1778 3782 1904 3825 non
1959 3759 2198 3824 sufficit
2241 3760 2321 3823 ad
2365 3760 2701 3823 veritatem
2754 3764 2868 3823 aut
2903 3760 3072 3841 juris
3121 3760 3326 3825 divini
3373 3782 3562 3825 neces·

655 3852 931 3926 sitatem,
966 3856 1079 3917 aut
1102 3851 1585 3917 Ecclesiasticae
1634 3848 2091 3913 observationis
2146 3848 2657 3932 perpetuitatem.
2708 3848 2996 3931 Antiqua
3035 3852 3192 3913 sunt
3217 3870 3482 3933 agapae,
3517 3850 3560 3909 1.

665 3940 941 4007 Corinth.
981 3942 1083 4004 11.
1124 3964 1267 4005 cum
1307 3940 1514 4004 dudae
1550 3958 1708 4003 vers.
1761 3938 1862 4002 12.
1911 3936 2317 4001 diaconissae.
2372 3938 2429 4001 1.
2471 3936 2736 4001 Timoth.
2783 3938 2845 3998 5.
2869 3936 3202 4002 immersio
3235 3938 3304 4001 in
3329 3936 3564 4021 Baptis-

656 4050 779 4104 m0‚
835 4032 1035 4094 Actor.
1084 4032 1144 4093 8.
1201 4052 1343 4093 011111
1388 4029 1567 4094 Rom.
1610 4027 1669 4090 6.
1720 4026 2004 4090 osculum
2049 4024 2244 4108 paciS,
2293 4025 2353 4087 2.
2391 4026 2529 4089 Cor.
2589 4024 2689 4087 13.
2719 4044 2877 4089 vers.
2929 4024 3033 4089 12.
3075 4025 3234 4089 ordo
3267 4028 3314 4091 81
3365 4025 3562 4090 modas
3648 4042 3651 4073 ¹

657 4116 1097 4199 prophetandi,
1150 4120 1205 4179 1.
1260 4118 1395 4183 Cor.
1451 4117 1549 4179 14.
1578 4136 1739 4198 quae
1764 4118 1978 4177 tamen
2026 4112 2340 4177 mordicus
2387 4112 2738 4189 retinenda,
2771 4116 2818 4177 81
2864 4111 3271 4177 observanda
3317 4116 3402 4179 ab
3445 4134 3563 4176 nm-

656 4204 842 4265 nibus
882 4204 1183 4267 Ecclesiis
1221 4226 1347 4269 non
1393 4204 1602 4267 dicent
1654 4202 1773 4280 illi,
1822 4204 1942 4286 qui·
1971 4199 2140 4264 diem
2188 4199 2592 4265 Dominicum
2641 4201 2959 4265 humanae
3007 4203 3459 4266 consuetudini
3477 4208 3564 4265 at-

660 4310 781 4371 que
830 4291 1124 4356 instituto
1171 4292 1548 4355 attribuunt.
1602 4290 1702 4354 Ad
1731 4289 1891 4353 haec
1933 4310 2054 4353 non
2107 4294 2257 4353 sunt
2303 4294 2434 4353 tam
2481 4290 2779 4368 recentia,
2827 4288 3094 4353 Festum
3127 4288 3444 4369 Paschae,
3465 4311 3564 4353 na·

662 4376 823 4437 tales
868 4374 1245 4458 Martyrum,
1300 4378 1827 4462 Apottryphorum
1875 4378 2062 4441 lectio
2113 4377 2180 4440 in
2227 4376 2534 4457 Ecclesia,
2573 4378 2997 4461 Episcopatus
3023 4377 3378 4451 humanus,
3403 4380 3564 4465 [pag.

3379 4465 3564 4551 1256]
3649 4540 3651 4543 Α
