3694 4871
608 330 737 395 258
916 324 1140 399 D1sr.
1188 322 1303 397 IX.
1348 320 1463 395 Da
1510 326 1765 397 SrAru
1811 320 2292 394 Eneca-osuit
2340 351 2534 393 11110
2577 326 3210 396 Cosvsasxonmt.

606 514 851 582 XVIII.
906 516 1118 585 Probe.
1166 518 1271 583 An
1318 516 1487 581 idem
1524 516 1621 581 sit
1649 515 1985 581 dicendum
2009 516 2086 580 de
2125 516 2342 579 electis
2375 515 2738 595 foederatis,
2763 514 2810 579 &
2841 514 2908 578 in
2939 514 3158 579 adulta
3181 517 3378 579 aetate
3419 515 3546 579 de·

608 628 783 670 mum
822 607 1161 687 conversis,
1216 606 1327 691 qui
1372 605 1443 668 in
1487 603 1761 669 infantia
1800 626 1916 688 per
1957 604 2254 688 spiritum
2279 608 2768 689 regenerantem
2791 603 3172 668 sanctificati
3200 602 3388 677 fuere,
3419 603 3544 667 sed

606 698 754 759 ante
778 716 965 759 usum
994 696 1262 761 rationis
1289 698 1327 759 a
1350 692 1560 758 Turca
1586 697 1699 758 aut
1724 692 1966 758 Gentili
1987 693 2204 776 aliquo
2227 692 2485 757 abducti
2507 695 2554 760 81
2575 694 2644 756 111
2668 692 2935 777 perfidia
2957 692 3235 775 ipsorum
3257 691 3538 756 educati.

610 784 790 868 Resp.
843 784 989 869 Ney.
1037 784 1224 849 Prius
1274 783 1442 847 enim
1489 787 1793 867 tempore,
1832 780 1955 846 hoc
2001 785 2098 846 est
2128 781 2264 865 jam
2310 781 2463 846 olim
2511 782 2590 846 ab
2639 786 2821 845 utero
2843 780 3069 845 matris
3091 802 3302 845 semen
3324 780 3540 863 primo

608 872 854 955 primae
898 872 1400 967 regenerationis
1451 870 1607 955 ipsis
1658 871 2112 954 implantatum
2155 868 2397 934 fuerat:
2424 870 2692 935 actualis
2717 874 2932 934 autem
2962 870 3282 934 conversio
3305 869 3536 953 (qnam

608 960 883 1044 primam
915 962 1459 1047 regenerationem
1492 960 1817 1045 appellare
1840 959 2202 1042 possumus)
2229 959 2420 1043 longo
2443 963 2730 1043 tempore
2761 962 2906 1042 post
2928 956 3276 1043 peragitur.

699 1046 768 1118 7.
814 1046 987 1113 ΧΙΧ.
1041 1051 1249 1117 Probl.
1306 1048 1403 1113 An
1441 1050 1488 1114 80
1519 1048 1830 1132 quomodo
1863 1048 2050 1112 electi
2080 1051 2230 1111 ante
2253 1048 2730 1113 conversionem
2755 1047 2886 1111 sint
2909 1051 3022 1111 aut
3043 1069 3171 1111 non
3195 1046 3324 1111 sint
3345 1054 3528 1111 extra

607 1138 915 1221 populum
949 1136 1091 1203 Dei.
1139 1141 1323 1223 Hesp.
1371 1136 1645 1202 Possunt
1683 1136 1806 1200 dici
1836 1158 1984 1200 oves
2023 1134 2259 1201 Christi
2286 1137 2336 1201 &
2357 1136 2630 1221 populus
2656 1134 2778 1200 Dei
2801 1135 3148 1201 secundum
3171 1136 3530 1201 destitutio-

603 1246 749 1290 nem
792 1226 1065 1293 lohann.
1119 1228 1218 1291 10.
1273 1227 1373 1291 16.
1422 1226 1468 1291 81
1513 1228 1729 1289 tamen
1761 1224 2104 1289 secundum
2143 1224 2578 1289 executionem
2607 1229 2788 1289 extra
2812 1224 3121 1307 populum
3147 1224 3290 1303 Dei,
3321 1247 3529 1304 canes,

604 1314 866 1394 inimici,
913 1337 1041 1380 non
1086 1316 1378 1399 populus,
1407 1314 1723 1379 0110111810.
1774 1314 1926 1378 Hos,
1957 1313 2014 1376 1.
2045 1312 2146 1376 10.
2174 1313 2315 1377 coll.
2348 1335 2494 1377 eum
2526 1314 2792 1380 Roman.
2818 1316 2880 1377 9.
2907 1313 3012 1375 26.
3061 1312 3304 1395 Epheu.
3331 1314 3384 1376 2.
3419 1314 3526 1376 12.

610 1404 711 1467 13.
762 1402 943 1479 Quod
974 1404 1028 1469 si
1062 1403 1300 1469 alicubi
1325 1405 1362 1466 11
1386 1400 1732 1486 Theologis
1758 1401 2052 1465 dicuntur
2083 1401 2200 1464 filii
2223 1398 2366 1479 Dei,
2393 1401 2604 1486 cogita
2629 1401 2789 1465 illud
2813 1400 3254 1483 accipiendum
3281 1424 3398 1465 non
3419 1424 3528 1466 se-

606 1492 878 1555 cundum
926 1492 1352 1577 adoptionem,
1400 1491 1508 1554 sed
1548 1488 1892 1554 secundum
1917 1490 2559 1573 praedestinationem
2583 1491 2661 1553 ad
2686 1490 3126 1572 adoptionem3
3154 1491 3254 1553 1111
3277 1491 3384 1554 1110
3403 1490 3531 1554 dno

606 1578 942 1645 manifeste
974 1581 1456 1665 distinguuntur
1480 1578 1703 1663 Ephes.
1736 1579 1793 1641 1.
1829 1578 1890 1642 5.
1939 1577 2074 1642 Α111
2098 1577 2431 1641 dicendum
2455 1578 2766 1661 respicere
2791 1600 2900 1641 eos
2922 1582 3178 1642 tantum
3201 1600 3530 1644 conversos

607 1690 737 1746 eos,
783 1668 894 1750 qui
941 1668 1095 1733 olim
1142 1669 1211 1732 in
1256 1667 1531 1731 infantia
1576 1667 1639 1730 in
1682 1665 2122 1731 communione
2148 1664 2420 1730 foederis
2451 1666 2830 1730 sanctificati
2861 1672 2906 1727 ἃ,
2937 1665 3214 1751 regeniti
3239 1666 3525 1732 fuerunt:

607 1756 841 1840 quibus
885 1757 1181 1817 ὐεοὲτεσ-ίαν
1219 1754 1492 1820 adscribi
1536 1777 1718 1838 posse
1766 1776 1959 1837 supra
2005 1754 2426 1819 concessimus
2474 1756 2626 1820 thesi
2667 1756 2726 1819 3.
2776 1752 2918 1819 XX.
2958 1755 3178 1822 Probe.
3225 1756 3332 1820 An
3355 1754 3533 1820 electi

608 1866 825 1909 omnes
872 1848 1019 1907 ante
1062 1848 1335 1908 mortem
1380 1844 1541 1907 fiant
1585 1843 1872 1907 membra
1919 1842 2219 1907 ecclesiae
2269 1842 2570 1920 visibilis3
2621 1866 2703 1907 an
2735 1864 2884 1908 vero
2913 1843 3243 1927 aliquibus
3267 1844 3532 1909 adscribi

608 1932 811 2017 possit
856 1954 1006 1996 vera
1051 1932 1375 1997 conversio
1422 1931 1469 1995 81
1516 1932 1710 2011 001110,
1760 1930 2052 2013 quamvis
2099 1936 2278 1996 extra
2303 1932 2601 1997 ecclesiae
2625 1932 3136 1997 communionem
3159 1933 3528 1997 moriantur.

610 2022 792 2106 Resp.
841 2019 1155 2086 Coincidit
1199 2020 1333 2085 fere
1382 2020 1537 2085 haec
1568 2019 1859 2103 quaestio
1905 2041 2048 2083 cum
2079 2020 2227 2084 illa:
2263 2042 2344 2084 an
2377 2023 2556 2084 extra
2584 2020 2913 2085 ecclesiam
2937 2020 3023 2085 sit
3044 2021 3242 2087 salus.
3292 2020 3530 2086 Distin-
3661 2026 3663 2065 Ψ

609 2108 862 2194 guenda
888 2112 1007 2173 ’001
1051 2109 1317 2174 00010010
1361 2109 1427 2172 111
1469 2108 1787 2173 visibilem
1812 2109 1858 2174 &
1889 2108 2299 2186 invisibilem,
2325 2109 2777 2191 particularem
2807 2109 2854 2173 81
2879 2108 3330 2175 universalem.
3373 2108 3534 2173 Item
3660 2154 3663 2159 -

610 2198 969 2262 communio
999 2220 1143 2262 cum
1192 2197 1409 2281 aliqua
1457 2196 1721 2261 ecclesia
1768 2200 1834 2259 in
1884 2196 2252 2280 explicitam
2274 2197 2321 2261 81
2343 2197 2743 2280 implicitam,
2769 2220 2894 2262 non
2929 2198 3240 2262 latentem
3263 2201 3312 2265 &-
3335 2199 3530 2262 laten-

609 2289 761 2351 tem.
810 2284 1099 2350 Dicimus
1140 2308 1294 2371 ergo
1318 2285 1825 2351 communionem
1852 2285 2190 2349 virtualem
2213 2286 2615 2369 implicitam,
2641 2308 2754 2350 seu
2778 2285 3082 2351 latentem
3107 2309 3257 2351 cum
3281 2286 3536 2353 eccloeia
3661 2322 3663 2331 ·

612 2378 981 2459 praesenter
1010 2374 1323 2440 catholica
1346 2376 1393 2441 81
1416 2373 1654 2440 visibili
1682 2372 1942 2458 ejusque
1968 2373 2292 2454 membris,
2321 2377 2366 2442 81
2391 2375 2756 2459 explicitam
2783 2397 2926 2440 011111
2950 2374 3264 2440 invisibili
3291 2378 3338 2443 81
3362 2375 3536 2441 abso-

614 2465 748 2528 lute
790 2463 1105 2529 catholica
1152 2485 1289 2528 esse
1334 2463 1791 2538 necessarian13
1826 2465 1872 2528 &
1899 2462 2036 2526 sine
2061 2485 2136 2527 ea
2157 2464 2478 2528 neminem
2503 2465 2738 2529 salvari
2763 2485 2964 2548 posse.
2991 2465 3174 2550 [pag.
3205 2465 3373 2541 417]
3419 2462 3536 2529 Sed

614 2552 1119 2617 communionem
1163 2552 1499 2631 actualem,
1548 2551 1934 2634 explicitam,
1979 2553 2024 2617 8z
2049 2573 2173 2616 non
2197 2552 2506 2616 latentem
2529 2575 2674 2618 cum
2699 2557 2958 2618 externo
2981 2553 3197 2635 aliquo
3223 2559 3410 2618 coetu
3431 2575 3538 2617 ne·

614 2640 953 2704 cessariam
978 2663 1114 2705 esse
1138 2662 1468 2725 negamus.
1516 2637 1586 2704 Si
1610 2639 1779 2703 enim
1803 2643 2198 2704 sacramenta
2223 2642 2600 2705 necessitate
2624 2641 2818 2706 medii
2839 2663 2966 2706 non
2989 2645 3140 2705 sunt
3165 2641 3534 2715 necessaria,

614 2727 721 2792 sed
758 2731 1011 2792 tantum
1033 2730 1353 2812 praecepti
1374 2752 1389 2805 3
1424 2728 1629 2792 multo
1660 2727 1890 2812 magis,
1915 2727 2032 2791 hoc
2057 2727 2507 2794 affirmandum
2530 2730 2606 2794 de
2639 2729 2900 2795 ecclesia
2923 2729 3244 2808 instituta,
3273 2733 3324 2798 81
3343 2728 3534 2796 nostri

614 2816 1053 2881 communione
1078 2839 1223 2880 cum
1245 2817 1377 2880 illa.
1427 2815 1645 2880 Potest
1670 2815 1811 2898 quis
1836 2815 1918 2880 ad
1943 2837 2150 2881 remos
2174 2817 2510 2882 damnatus
2536 2818 2702 2884 inter
2725 2817 2965 2883 'Furcas
2989 2818 3194 2882 autin
3223 2819 3534 2884 Barbaro-

614 2925 758 2967 rum
808 2905 855 2970 &
908 2902 1259 2968 Gentilium
1304 2905 1580 2969 insulam
1627 2905 2017 2986 deportatus,
2045 2927 2121 2968 ex
2146 2905 2334 2970 unius
2359 2905 2708 2970 Christiani
2733 2906 2984 2985 indicio,
3018 2911 3132 2971 aut
3155 2929 3238 2971 ex
3271 2908 3534 2973 lectione

615 2991 967 3074 scripturae
1015 3013 1162 3056 vero
1194 2993 1501 3057 converti:
1536 2991 1636 3057 cui
1683 2995 1897 3056 tamen
1925 2996 2072 3056 ante
2097 2993 2345 3058 obitum
2370 2995 2613 3059 occasio
2639 3017 2962 3079 nunquam
2987 2995 3209 3060 futura
3235 2997 3326 3061 sit
3349 2997 3532 3062 eccle·

614 3079 747 3144 siae
794 3101 861 3143 se
909 3079 1313 3164 adjungendi.
1362 3079 1536 3144 XXI.
1590 3080 1796 3144 Probi.
1845 3080 1950 3144 An
1998 3081 2210 3165 gratia
2243 3083 2645 3162 executioniS,
2685 3105 2878 3167 quam
2918 3083 3155 3148 exserit
3177 3083 3362 3149 Deus
3385 3086 3534 3149 circa

614 3167 847 3231 0100100
894 3167 1170 3231 nondum
1196 3189 1527 3233 conversos
1553 3168 1751 3251 possit
1773 3167 1898 3232 dici
1922 3168 2232 3252 specialis,
2259 3173 2305 3236 81
2330 3171 2648 3251 0011110110,
2674 3171 2794 3237 hoc
2817 3176 2936 3250 est,
2961 3171 3206 3236 habens
3238 3172 3533 3238 infallibi-

613 3255 739 3319 lem
767 3277 911 3320 cum
936 3256 1143 3320 salute
1168 3257 1621 3321 connexionem
1641 3261 1671 3320 ⁴?
1697 3257 1880 3340 Hesp.
1904 3257 1957 3321 Α
1963 3260 2032 3343 [Γ.
2059 3269 2417 3345 ulrumque.
2443 3259 2564 3324 Est
2587 3261 2758 3324 enim
2773 3260 3140 3345 impetratio
3161 3283 3286 3344 pro
3311 3261 3534 3337 electis,

611 3343 872 3427 insuper
901 3343 1297 3409 conservatio
1342 3344 1508 3408 circa
1551 3344 1783 3408 electos
1828 3367 1954 3409 non
2000 3345 2354 3412 foederatos
2393 3369 2510 3413 nec
2545 3349 2900 3432 regenitos3
2936 3347 3174 3413 adhaec
3203 3349 3536 3434 applicatio

614 3433 833 3517 (supra
854 3431 1195 3517 descripta)
1214 3432 1380 3496 circa
1402 3433 1635 3497 electos
1660 3433 2003 3516 regenitoS,
2025 3435 2237 3518 gratia
2261 3435 2574 3520 specialis,
2593 3437 2860 3520 ideoque
2874 3459 2954 3501 ex
2977 3437 3338 3503 intentione
3361 3437 3481 3504 Dei
3497 3438 3534 3502 ὲ

613 3520 873 3603 propria
890 3520 1249 3585 conditione
1266 3542 1383 3584 sua
1398 3520 1718 3584 salutaris·
1745 3519 1956 3586 XXII.
1985 3523 2195 3588 Probe.
2221 3523 2326 3587 An
2343 3523 2636 3589 omnibus
2650 3524 2754 3590 his
2777 3525 3300 3591 distinctionibus
3315 3527 3534 3594 admis-

612 3607 719 3686 sis,
760 3629 885 3671 11011
924 3612 1248 3674 statuatur
1271 3630 1414 3673 cum
1430 3607 2008 3693 Semi-Pelagianis
2032 3613 2236 3676 status
2260 3612 2537 3677 hominis
2560 3613 2974 3678 intermedius
2993 3613 3166 3678 inter
3185 3615 3534 3700 regenitnm

500 3777 507 3784 .
614 3692 661 3757 81
697 3694 1150 3780 irregenitum3
1177 3697 1330 3760 item
1358 3696 1804 3780 dispositiones
1824 3701 2340 3781 praeparatoriae
2365 3703 2410 3767 8z
2441 3702 2752 3766 salutares
2776 3723 2939 3785 quae
2960 3703 3352 3786 praecedant
3373 3725 3535 3790 rege-

616 3783 1010 3848 nerationem
1034 3788 1064 3849 ?
1091 3786 1270 3870 Hesp.
1292 3785 1570 3851 Minime.
1589 3783 1774 3847 Nihil
1794 3790 1964 3850 enim
1987 3786 2093 3851 hic
2117 3788 2422 3853 tribuitur
2447 3790 2648 3855 libero
2671 3790 2960 3869 arbitrio,
2987 3794 3100 3854 aut
3123 3795 3420 3870 naturae,
3441 3795 3534 3858 aut

616 3869 801 3934 fictae
850 3871 1042 3935 alicui
1086 3873 1335 3954 gratiae
1383 3872 1749 3936 universali.
1798 3871 2091 3939 Breviter
2136 3898 2252 3940 nec
2298 3877 2532 3942 directe
2567 3899 2684 3942 1100
2715 3879 3021 3944 indirecte
3053 3879 3204 3943 hinc
3229 3880 3532 3957 docemur,

616 3958 893 4040 gratiam
942 3960 1286 4025 salutarem
1319 3960 1599 4043 aliquam
1642 3982 1779 4024 esse
1804 3961 2248 4044 universalem,
2275 3965 2555 4049 aliquam
2581 3966 3014 4044 resistibilem,
3039 3967 3332 4051 aliquam
3355 3969 3530 4034 amis-

616 4043 889 4109 sibilem.
937 4045 1061 4110 Sed
1105 4053 1326 4112 contra
1372 4070 1587 4112 omnes
1634 4048 1904 4113 rimulae
1943 4050 2403 4136 Pelagianismi
2449 4054 2803 4119 arctissime
2849 4055 3256 4121 obturantur.
3303 4053 3532 4122 XXIII.

620 4131 834 4231 Rrobl.
882 4133 987 4196 An
1033 4136 1273 4200 electus
1310 4137 1376 4200 in
1410 4136 1681 4200 infantia
1704 4138 2051 4222 regenitus,
2077 4141 2186 4204 sed
2208 4141 2464 4206 adultus
2490 4143 2556 4206 in
2581 4143 3064 4227 impoenitentia
3087 4146 3134 4210 ἃ
3165 4144 3531 4210 infidelitate

614 4239 832 4316 vivens
858 4219 981 4283 dici
1012 4222 1215 4304 possit
1240 4245 1374 4288 esse
1398 4223 1465 4286 in
1500 4227 1672 4288 statu
1697 4224 1967 4308 gratiae,
2001 4249 2075 4292 eo
2101 4230 2268 4310 quod
2299 4253 2412 4314 per
2433 4231 2708 4314 primam
2732 4253 2843 4297 seu
2869 4231 3186 4296 initialem
3207 4253 3529 4320 regenera-

614 4307 855 4369 tionem
894 4307 1157 4388 spiritus
1180 4332 1296 4375 suo
1326 4312 1509 4375 modo
1536 4312 1623 4374 sit
1653 4313 1869 4376 unitus
1895 4313 2168 4395 Christo,
2203 4320 2250 4384 &
2273 4319 2364 4382 sic
2380 4319 2768 4402 justificatus
2786 4325 2817 4386 Ρ
2865 4322 3047 4405 Resp-
3095 4318 3240 4386 Usu
3271 4322 3531 4408 scriptu·

614 4413 723 4456 rae
766 4393 1031 4459 Roman.
1084 4395 1146 4459 6.
1184 4397 1287 4462 14.
1314 4400 1359 4462 81
1382 4399 1700 4463 communi
1722 4397 2197 4485 Theologorum
2220 4405 2326 4470 vix
2350 4406 2472 4472 dici
2494 4413 2714 4491 posset
2741 4408 2879 4474 sine
2909 4430 3148 4496 magna
3171 4429 3528 4492 καινοφωνιᾳῐ

3339 4523 3382 4564 a
3426 4520 3530 4582 qm
