3694 4871
593 199 719 264 248
797 198 1016 263 Disr.
1067 197 1182 262 IX.
1232 196 1350 262 Da·
1397 195 1684 262 STA'ru
1730 196 2279 260 Etrurouun
2328 216 2545 258 mere
2593 191 3331 256 Cosvuitsioxnn.

591 387 786 462 ratus,
812 384 922 468 qui
960 382 1096 448 scil.
1119 387 1307 447 natus
1341 385 1526 446 estin
1559 381 1831 447 foedere.
1883 382 1943 446 3.
1970 383 2237 446 Externe
2259 380 2617 445 foederatus·
2644 403 2768 443 non
2793 381 3053 442 tantum
3080 373 3429 440 nativitate
3452 374 3521 436 ab

591 473 886 551 infantia,
913 471 1020 536 sed
1047 471 1308 555 insuper
1335 471 1703 536 educatione
1730 473 1776 536 δι
1798 471 1947 534 fidei
1976 469 2368 554 professione
2401 470 2464 534 in
2500 469 2781 534 ecclesia.
2810 467 2870 531 4.
2919 467 3213 530 Externe
3238 463 3517 562 foedera·

591 566 716 639 tuS,
764 584 890 626 non
923 561 1179 643 quidem
1202 559 1539 624 nativitate
1573 564 1685 624 aut
1707 559 2097 634 educatione,
2130 560 2234 622 sed
2264 558 2667 622 conversione
2692 561 2959 622 externa
2985 557 3031 621 a
3058 555 3515 640 aggregatione

593 651 673 714 ad
723 649 1050 715 ecclesiam
1099 647 1256 724 Dei;
1297 670 1459 730 quae
1499 648 1734 733 obtigit
1764 647 1863 711 illi
1886 648 1953 711 in
1984 647 2202 712 adulta
2234 649 2463 726 aetate,
2492 669 2568 710 ex
2594 645 3021 720 EthnicismO,
3040 647 3155 708 aut
3168 642 3211 707 J
3216 641 3515 716 udaismo,

594 743 706 802 aut
729 738 926 802 simili
951 736 1419 801 abalienatione
1443 760 1553 801 seu
1579 736 1917 819 apostasia.
1965 736 2063 800 De
2112 735 2286 819 quali
2310 735 2578 819 reprobo
2598 733 2882 818 intelligi
2908 735 3179 816 possunt
3214 731 3281 793 2.
3310 731 3435 794 Pet.
3460 729 3515 792 2.

601 831 656 894 1.
689 827 889 892 Iudae
919 847 977 889 v.
1007 827 1064 887 4.
1114 825 1252 900 Quo
1278 825 1444 889 refer
1470 825 1830 908 exemplum
1856 823 2133 889 Simonis
2160 823 2338 909 Magi
2362 824 2566 888 Actor.
2602 823 2660 885 8.
2688 824 2789 886 13.
2837 823 2951 906 qui
2985 844 3103 904 per
3132 820 3513 904 baptismum

595 915 896 981 ecclesiae
944 913 1218 976 insertus
1253 912 1396 976 fuit.
1444 912 1561 978 ΙΙΙ.
1615 915 1944 998 Beqenitus
1970 913 2200 977 dicitur
2234 915 2288 976 1.
2336 914 2450 998 qui
2472 913 2539 976 in
2564 911 2815 976 foedere
2840 910 2968 975 Dei
3002 913 3214 985 natus,
3242 907 3325 972 ab
3350 911 3515 1006 utero

589 1004 814 1068 matris
865 1001 1294 1066 sanctificatus
1335 1005 1432 1066 est
1475 1025 1590 1086 per
1638 1000 1951 1085 Spiritum
1998 999 2086 1080 S.,
2120 1005 2165 1068 δι
2198 1002 2277 1065 ab
2308 1001 2451 1065 aliis
2477 1023 2603 1065 non
2629 1000 2940 1083 regenitis
2973 998 3109 1062 sive
3140 996 3367 1061 electis
3396 1017 3513 1058 sue

591 1092 875 1176 reprobis
930 1090 1265 1154 distinctus
1289 1112 1402 1174 per
1427 1090 1709 1155 infusum
1737 1114 1849 1155 seu
1873 1091 2254 1173 impressum
2280 1094 2317 1154 a
2342 1088 2589 1173 Spiritu
2620 1087 2685 1154 S.
2714 1088 3131 1155 &inhaerens
3162 1108 3279 1150 seu
3300 1085 3513 1147 imma-

591 1203 746 1245 nens
763 1179 1020 1264 aliquod
1032 1179 1288 1256 donum,
1301 1201 1412 1242 seu
1431 1179 1707 1264 gratiam
1724 1178 2144 1262 spiritualem;
2158 1202 2319 1262 quae
2336 1201 2451 1242 nec
2463 1181 2640 1243 actus
2659 1177 2973 1242 secundus
2994 1175 3101 1254 sit,
3115 1197 3234 1239 nec
3251 1173 3515 1271 habitus,

591 1291 705 1334 nec
731 1267 1064 1353 dispositio
1092 1267 1342 1350 proprie
1369 1269 1414 1333 δι
1439 1268 2098 1351 praedicamentaliter
2124 1268 2215 1331 ita
2240 1267 2426 1342 dicta;
2455 1267 2565 1331 sed
2588 1266 2832 1349 concipi
2858 1265 3052 1328 debet
3076 1267 3389 1346 tanquam
3412 1261 3515 1323 ah·

591 1358 743 1442 quid
791 1357 1036 1422 habens
1089 1379 1156 1420 se
1181 1355 1260 1419 ad
1285 1357 1541 1420 modum
1566 1356 1895 1420 facultatis
1920 1356 2274 1439 spiritualis
2300 1379 2411 1421 seu
2444 1355 2771 1440 potentiae
2804 1352 3337 1437 supernaturaliS,
3372 1371 3516 1433 quae

592 1446 804 1511 reduci
830 1446 1017 1510 debet
1043 1444 1123 1508 ad
1145 1445 1484 1508 secundam
1509 1445 1782 1528 speciem
1811 1445 2161 1528 qualitatis,
2183 1443 2273 1509 Ut
2296 1444 2465 1508 enim
2490 1448 2588 1508 est
2611 1442 2902 1526 potentia
2926 1439 3247 1506 naturalis
3264 1437 3517 1504 secunda

594 1539 720 1622 (ex.
748 1556 844 1619 gr.
869 1531 1200 1616 ingenium
1226 1533 1547 1616 poeticum
1572 1533 1738 1615 quod
1764 1537 1863 1597 est
1885 1532 1952 1597 in
1982 1531 2262 1618 Virgilio
2288 1537 2400 1597 aut
2424 1531 2649 1596 Ovidio
2688 1531 2959 1610 infante,
2992 1532 3039 1596 δι
3064 1530 3133 1594 in
3158 1527 3405 1602 ἀμούσῳ
3424 1525 3519 1590 ali-

593 1645 717 1704 quo
765 1621 1090 1704 Corydone
1139 1643 1265 1684 non
1312 1621 1434 1704 est)
1463 1625 1500 1686 a
1525 1623 1730 1705 prima
1754 1621 2087 1686 distincta:
2137 1622 2229 1687 sic
2253 1622 2403 1706 poni
2433 1625 2643 1704 potest
2664 1620 2953 1704 potentia
2978 1641 3093 1684 seu
3117 1617 3395 1681 facultas
3416 1639 3515 1679 su·

595 1709 1046 1795 pernaturalis,
1099 1731 1262 1792 quae
1313 1709 1398 1774 sit
1444 1732 1660 1774 semen
1691 1711 1737 1776 δι
1761 1710 1943 1774 radix
1966 1710 2135 1788 fidei,
2160 1710 2317 1796 spei,
2343 1710 2629 1775 caritatis
2654 1713 2797 1792 post
2820 1709 3084 1772 modum
3106 1729 3224 1791 per
3251 1705 3517 1770 vocatio·

595 1822 739 1863 nem
792 1799 838 1864 δι
887 1797 1201 1862 actualem
1237 1799 1715 1863 conversionem
1741 1799 2264 1876 introducendae3
2299 1821 2423 1863 non
2456 1803 2671 1862 tamen
2695 1797 3061 1861 formaliter
3084 1795 3175 1860 sit
3195 1795 3339 1879 ipsa
3361 1794 3517 1870 fides,

596 1911 709 1952 seu
758 1887 906 1952 fidei
957 1889 1136 1950 actus
1161 1889 1273 1949 aut
1305 1886 1587 1965 habitus,
1614 1887 1905 1970 quamvis
1938 1888 2266 1973 analogice
2292 1888 2337 1953 81
2366 1887 2783 1970 metonymice
2816 1885 2909 1949 sic
2935 1907 3397 1967 nonnunquam
3424 1906 3515 1945 vo-

595 1980 790 2055 cetur,
819 1999 892 2040 eo
920 1975 1090 2059 quod
1111 1973 1350 2050 δυνάμει
1374 1979 1418 2042 8ῡ
1443 1975 1804 2040 virtualiter
1827 1975 2039 2055 fidem,
2090 1998 2289 2060 spem,
2346 1975 2849 2059 resipiscentiam
2873 1975 2977 2038 διο.
3004 1974 3073 2038 in
3098 1996 3168 2037 se
3194 1972 3518 2043 contineat,

602 2070 908 2148 tanquam
933 2062 1209 2126 radicale
1237 2083 1457 2128 earum
1482 2064 1883 2147 principium.
1938 2065 1998 2128 2.
2052 2066 2179 2145 Qui
2201 2064 2460 2149 insuper
2483 2065 2866 2146 impressum
2891 2062 3058 2126 illud
3083 2061 3405 2126 charisma
3422 2082 3520 2124 seu

599 2154 1050 2237 implantatam
1095 2151 1302 2234 primo
1348 2153 1592 2238 primae
1640 2153 2141 2236 regenerationis
2174 2153 2449 2218 radicem
2474 2175 2587 2236 per
2610 2152 3057 2216 educationem
3080 2151 3151 2214 in
3178 2173 3359 2214 verae
3390 2148 3519 2214 fidei

604 2245 650 2308 a
699 2241 998 2308 ecclesiae
1047 2243 1507 2318 communione,
1555 2244 1666 2306 aut
1711 2264 1825 2326 per
1872 2243 2339 2325 qualescunque
2390 2242 2565 2306 verbi
2612 2241 2810 2305 divini
2835 2241 3137 2304 stimulos
3162 2242 3521 2323 cooperante

601 2333 782 2416 [pag.
817 2330 981 2415 404]
1007 2326 1173 2412 Spir.
1201 2327 1265 2392 S.
1301 2330 1701 2408 excitatione,
1727 2330 1794 2393 in
1826 2353 1893 2395 se
1919 2331 2345 2413 pullulantem
2373 2335 2484 2395 aut
2508 2331 2735 2394 saltem
2761 2328 3367 2413 pullulaturieutem
3392 2349 3519 2391 sen-

598 2421 699 2501 tit,
731 2419 776 2484 85
802 2417 1140 2484 nonnullos
1165 2415 1368 2485 cordis
1395 2423 1606 2484 motus
1630 2419 1897 2484 subinde
1921 2420 2066 2499 ciet,
2091 2419 2194 2485 sed
2224 2420 2536 2498 imbelles,
2586 2418 3026 2502 incompletos,
3065 2420 3111 2484 81
3138 2417 3323 2501 quasi
3346 2415 3519 2481 infor·

596 2531 752 2587 meS,
800 2508 912 2592 qui
959 2506 1314 2590 comparari
1359 2508 1493 2573 fere
1535 2511 1794 2594 possent
1820 2509 2068 2573 actibus
2092 2509 2222 2573 illis
2246 2508 2719 2574 rudimentariis
2746 2512 2941 2591 atque
2968 2507 3355 2583 initialibus,
3380 2526 3519 2589 quos

595 2596 815 2663 Ethici
861 2600 1154 2660 statuunt
1187 2593 1476 2661 habitum
1502 2597 1888 2682 acquisitum
1934 2598 2329 2683 praecedere.
2377 2598 2578 2675 Quale
2617 2619 2774 2680 opus
2801 2596 3261 2675 conversioniS,
3286 2618 3425 2660 cum
3450 2594 3519 2657 sit

599 2686 753 2749 rude
785 2684 1347 2767 non-pertendens,
1372 2687 1442 2751 in
1467 2708 1579 2750 suo
1606 2708 1838 2772 genere
1867 2710 1976 2751 ens
2007 2688 2481 2771 incompletum,
2508 2687 2553 2751 &
2581 2686 2684 2750 vix
2700 2685 3005 2750 sensibile
3027 2710 3043 2763 ;
3073 2685 3231 2749 hinc
3255 2690 3353 2749 est
3372 2682 3517 2767 quod

599 2773 747 2837 talis
795 2772 1123 2857 regenitus
1179 2775 1516 2841 actualiter
1549 2798 1886 2840 conversus
1912 2777 2102 2861 vulgo
2135 2798 2261 2839 non
2286 2776 2550 2841 dicatur.
2601 2776 2659 2840 3.
2698 2775 2913 2857 Qui‘in
2938 2775 3167 2838 adulta
3198 2779 3407 2838 aetate
3434 2794 3516 2835 se-

600 2862 875 2925 cundum
920 2860 1295 2925 facultatem
1339 2868 1378 2929 ὲ.
1409 2864 1615 2947 primo
1639 2862 1846 2949 prima
1864 2864 2340 2947 regeneratione
2366 2864 2762 2948 impressam,
2790 2863 3136 2928 actualiter
3169 2863 3217 2928 ἃ
3250 2884 3515 2927 consum·

603 2953 772 3013 mate
821 2948 1208 3013 convertitur
1240 2970 1278 3012 a
1309 2951 1594 3017 tenebris
1617 2954 1696 3018 ad
1728 2953 1954 3033 lucem,
1979 2954 2024 3018 ἃ
2057 2956 2095 3016 a
2125 2958 2381 3035 peccato
2408 2954 2453 3019 δι
2478 2953 2711 3017 mundo
2744 2952 2825 3015 ad
2858 2950 3197 3017 Christum
3222 2950 3515 3016 transfer-

601 3042 726 3117 tur,
774 3038 1082 3120 impresso
1130 3037 1264 3101 scil.
1314 3041 1460 3105 fidei
1505 3042 1637 3105 sive
1684 3041 1911 3106 habitu
1958 3042 2089 3105 sive
2123 3041 2554 3125 dispositione,
2601 3044 2647 3108 ἃ
2671 3041 2921 3105 actibus
2943 3041 3099 3105 fidei
3129 3038 3516 3106 conformiter

603 3125 894 3191 excitatis
939 3147 1052 3207 per
1097 3126 1373 3210 gratia-m
1421 3129 1845 3195 conversionis
1888 3130 2227 3214 specialem
2262 3133 2307 3197 δι
2332 3130 2652 3195 efficacem
2676 3135 2817 3194 tum
2840 3130 3123 3213 primam
3148 3134 3297 3195 tum
3322 3150 3511 3195 sec-un-

603 3216 785 3280 dam:
837 3212 947 3298 qui
997 3222 1453 3299 consequenter
1484 3219 1665 3283 firmo
1698 3217 1896 3283 animi
1919 3219 2239 3303 proposito
2265 3218 2518 3283 Christo
2544 3242 2610 3283 se
2642 3218 2899 3297 addicit,
2927 3218 3222 3302 seipsum
3250 3220 3513 3303 abnegat,

604 3307 649 3372 a
675 3302 1094 3388 compositam
1137 3326 1208 3368 ac
1254 3304 1594 3371 formatam
1630 3306 1776 3370 fidei
1824 3330 1897 3371 ac
1942 3308 2415 3391 resipiscentiae
2461 3307 2710 3391 praxim
2756 3329 3051 3371 exercere
3100 3306 3369 3392 incipitz
3390 3308 3514 3372 adeo

603 3398 673 3457 ut
729 3398 945 3457 vetera
991 3396 1415 3476 praetereant,
1450 3396 1663 3460 omnia
1711 3417 1873 3459 nova
1906 3397 2083 3461 fiant.
2134 3396 2194 3461 4.
2249 3398 2376 3477 Qui
2423 3418 2538 3461 nec
2576 3396 2906 3480 regenitus
2932 3418 3047 3460 nec
3080 3395 3445 3462 foederatus
3464 3394 3516 3457 in

605 3482 904 3557 infantia,
931 3480 1192 3565 insuper
1224 3481 1291 3546 in
1320 3482 1762 3561 libertinismO,
1792 3483 2189 3559 GentilismO,
2212 3485 2483 3549 similive
2512 3484 2835 3568 apostasia
2859 3486 3194 3562 ediicatuS‚
3232 3486 3297 3550 in
3331 3485 3515 3550 adulta

605 3572 859 3635 demum
883 3574 996 3635 aut
1021 3570 1249 3634 affecta
1275 3576 1484 3636 aetate
1513 3572 1703 3636 simul
1729 3574 1772 3637 81
1799 3574 1994 3637 semel
2020 3578 2435 3658 regeneratur
2460 3577 2506 3641 δι
2530 3573 2940 3653 convertitur,
2966 3573 3309 3657 impressis
3332 3574 3517 3639 eodem

604 3662 890 3743 tempore
917 3661 961 3725 δι
988 3658 1228 3724 semine
1252 3682 1364 3724 seu
1387 3661 1617 3740 radice,
1644 3662 1688 3727 Sc
1721 3660 1970 3740 habitu,
2012 3668 2056 3724 δι
2103 3666 2248 3726 actu
2300 3663 2445 3727 fidei
2476 3686 2549 3727 ac
2573 3662 2953 3727 sanctitatis
3004 3662 3135 3727 Hic
3158 3686 3321 3748 ergo
3344 3663 3518 3727 obiter

607 3747 955 3811 notandum
981 3770 1198 3812 vocem
1221 3750 1727 3833 regenerationis
1753 3750 1843 3813 sic
1864 3750 2159 3835 usurpari
2184 3754 2221 3813 a
2254 3749 2618 3837 TheologiS,
2648 3756 2720 3815 ut
2755 3752 2942 3820 modo
2966 3756 3153 3816 notet
3178 3754 3389 3837 primo
3410 3750 3517 3835 pri·

609 3858 776 3899 mam
803 3858 966 3919 quae
998 3837 1248 3901 nullum
1281 3841 1491 3901 actum
1517 3838 1831 3921 imprimit
1864 3839 1988 3925 (uti
2035 3838 2101 3903 in
2128 3838 2543 3923 infantibus);
2594 3841 2779 3905 modo
2802 3840 3082 3923 primam
3106 3840 3517 3926 regeneratio-

607 3945 751 3987 nem
777 3925 1144 4007 peccatoriS,
1170 3948 1332 4008 quae
1357 3925 1616 3990 habitus
1643 3929 1689 3992 δι
1721 3932 1899 3991 actus
1931 3927 2077 3993 fidei
2104 3951 2175 3992 ac
2198 3928 2671 4012 resipiscentiae
2710 3928 3055 4012 imprimit;
3100 3932 3149 3995 δι
3172 3932 3271 3995 sic
3304 3934 3342 3994 a
3362 3950 3518 3994 reno-

609 4010 882 4090 vatione,
910 4012 1253 4090 vocatione,
1289 4014 1526 4079 actuali
1551 4017 1957 4082 conversione
1982 4016 2240 4080 realiter
2266 4040 2392 4082 non
2418 4018 2663 4094 differt3
2700 4018 2884 4081 modo
2911 4020 2985 4081 ut
3008 4018 3347 4084 collective
3368 4022 3517 4085 nota

609 4102 966 4181 utrumque.
1017 4100 1129 4165 IV.
1185 4103 1327 4169 Νοη
1349 4122 1684 4171 conversus
1711 4104 1940 4169 dicitur
1971 4107 2026 4168 1.
2055 4105 2360 4188 reprobus
2386 4106 2518 4171 sive
2542 4105 2906 4170 foederatus
2930 4105 3065 4170 sive
3091 4129 3225 4171 non
3259 4106 3515 4173 foedera-

610 4191 734 4261 tus,
763 4188 875 4267 qui
890 4209 1213 4270 nunquam
1239 4192 1646 4256 convertitur.
1697 4194 1756 4255 2.
1806 4194 2067 4257 Electus
2090 4216 2216 4256 non
2242 4192 2602 4259 foederatus
2634 4216 2749 4259 nec
2784 4195 3141 4278 regenitus,
3194 4198 3259 4261 3.
3310 4199 3515 4263 electus

614 4272 973 4336 foederatus
1013 4278 1059 4340 δι
1108 4277 1434 4361 regenitus
1480 4279 1546 4342 in
1591 4280 1883 4357 infantia,
1934 4281 2041 4345 sed
2074 4284 2254 4346 extra
2278 4281 2498 4348 foedus
2524 4283 2827 4348 educatus
2850 4282 2895 4345 δῦ
2920 4283 3169 4351 vivenS.
3197 4288 3263 4351 4.
3288 4287 3517 4351 Electus

3360 4398 3522 4461 1³80·
