<?xml version="1.0" encoding="UTF-8"?>
<!DOCTYPE html PUBLIC "-//W3C//DTD XHTML 1.0 Transitional//EN"
    "http://www.w3.org/TR/xhtml1/DTD/xhtml1-transitional.dtd">
<html xmlns="http://www.w3.org/1999/xhtml" xml:lang="en" lang="en">
 <head>
  <title>
</title>
<meta http-equiv="Content-Type" content="text/html;charset=utf-8" />
  <meta name='ocr-system' content='tesseract 3.04.00' />
  <meta name='ocr-capabilities' content='ocr_page ocr_carea ocr_par ocr_line ocrx_word'/>
</head>
<body>
  <div class='ocr_page' id='page_1' title='image "./selectarumdispu00kuypgoog_0275.png"; bbox 0 0 3694 4871; ppageno 0'>
   <div class='ocr_carea' id='block_1_1' title="bbox 644 326 3404 397">
    <p class='ocr_par' dir='ltr' id='par_1_1' title="bbox 644 326 3404 397">
     <span class='ocr_line' id='line_1_1' title="bbox 644 326 3404 397; baseline 0 -5"><span class='ocrx_word' id='word_1_1' title='bbox 644 330 774 394; x_wconf 85' lang='lat'><strong>244</strong></span> <span class='ocrx_word' id='word_1_2' title='bbox 821 328 1034 396; x_wconf 68' lang='lat' dir='ltr'><strong>D1sp.</strong></span> <span class='ocrx_word' id='word_1_3' title='bbox 1086 328 1266 397; x_wconf 86' lang='lat' dir='ltr'><strong>VIII.</strong></span> <span class='ocrx_word' id='word_1_4' title='bbox 1316 328 1432 395; x_wconf 71' lang='lat' dir='ltr'><strong>DE</strong></span> <span class='ocrx_word' id='word_1_5' title='bbox 1480 330 1896 395; x_wconf 71' lang='lat' dir='ltr'><strong>PansONA</strong></span> <span class='ocrx_word' id='word_1_6' title='bbox 1943 329 2324 395; x_wconf 74' lang='lat' dir='ltr'><strong>Cualsri</strong></span> <span class='ocrx_word' id='word_1_7' title='bbox 2374 328 2976 397; x_wconf 74' lang='lat' dir='ltr'><strong>MEDIATORIS.</strong></span> <span class='ocrx_word' id='word_1_8' title='bbox 3025 330 3233 394; x_wconf 58' lang='lat' dir='ltr'><strong>Pius</strong></span> <span class='ocrx_word' id='word_1_9' title='bbox 3279 326 3404 393; x_wconf 90' lang='lat' dir='ltr'><strong>III.</strong></span> 
     </span>
    </p>
   </div>
   <div class='ocr_carea' id='block_1_2' title="bbox 636 504 3570 1927">
    <p class='ocr_par' dir='ltr' id='par_1_2' title="bbox 636 504 3570 1927">
     <span class='ocr_line' id='line_1_2' title="bbox 638 504 3570 599; baseline -0.001 -20"><span class='ocrx_word' id='word_1_10' title='bbox 638 515 843 595; x_wconf 89' lang='lat' dir='ltr'><strong>stitui,</strong></span> <span class='ocrx_word' id='word_1_11' title='bbox 868 538 983 581; x_wconf 91' lang='lat' dir='ltr'><strong>nec</strong></span> <span class='ocrx_word' id='word_1_12' title='bbox 1008 515 1263 599; x_wconf 84' lang='lat' dir='ltr'><strong>propria</strong></span> <span class='ocrx_word' id='word_1_13' title='bbox 1288 515 1649 597; x_wconf 89' lang='lat' dir='ltr'><strong>praedicata</strong></span> <span class='ocrx_word' id='word_1_14' title='bbox 1683 514 1870 579; x_wconf 90' lang='lat' dir='ltr'><strong>unius</strong></span> <span class='ocrx_word' id='word_1_15' title='bbox 1895 515 2080 580; x_wconf 89' lang='lat' dir='ltr'><strong>alteri</strong></span> <span class='ocrx_word' id='word_1_16' title='bbox 2107 515 2334 580; x_wconf 89' lang='lat' dir='ltr'><strong>debere</strong></span> <span class='ocrx_word' id='word_1_17' title='bbox 2361 512 2594 582; x_wconf 81' lang='lat' dir='ltr'><strong>tribui:</strong></span> <span class='ocrx_word' id='word_1_18' title='bbox 2631 504 2696 574; x_wconf 90' lang='lat' dir='ltr'><strong>in</strong></span> <span class='ocrx_word' id='word_1_19' title='bbox 2745 536 2932 578; x_wconf 89' lang='lat' dir='ltr'><strong>sensu</strong></span> <span class='ocrx_word' id='word_1_20' title='bbox 2965 512 3255 591; x_wconf 79' lang='lat' dir='ltr'><strong>formali3</strong></span> <span class='ocrx_word' id='word_1_21' title='bbox 3281 536 3404 579; x_wconf 83' lang='lat' dir='ltr'><strong>nec</strong></span> <span class='ocrx_word' id='word_1_22' title='bbox 3429 536 3570 579; x_wconf 78' lang='lat' dir='ltr'><strong>vere</strong></span> 
     </span>
     <span class='ocr_line' id='line_1_3' title="bbox 640 602 3564 688; baseline -0.001 -21"><span class='ocrx_word' id='word_1_23' title='bbox 640 626 714 669; x_wconf 89' lang='lat' dir='ltr'><strong>ac</strong></span> <span class='ocrx_word' id='word_1_24' title='bbox 738 604 991 688; x_wconf 83' lang='lat' dir='ltr'><strong>proprie</strong></span> <span class='ocrx_word' id='word_1_25' title='bbox 1017 604 1141 669; x_wconf 87' lang='lat' dir='ltr'><strong>dici</strong></span> <span class='ocrx_word' id='word_1_26' title='bbox 1171 624 1375 688; x_wconf 89' lang='lat' dir='ltr'><strong>posse,</strong></span> <span class='ocrx_word' id='word_1_27' title='bbox 1393 604 1463 669; x_wconf 76' lang='grc' dir='ltr'><strong>τὲ</strong></span> <span class='ocrx_word' id='word_1_28' title='bbox 1486 604 1977 682; x_wconf 88' lang='lat' dir='ltr'><strong>oeconomicum,</strong></span> <span class='ocrx_word' id='word_1_29' title='bbox 2002 604 2454 682; x_wconf 86' lang='lat' dir='ltr'><strong>voluntarium,</strong></span> <span class='ocrx_word' id='word_1_30' title='bbox 2479 602 2959 683; x_wconf 89' lang='lat' dir='ltr'><strong>temporarium,</strong></span> <span class='ocrx_word' id='word_1_31' title='bbox 2991 602 3388 688; x_wconf 83' lang='lat' dir='ltr'><strong>contingens,</strong></span> <span class='ocrx_word' id='word_1_32' title='bbox 3419 602 3564 667; x_wconf 88' lang='lat' dir='ltr'><strong>sub·</strong></span> 
     </span>
     <span class='ocr_line' id='line_1_4' title="bbox 641 688 3566 776; baseline -0.001 -20"><span class='ocrx_word' id='word_1_33' title='bbox 641 692 1001 756; x_wconf 88' lang='lat' dir='ltr'><strong>ordinatum</strong></span> <span class='ocrx_word' id='word_1_34' title='bbox 1035 695 1163 776; x_wconf 75' lang='lat' dir='ltr'><strong>qua</strong></span> <span class='ocrx_word' id='word_1_35' title='bbox 1206 692 1337 756; x_wconf 89' lang='lat' dir='ltr'><strong>tale</strong></span> <span class='ocrx_word' id='word_1_36' title='bbox 1384 712 1521 756; x_wconf 85' lang='lat' dir='ltr'><strong>esse</strong></span> <span class='ocrx_word' id='word_1_37' title='bbox 1571 693 1862 757; x_wconf 86' lang='lat' dir='ltr'><strong>absolute</strong></span> <span class='ocrx_word' id='word_1_38' title='bbox 1895 694 1942 758; x_wconf 81' lang='lat'>&amp;</span> <span class='ocrx_word' id='word_1_39' title='bbox 1990 692 2348 757; x_wconf 80' lang='lat' dir='ltr'><strong>formaliter</strong></span> <span class='ocrx_word' id='word_1_40' title='bbox 2395 690 2632 755; x_wconf 89' lang='lat' dir='ltr'><strong>deitate</strong></span> <span class='ocrx_word' id='word_1_41' title='bbox 2652 688 2715 752; x_wconf 88' lang='lat' dir='ltr'><strong>in</strong></span> <span class='ocrx_word' id='word_1_42' title='bbox 2743 714 2808 753; x_wconf 89' lang='lat' dir='ltr'><strong>se</strong></span> <span class='ocrx_word' id='word_1_43' title='bbox 2834 692 2880 756; x_wconf 75' lang='lat' dir='ltr'><strong>8z</strong></span> <span class='ocrx_word' id='word_1_44' title='bbox 2911 695 2982 755; x_wconf 86' lang='lat' dir='ltr'><strong>ut</strong></span> <span class='ocrx_word' id='word_1_45' title='bbox 3005 690 3117 765; x_wconf 87' lang='lat' dir='ltr'><strong>sic,</strong></span> <span class='ocrx_word' id='word_1_46' title='bbox 3148 696 3258 753; x_wconf 90' lang='lat' dir='ltr'><strong>aut</strong></span> <span class='ocrx_word' id='word_1_47' title='bbox 3281 713 3422 755; x_wconf 88' lang='lat' dir='ltr'><strong>esse</strong></span> <span class='ocrx_word' id='word_1_48' title='bbox 3447 691 3566 774; x_wconf 87' lang='lat' dir='ltr'><strong>pri-</strong></span> 
     </span>
     <span class='ocr_line' id='line_1_5' title="bbox 640 777 3556 866; baseline -0 -23"><span class='ocrx_word' id='word_1_49' title='bbox 640 802 817 845; x_wconf 92' lang='lat' dir='ltr'><strong>mum</strong></span> <span class='ocrx_word' id='word_1_50' title='bbox 872 780 1053 866; x_wconf 86' lang='lat' dir='ltr'><strong>[pag.</strong></span> <span class='ocrx_word' id='word_1_51' title='bbox 1102 780 1265 865; x_wconf 85' lang='lat'>338]</span> <span class='ocrx_word' id='word_1_52' title='bbox 1306 778 1689 845; x_wconf 87' lang='lat' dir='ltr'><strong>efficientem</strong></span> <span class='ocrx_word' id='word_1_53' title='bbox 1736 782 1782 847; x_wconf 74' lang='grc' dir='ltr'><strong>δι</strong></span> <span class='ocrx_word' id='word_1_54' title='bbox 1806 781 2107 845; x_wconf 90' lang='lat' dir='ltr'><strong>ultimum</strong></span> <span class='ocrx_word' id='word_1_55' title='bbox 2133 781 2347 860; x_wconf 86' lang='lat' dir='ltr'><strong>finem,</strong></span> <span class='ocrx_word' id='word_1_56' title='bbox 2375 782 2420 846; x_wconf 70' lang='lat' dir='ltr'><strong>a</strong></span> <span class='ocrx_word' id='word_1_57' title='bbox 2444 784 2905 861; x_wconf 85' lang='lat' dir='ltr'><strong>consequenter</strong></span> <span class='ocrx_word' id='word_1_58' title='bbox 2921 800 3058 843; x_wconf 88' lang='lat' dir='ltr'><strong>esse</strong></span> <span class='ocrx_word' id='word_1_59' title='bbox 3083 777 3556 845; x_wconf 86' lang='lat' dir='ltr'><strong>fundamentum</strong></span> 
     </span>
     <span class='ocr_line' id='line_1_6' title="bbox 640 866 3558 955; baseline 0 -23"><span class='ocrx_word' id='word_1_60' title='bbox 640 868 941 952; x_wconf 89' lang='lat' dir='ltr'><strong>primum,</strong></span> <span class='ocrx_word' id='word_1_61' title='bbox 973 868 1293 951; x_wconf 88' lang='lat' dir='ltr'><strong>objectum</strong></span> <span class='ocrx_word' id='word_1_62' title='bbox 1323 867 1612 949; x_wconf 86' lang='lat' dir='ltr'><strong>formale,</strong></span> <span class='ocrx_word' id='word_1_63' title='bbox 1637 870 1959 953; x_wconf 89' lang='lat' dir='ltr'><strong>objectum</strong></span> <span class='ocrx_word' id='word_1_64' title='bbox 1982 870 2260 953; x_wconf 89' lang='lat' dir='ltr'><strong>primum</strong></span> <span class='ocrx_word' id='word_1_65' title='bbox 2286 871 2330 935; x_wconf 67' lang='lat'><strong>82</strong></span> <span class='ocrx_word' id='word_1_66' title='bbox 2358 868 2678 945; x_wconf 84' lang='lat' dir='ltr'><strong>ultimum,</strong></span> <span class='ocrx_word' id='word_1_67' title='bbox 2705 868 3020 933; x_wconf 87' lang='lat' dir='ltr'><strong>rationem</strong></span> <span class='ocrx_word' id='word_1_68' title='bbox 3041 866 3372 933; x_wconf 86' lang='lat' dir='ltr'><strong>formalem</strong></span> <span class='ocrx_word' id='word_1_69' title='bbox 3389 889 3558 955; x_wconf 76' lang='lat' dir='ltr'><strong>quae,</strong></span> 
     </span>
     <span class='ocr_line' id='line_1_7' title="bbox 637 955 3554 1045; baseline -0.001 -22"><span class='ocrx_word' id='word_1_70' title='bbox 637 960 787 1043; x_wconf 71' lang='lat' dir='ltr'><strong>qud,</strong></span> <span class='ocrx_word' id='word_1_71' title='bbox 834 958 950 1022; x_wconf 70' lang='lat' dir='ltr'><strong>sub</strong></span> <span class='ocrx_word' id='word_1_72' title='bbox 996 958 1123 1045; x_wconf 72' lang='lat' dir='ltr'><strong>quit</strong></span> <span class='ocrx_word' id='word_1_73' title='bbox 1154 956 1490 1041; x_wconf 83' lang='lat' dir='ltr'>religiosae</span> <span class='ocrx_word' id='word_1_74' title='bbox 1522 958 1925 1035; x_wconf 89' lang='lat' dir='ltr'><strong>adorationis,</strong></span> <span class='ocrx_word' id='word_1_75' title='bbox 1954 963 2080 1041; x_wconf 77' lang='lat' dir='ltr'><strong>qua</strong></span> <span class='ocrx_word' id='word_1_76' title='bbox 2111 958 2320 1041; x_wconf 80' lang='lat' dir='ltr'><strong>posita</strong></span> <span class='ocrx_word' id='word_1_77' title='bbox 2334 957 2612 1041; x_wconf 81' lang='lat' dir='ltr'><strong>ponitur,</strong></span> <span class='ocrx_word' id='word_1_78' title='bbox 2639 960 2766 1039; x_wconf 73' lang='lat' dir='ltr'><strong>qua</strong></span> <span class='ocrx_word' id='word_1_79' title='bbox 2791 958 3008 1020; x_wconf 77' lang='lat' dir='ltr'><strong>ablata</strong></span> <span class='ocrx_word' id='word_1_80' title='bbox 3029 955 3335 1020; x_wconf 74' lang='lat' dir='ltr'><strong>aufertur.</strong></span> <span class='ocrx_word' id='word_1_81' title='bbox 3383 956 3554 1031; x_wconf 84' lang='lat' dir='ltr'><strong>Quod</strong></span> 
     </span>
     <span class='ocr_line' id='line_1_8' title="bbox 640 1043 3552 1129; baseline -0 -21"><span class='ocrx_word' id='word_1_82' title='bbox 640 1045 696 1108; x_wconf 92' lang='lat' dir='ltr'><strong>si</strong></span> <span class='ocrx_word' id='word_1_83' title='bbox 740 1046 885 1128; x_wconf 89' lang='lat' dir='ltr'><strong>quis</strong></span> <span class='ocrx_word' id='word_1_84' title='bbox 930 1045 1511 1110; x_wconf 75' lang='lat' dir='ltr'><strong>subordinationem</strong></span> <span class='ocrx_word' id='word_1_85' title='bbox 1555 1048 1724 1112; x_wconf 90' lang='lat' dir='ltr'><strong>hanc</strong></span> <span class='ocrx_word' id='word_1_86' title='bbox 1769 1047 1815 1112; x_wconf 64' lang='grc' dir='ltr'>ἃ</span> <span class='ocrx_word' id='word_1_87' title='bbox 1857 1070 1933 1111; x_wconf 87' lang='lat' dir='ltr'><strong>ex</strong></span> <span class='ocrx_word' id='word_1_88' title='bbox 1958 1052 2032 1111; x_wconf 72' lang='lat' dir='ltr'><strong>ea</strong></span> <span class='ocrx_word' id='word_1_89' title='bbox 2057 1046 2474 1111; x_wconf 72' lang='lat' dir='ltr'><strong>resultantem</strong></span> <span class='ocrx_word' id='word_1_90' title='bbox 2505 1043 2628 1109; x_wconf 88' lang='lat' dir='ltr'><strong>Dei</strong></span> <span class='ocrx_word' id='word_1_91' title='bbox 2653 1066 2765 1109; x_wconf 91' lang='lat' dir='ltr'><strong>seu</strong></span> <span class='ocrx_word' id='word_1_92' title='bbox 2791 1066 3097 1129; x_wconf 83' lang='lat' dir='ltr'><strong>personae</strong></span> <span class='ocrx_word' id='word_1_93' title='bbox 3122 1048 3250 1127; x_wconf 72' lang='lat' dir='ltr'><strong>qua</strong></span> <span class='ocrx_word' id='word_1_94' title='bbox 3273 1045 3552 1109; x_wconf 86' lang='lat' dir='ltr'><strong>subordi-</strong></span> 
     </span>
     <span class='ocr_line' id='line_1_9' title="bbox 639 1133 3550 1219; baseline -0 -22"><span class='ocrx_word' id='word_1_95' title='bbox 639 1134 854 1198; x_wconf 88' lang='lat' dir='ltr'><strong>nantis</strong></span> <span class='ocrx_word' id='word_1_96' title='bbox 902 1136 948 1200; x_wconf 80' lang='lat'>&amp;</span> <span class='ocrx_word' id='word_1_97' title='bbox 985 1133 1109 1198; x_wconf 90' lang='lat' dir='ltr'><strong>Dei</strong></span> <span class='ocrx_word' id='word_1_98' title='bbox 1132 1156 1242 1198; x_wconf 90' lang='lat' dir='ltr'><strong>seu</strong></span> <span class='ocrx_word' id='word_1_99' title='bbox 1270 1156 1576 1219; x_wconf 85' lang='lat' dir='ltr'><strong>personae</strong></span> <span class='ocrx_word' id='word_1_100' title='bbox 1614 1138 1742 1219; x_wconf 76' lang='lat' dir='ltr'><strong>qua</strong></span> <span class='ocrx_word' id='word_1_101' title='bbox 1770 1134 2218 1199; x_wconf 88' lang='lat' dir='ltr'><strong>subordinatae</strong></span> <span class='ocrx_word' id='word_1_102' title='bbox 2245 1135 2390 1200; x_wconf 90' lang='lat' dir='ltr'><strong>dist.</strong></span> <span class='ocrx_word' id='word_1_103' title='bbox 2426 1135 2520 1219; x_wconf 90' lang='lat' dir='ltr'><strong>(in</strong></span> <span class='ocrx_word' id='word_1_104' title='bbox 2545 1155 2734 1197; x_wconf 90' lang='lat' dir='ltr'><strong>sensu</strong></span> <span class='ocrx_word' id='word_1_105' title='bbox 2757 1133 3009 1198; x_wconf 88' lang='lat' dir='ltr'><strong>formali</strong></span> <span class='ocrx_word' id='word_1_106' title='bbox 3037 1133 3202 1215; x_wconf 89' lang='lat' dir='ltr'><strong>scil.)</strong></span> <span class='ocrx_word' id='word_1_107' title='bbox 3229 1134 3550 1197; x_wconf 79' lang='lat' dir='ltr'><strong>admittere</strong></span> 
     </span>
     <span class='ocr_line' id='line_1_10' title="bbox 641 1221 3546 1307; baseline 0 -22"><span class='ocrx_word' id='word_1_108' title='bbox 641 1222 831 1299; x_wconf 88' lang='lat' dir='ltr'><strong>nolit;</strong></span> <span class='ocrx_word' id='word_1_109' title='bbox 878 1223 933 1287; x_wconf 89' lang='lat' dir='ltr'><strong>is</strong></span> <span class='ocrx_word' id='word_1_110' title='bbox 980 1222 1211 1303; x_wconf 86' lang='lat' dir='ltr'><strong>videat,</strong></span> <span class='ocrx_word' id='word_1_111' title='bbox 1262 1226 1574 1305; x_wconf 90' lang='lat' dir='ltr'><strong>quomodo</strong></span> <span class='ocrx_word' id='word_1_112' title='bbox 1620 1223 1955 1288; x_wconf 85' lang='lat' dir='ltr'><strong>defendere</strong></span> <span class='ocrx_word' id='word_1_113' title='bbox 1995 1224 2198 1307; x_wconf 85' lang='lat' dir='ltr'><strong>possit</strong></span> <span class='ocrx_word' id='word_1_114' title='bbox 2221 1245 2364 1287; x_wconf 90' lang='lat' dir='ltr'><strong>cum</strong></span> <span class='ocrx_word' id='word_1_115' title='bbox 2389 1222 2620 1287; x_wconf 90' lang='lat' dir='ltr'><strong>nostris</strong></span> <span class='ocrx_word' id='word_1_116' title='bbox 2644 1221 2964 1306; x_wconf 88' lang='lat' dir='ltr'><strong>theologis</strong></span> <span class='ocrx_word' id='word_1_117' title='bbox 2997 1222 3546 1287; x_wconf 70' lang='lat' dir='ltr'><strong>exinanitionem&amp;</strong></span> 
     </span>
     <span class='ocr_line' id='line_1_11' title="bbox 640 1309 3548 1395; baseline -0 -21"><span class='ocrx_word' id='word_1_118' title='bbox 640 1310 1153 1376; x_wconf 83' lang='lat' dir='ltr'><strong>humiliationem</strong></span> <span class='ocrx_word' id='word_1_119' title='bbox 1208 1309 1447 1375; x_wconf 86' lang='lat' dir='ltr'><strong>Christi</strong></span> <span class='ocrx_word' id='word_1_120' title='bbox 1504 1312 1872 1377; x_wconf 90' lang='lat' dir='ltr'><strong>mediatoris</strong></span> <span class='ocrx_word' id='word_1_121' title='bbox 1929 1311 2276 1376; x_wconf 89' lang='lat' dir='ltr'><strong>secundum</strong></span> <span class='ocrx_word' id='word_1_122' title='bbox 2322 1315 2658 1393; x_wconf 88' lang='lat' dir='ltr'><strong>utramque</strong></span> <span class='ocrx_word' id='word_1_123' title='bbox 2722 1314 3036 1374; x_wconf 86' lang='lat' dir='ltr'><strong>naturam:</strong></span> <span class='ocrx_word' id='word_1_124' title='bbox 3097 1311 3360 1395; x_wconf 87' lang='lat' dir='ltr'><strong>(quippe</strong></span> <span class='ocrx_word' id='word_1_125' title='bbox 3403 1332 3548 1393; x_wconf 86' lang='lat' dir='ltr'><strong>opus</strong></span> 
     </span>
     <span class='ocr_line' id='line_1_12' title="bbox 642 1397 3544 1485; baseline 0.001 -28"><span class='ocrx_word' id='word_1_126' title='bbox 642 1398 1007 1475; x_wconf 61' lang='grc' dir='ltr'><em>θεανὸρικὸν,</em></span> <span class='ocrx_word' id='word_1_127' title='bbox 1061 1398 1158 1463; x_wconf 89' lang='lat' dir='ltr'><strong>uti</strong></span> <span class='ocrx_word' id='word_1_128' title='bbox 1203 1400 1486 1483; x_wconf 86' lang='lat' dir='ltr'><strong>loquitur</strong></span> <span class='ocrx_word' id='word_1_129' title='bbox 1534 1402 1851 1467; x_wconf 75' lang='lat' dir='ltr'><strong>Gomaras</strong></span> <span class='ocrx_word' id='word_1_130' title='bbox 1897 1402 1968 1464; x_wconf 78' lang='lat' dir='ltr'><strong>in</strong></span> <span class='ocrx_word' id='word_1_131' title='bbox 2003 1400 2276 1485; x_wconf 80' lang='lat' dir='ltr'><strong>Philipp.</strong></span> <span class='ocrx_word' id='word_1_132' title='bbox 2306 1402 2366 1464; x_wconf 81' lang='lat'><strong>2.</strong></span> <span class='ocrx_word' id='word_1_133' title='bbox 2392 1422 2455 1484; x_wconf 82' lang='lat' dir='ltr'><strong>p.</strong></span> <span class='ocrx_word' id='word_1_134' title='bbox 2485 1398 2660 1481; x_wconf 87' lang='lat'>195.)</span> <span class='ocrx_word' id='word_1_135' title='bbox 2685 1397 2730 1461; x_wconf 70' lang='lat' dir='ltr'><strong>a</strong></span> <span class='ocrx_word' id='word_1_136' title='bbox 2761 1404 3221 1482; x_wconf 86' lang='lat' dir='ltr'><strong>consequenter</strong></span> <span class='ocrx_word' id='word_1_137' title='bbox 3243 1404 3408 1463; x_wconf 86' lang='lat' dir='ltr'><strong>recte</strong></span> <span class='ocrx_word' id='word_1_138' title='bbox 3429 1398 3544 1463; x_wconf 85' lang='lat' dir='ltr'><strong>sol·</strong></span> 
     </span>
     <span class='ocr_line' id='line_1_13' title="bbox 638 1486 3546 1573; baseline -0.001 -21"><span class='ocrx_word' id='word_1_139' title='bbox 638 1510 783 1552; x_wconf 87' lang='lat' dir='ltr'><strong>vere</strong></span> <span class='ocrx_word' id='word_1_140' title='bbox 830 1488 1171 1572; x_wconf 89' lang='lat' dir='ltr'><strong>praecipua</strong></span> <span class='ocrx_word' id='word_1_141' title='bbox 1222 1495 1601 1573; x_wconf 86' lang='lat' dir='ltr'><strong>argumenta</strong></span> <span class='ocrx_word' id='word_1_142' title='bbox 1646 1488 1937 1555; x_wconf 79' lang='lat' dir='ltr'><strong>Staneari</strong></span> <span class='ocrx_word' id='word_1_143' title='bbox 1949 1512 1972 1565; x_wconf 90' lang='lat'><em>;</em></span> <span class='ocrx_word' id='word_1_144' title='bbox 2016 1510 2180 1571; x_wconf 89' lang='lat' dir='ltr'><strong>quae</strong></span> <span class='ocrx_word' id='word_1_145' title='bbox 2231 1492 2568 1553; x_wconf 88' lang='lat' dir='ltr'><strong>occurrunt</strong></span> <span class='ocrx_word' id='word_1_146' title='bbox 2613 1488 2680 1550; x_wconf 92' lang='lat' dir='ltr'><strong>in</strong></span> <span class='ocrx_word' id='word_1_147' title='bbox 2741 1486 3036 1572; x_wconf 72' lang='lat' dir='ltr'><strong>Wiyancli</strong></span> <span class='ocrx_word' id='word_1_148' title='bbox 3059 1500 3235 1553; x_wconf 81' lang='lat' dir='ltr'><strong>tract.</strong></span> <span class='ocrx_word' id='word_1_149' title='bbox 3261 1487 3546 1572; x_wconf 77' lang='lat' dir='ltr'><strong>peculiari</strong></span> 
     </span>
     <span class='ocr_line' id='line_1_14' title="bbox 636 1574 3538 1662; baseline -0.002 -20"><span class='ocrx_word' id='word_1_150' title='bbox 636 1590 855 1642; x_wconf 77' lang='lat' dir='ltr'><strong>contra</strong></span> <span class='ocrx_word' id='word_1_151' title='bbox 879 1577 1258 1642; x_wconf 73' lang='lat' dir='ltr'><strong>Stancarum</strong></span> <span class='ocrx_word' id='word_1_152' title='bbox 1276 1598 1295 1637; x_wconf 93' lang='lat'><strong>.·</strong></span> <span class='ocrx_word' id='word_1_153' title='bbox 1317 1600 1468 1641; x_wconf 88' lang='lat' dir='ltr'><strong>nam</strong></span> <span class='ocrx_word' id='word_1_154' title='bbox 1492 1578 1627 1662; x_wconf 88' lang='lat' dir='ltr'><strong>ipse</strong></span> <span class='ocrx_word' id='word_1_155' title='bbox 1651 1578 1817 1642; x_wconf 88' lang='lat' dir='ltr'><strong>liber</strong></span> <span class='ocrx_word' id='word_1_156' title='bbox 1841 1577 2138 1642; x_wconf 73' lang='lat' dir='ltr'><strong>Stant-ari</strong></span> <span class='ocrx_word' id='word_1_157' title='bbox 2158 1578 2468 1641; x_wconf 86' lang='lat' dir='ltr'><strong>hactenus</strong></span> <span class='ocrx_word' id='word_1_158' title='bbox 2504 1575 2662 1640; x_wconf 91' lang='lat' dir='ltr'><strong>mihi</strong></span> <span class='ocrx_word' id='word_1_159' title='bbox 2693 1597 2815 1639; x_wconf 91' lang='lat' dir='ltr'><strong>non</strong></span> <span class='ocrx_word' id='word_1_160' title='bbox 2841 1576 3032 1640; x_wconf 85' lang='lat' dir='ltr'><strong>visus.</strong></span> <span class='ocrx_word' id='word_1_161' title='bbox 3099 1574 3276 1640; x_wconf 88' lang='lat' dir='ltr'><strong>Idem</strong></span> <span class='ocrx_word' id='word_1_162' title='bbox 3301 1576 3433 1639; x_wconf 80' lang='lat' dir='ltr'><strong>dico</strong></span> <span class='ocrx_word' id='word_1_163' title='bbox 3473 1576 3538 1638; x_wconf 83' lang='lat' dir='ltr'><strong>de</strong></span> 
     </span>
     <span class='ocr_line' id='line_1_15' title="bbox 636 1664 3538 1749; baseline -0.001 -20"><span class='ocrx_word' id='word_1_164' title='bbox 636 1664 1031 1749; x_wconf 82' lang='lat' dir='ltr'><strong>argumentis</strong></span> <span class='ocrx_word' id='word_1_165' title='bbox 1078 1664 1605 1745; x_wconf 88' lang='lat' dir='ltr'><strong>Lutheranorum,</strong></span> <span class='ocrx_word' id='word_1_166' title='bbox 1652 1670 1874 1731; x_wconf 88' lang='lat' dir='ltr'><strong>contra</strong></span> <span class='ocrx_word' id='word_1_167' title='bbox 1919 1687 2080 1748; x_wconf 89' lang='lat' dir='ltr'><strong>quae</strong></span> <span class='ocrx_word' id='word_1_168' title='bbox 2143 1665 2346 1729; x_wconf 87' lang='lat' dir='ltr'><strong>nostri</strong></span> <span class='ocrx_word' id='word_1_169' title='bbox 2395 1664 2760 1743; x_wconf 83' lang='lat' dir='ltr'><strong>defendunt,</strong></span> <span class='ocrx_word' id='word_1_170' title='bbox 2816 1664 3096 1728; x_wconf 86' lang='lat' dir='ltr'><strong>divinam</strong></span> <span class='ocrx_word' id='word_1_171' title='bbox 3149 1669 3440 1728; x_wconf 86' lang='lat' dir='ltr'><strong>naturam</strong></span> <span class='ocrx_word' id='word_1_172' title='bbox 3481 1664 3538 1726; x_wconf 90' lang='lat' dir='ltr'><strong>in</strong></span> 
     </span>
     <span class='ocr_line' id='line_1_16' title="bbox 636 1751 3536 1836; baseline -0.001 -19"><span class='ocrx_word' id='word_1_173' title='bbox 636 1752 891 1819; x_wconf 89' lang='lat' dir='ltr'><strong>Christo</strong></span> <span class='ocrx_word' id='word_1_174' title='bbox 914 1756 1083 1818; x_wconf 74' lang='lat' dir='ltr'><strong>recte</strong></span> <span class='ocrx_word' id='word_1_175' title='bbox 1109 1753 1231 1818; x_wconf 90' lang='lat' dir='ltr'><strong>dici</strong></span> <span class='ocrx_word' id='word_1_176' title='bbox 1257 1754 1645 1819; x_wconf 83' lang='lat' dir='ltr'><strong>exaltantem</strong></span> <span class='ocrx_word' id='word_1_177' title='bbox 1670 1756 1717 1820; x_wconf 70' lang='grc' dir='ltr'><strong>δι</strong></span> <span class='ocrx_word' id='word_1_178' title='bbox 1742 1755 2110 1831; x_wconf 85' lang='lat' dir='ltr'><strong>exaltatam,</strong></span> <span class='ocrx_word' id='word_1_179' title='bbox 2137 1754 2381 1825; x_wconf 74' lang='lat' dir='ltr'><strong>diverso</strong></span> <span class='ocrx_word' id='word_1_180' title='bbox 2417 1754 2552 1817; x_wconf 86' lang='lat' dir='ltr'><strong>scil.</strong></span> <span class='ocrx_word' id='word_1_181' title='bbox 2578 1756 2888 1836; x_wconf 87' lang='lat' dir='ltr'><strong>respectu.</strong></span> <span class='ocrx_word' id='word_1_182' title='bbox 2941 1751 3104 1817; x_wconf 89' lang='lat' dir='ltr'><strong>Vide</strong></span> <span class='ocrx_word' id='word_1_183' title='bbox 3133 1753 3348 1817; x_wconf 62' lang='lat' dir='ltr'><strong>March.</strong></span> <span class='ocrx_word' id='word_1_184' title='bbox 3385 1754 3536 1817; x_wconf 76' lang='lat' dir='ltr'><strong>Mar-</strong></span> 
     </span>
     <span class='ocr_line' id='line_1_17' title="bbox 636 1840 3534 1927; baseline -0.001 -21"><span class='ocrx_word' id='word_1_185' title='bbox 636 1842 844 1907; x_wconf 74' lang='lat' dir='ltr'><strong>tinam</strong></span> <span class='ocrx_word' id='word_1_186' title='bbox 891 1842 995 1907; x_wconf 79' lang='lat' dir='ltr'><strong>tib.</strong></span> <span class='ocrx_word' id='word_1_187' title='bbox 1049 1842 1143 1907; x_wconf 82' lang='lat' dir='ltr'><strong>cit.</strong></span> <span class='ocrx_word' id='word_1_188' title='bbox 1184 1854 1400 1907; x_wconf 85' lang='lat' dir='ltr'><strong>contra</strong></span> <span class='ocrx_word' id='word_1_189' title='bbox 1425 1843 1834 1909; x_wconf 81' lang='lat' dir='ltr'><strong>Mentzerttm.</strong></span> <span class='ocrx_word' id='word_1_190' title='bbox 1862 1864 1995 1926; x_wconf 86' lang='lat' dir='ltr'><strong>cap.</strong></span> <span class='ocrx_word' id='word_1_191' title='bbox 2039 1844 2136 1906; x_wconf 89' lang='grc'><strong>18.</strong></span> <span class='ocrx_word' id='word_1_192' title='bbox 2175 1842 2509 1927; x_wconf 68' lang='lat' dir='ltr'><strong>&#39;Hya-rinos</strong></span> <span class='ocrx_word' id='word_1_193' title='bbox 2540 1842 2820 1927; x_wconf 73' lang='lat' dir='ltr'><strong>aliosque</strong></span> <span class='ocrx_word' id='word_1_194' title='bbox 2848 1842 3224 1925; x_wconf 74' lang='lat' dir='ltr'><strong>reformatos</strong></span> <span class='ocrx_word' id='word_1_195' title='bbox 3247 1840 3534 1918; x_wconf 75' lang='lat' dir='ltr'><strong>Sumam-i,</strong></span> 
     </span>
    </p>
   </div>
   <div class='ocr_carea' id='block_1_3' title="bbox 634 1930 3534 2102">
    <p class='ocr_par' dir='ltr' id='par_1_3' title="bbox 634 1930 3534 2102">
     <span class='ocr_line' id='line_1_18' title="bbox 634 1930 2798 2016; baseline -0.002 -19"><span class='ocrx_word' id='word_1_196' title='bbox 634 1930 844 1997; x_wconf 78' lang='lat' dir='ltr'><strong>Socini</strong></span> <span class='ocrx_word' id='word_1_197' title='bbox 871 1930 981 1997; x_wconf 66' lang='lat'><strong>8⁴0.</strong></span> <span class='ocrx_word' id='word_1_198' title='bbox 1016 1932 1439 2016; x_wconf 74' lang='lat' dir='ltr'><strong>antayonistas</strong></span> <span class='ocrx_word' id='word_1_199' title='bbox 1464 1934 1510 1998; x_wconf 70' lang='lat' dir='ltr'><strong>a</strong></span> <span class='ocrx_word' id='word_1_200' title='bbox 1540 1953 1697 2014; x_wconf 91' lang='lat' dir='ltr'><strong>quos</strong></span> <span class='ocrx_word' id='word_1_201' title='bbox 1724 1954 1917 2015; x_wconf 89' lang='lat' dir='ltr'><strong>supra</strong></span> <span class='ocrx_word' id='word_1_202' title='bbox 1941 1931 2027 1996; x_wconf 86' lang='lat' dir='ltr'><strong>ad</strong></span> <span class='ocrx_word' id='word_1_203' title='bbox 2046 1930 2246 2015; x_wconf 84' lang='lat' dir='ltr'><strong>probl.</strong></span> <span class='ocrx_word' id='word_1_204' title='bbox 2276 1931 2334 1993; x_wconf 83' lang='lat'><strong>6.</strong></span> <span class='ocrx_word' id='word_1_205' title='bbox 2361 1930 2798 1994; x_wconf 85' lang='lat' dir='ltr'><strong>indicavimus.</strong></span> 
     </span>
     <span class='ocr_line' id='line_1_19' title="bbox 726 2016 3534 2102; baseline -0.003 -14"><span class='ocrx_word' id='word_1_206' title='bbox 726 2016 793 2088; x_wconf 82' lang='grc'><strong>5.</strong></span> <span class='ocrx_word' id='word_1_207' title='bbox 844 2018 1023 2085; x_wconf 87' lang='lat' dir='ltr'><strong>VIII.</strong></span> <span class='ocrx_word' id='word_1_208' title='bbox 1076 2019 1285 2086; x_wconf 80' lang='lat' dir='ltr'><strong>Probt.</strong></span> <span class='ocrx_word' id='word_1_209' title='bbox 1338 2018 1439 2083; x_wconf 79' lang='lat' dir='ltr'><strong>An</strong></span> <span class='ocrx_word' id='word_1_210' title='bbox 1484 2020 1531 2085; x_wconf 69' lang='grc' dir='ltr'><strong>δι</strong></span> <span class='ocrx_word' id='word_1_211' title='bbox 1578 2023 1890 2102; x_wconf 86' lang='lat' dir='ltr'><strong>quantum</strong></span> <span class='ocrx_word' id='word_1_212' title='bbox 1943 2018 2010 2082; x_wconf 89' lang='lat' dir='ltr'><strong>in</strong></span> <span class='ocrx_word' id='word_1_213' title='bbox 2055 2023 2191 2083; x_wconf 89' lang='lat' dir='ltr'><strong>tota</strong></span> <span class='ocrx_word' id='word_1_214' title='bbox 2243 2018 2363 2083; x_wconf 92' lang='lat' dir='ltr'><strong>hac</strong></span> <span class='ocrx_word' id='word_1_215' title='bbox 2402 2018 2832 2102; x_wconf 86' lang='lat' dir='ltr'><strong>disputatione</strong></span> <span class='ocrx_word' id='word_1_216' title='bbox 2857 2017 2932 2082; x_wconf 92' lang='lat' dir='ltr'><strong>de</strong></span> <span class='ocrx_word' id='word_1_217' title='bbox 2958 2017 3215 2083; x_wconf 88' lang='lat' dir='ltr'><strong>Christo</strong></span> <span class='ocrx_word' id='word_1_218' title='bbox 3241 2018 3534 2083; x_wconf 85' lang='lat' dir='ltr'><strong>adorando</strong></span> 
     </span>
    </p>
   </div>
   <div class='ocr_carea' id='block_1_4' title="bbox 620 2105 3637 4494">
    <p class='ocr_par' dir='ltr' id='par_1_4' title="bbox 620 2105 3637 4494">
     <span class='ocr_line' id='line_1_20' title="bbox 634 2105 3532 2193; baseline -0.002 -20"><span class='ocrx_word' id='word_1_219' title='bbox 634 2130 763 2193; x_wconf 90' lang='lat' dir='ltr'><strong>qua</strong></span> <span class='ocrx_word' id='word_1_220' title='bbox 808 2109 1173 2185; x_wconf 86' lang='lat' dir='ltr'><strong>mediatore,</strong></span> <span class='ocrx_word' id='word_1_221' title='bbox 1222 2108 1571 2172; x_wconf 87' lang='lat' dir='ltr'><strong>Lutherani</strong></span> <span class='ocrx_word' id='word_1_222' title='bbox 1612 2108 1692 2172; x_wconf 88' lang='lat' dir='ltr'><strong>ab</strong></span> <span class='ocrx_word' id='word_1_223' title='bbox 1728 2130 1852 2171; x_wconf 89' lang='lat' dir='ltr'><strong>uno</strong></span> <span class='ocrx_word' id='word_1_224' title='bbox 1891 2110 2082 2190; x_wconf 88' lang='lat' dir='ltr'><strong>atque</strong></span> <span class='ocrx_word' id='word_1_225' title='bbox 2109 2107 2310 2171; x_wconf 86' lang='lat' dir='ltr'><strong>altero</strong></span> <span class='ocrx_word' id='word_1_226' title='bbox 2335 2129 2410 2171; x_wconf 84' lang='lat' dir='ltr'><strong>ex</strong></span> <span class='ocrx_word' id='word_1_227' title='bbox 2435 2106 2670 2171; x_wconf 84' lang='lat' dir='ltr'><strong>nostris</strong></span> <span class='ocrx_word' id='word_1_228' title='bbox 2693 2128 2808 2189; x_wconf 89' lang='lat' dir='ltr'><strong>pro</strong></span> <span class='ocrx_word' id='word_1_229' title='bbox 2841 2105 3206 2171; x_wconf 80' lang='lat' dir='ltr'><strong>affirmante</strong></span> <span class='ocrx_word' id='word_1_230' title='bbox 3237 2106 3532 2170; x_wconf 87' lang='lat' dir='ltr'><strong>sententia</strong></span> 
     </span>
     <span class='ocr_line' id='line_1_21' title="bbox 633 2194 3530 2281; baseline -0.001 -20"><span class='ocrx_word' id='word_1_231' title='bbox 633 2196 1126 2281; x_wconf 83' lang='lat' dir='ltr'><strong>disputantibuS,</strong></span> <span class='ocrx_word' id='word_1_232' title='bbox 1166 2196 1213 2261; x_wconf 71' lang='lat' dir='ltr'><strong>a</strong></span> <span class='ocrx_word' id='word_1_233' title='bbox 1235 2196 1306 2259; x_wconf 91' lang='lat' dir='ltr'><strong>hi</strong></span> <span class='ocrx_word' id='word_1_234' title='bbox 1332 2196 1609 2261; x_wconf 88' lang='lat' dir='ltr'><strong>vicissim</strong></span> <span class='ocrx_word' id='word_1_235' title='bbox 1643 2197 1722 2260; x_wconf 91' lang='lat' dir='ltr'><strong>ab</strong></span> <span class='ocrx_word' id='word_1_236' title='bbox 1748 2195 1879 2259; x_wconf 91' lang='lat' dir='ltr'><strong>illis</strong></span> <span class='ocrx_word' id='word_1_237' title='bbox 1905 2195 2285 2259; x_wconf 86' lang='lat' dir='ltr'><strong>dissentiant</strong></span> <span class='ocrx_word' id='word_1_238' title='bbox 2309 2201 2422 2260; x_wconf 88' lang='lat' dir='ltr'><strong>aut</strong></span> <span class='ocrx_word' id='word_1_239' title='bbox 2453 2217 2576 2259; x_wconf 92' lang='lat' dir='ltr'><strong>non</strong></span> <span class='ocrx_word' id='word_1_240' title='bbox 2601 2194 3000 2259; x_wconf 83' lang='lat' dir='ltr'><strong>dissentiant.</strong></span> <span class='ocrx_word' id='word_1_241' title='bbox 3029 2194 3214 2279; x_wconf 80' lang='lat' dir='ltr'><strong>Resp.</strong></span> <span class='ocrx_word' id='word_1_242' title='bbox 3241 2194 3530 2259; x_wconf 86' lang='lat' dir='ltr'><strong>Luthera-</strong></span> 
     </span>
     <span class='ocr_line' id='line_1_22' title="bbox 632 2283 3530 2367; baseline -0.001 -18"><span class='ocrx_word' id='word_1_243' title='bbox 632 2307 746 2350; x_wconf 88' lang='lat' dir='ltr'><strong>nos</strong></span> <span class='ocrx_word' id='word_1_244' title='bbox 793 2286 919 2350; x_wconf 75' lang='lat' dir='ltr'><strong>alib</strong></span> <span class='ocrx_word' id='word_1_245' title='bbox 960 2285 1282 2349; x_wconf 88' lang='lat' dir='ltr'><strong>collimare</strong></span> <span class='ocrx_word' id='word_1_246' title='bbox 1329 2289 1550 2349; x_wconf 91' lang='lat' dir='ltr'><strong>notum</strong></span> <span class='ocrx_word' id='word_1_247' title='bbox 1598 2288 1715 2363; x_wconf 89' lang='lat' dir='ltr'><strong>est,</strong></span> <span class='ocrx_word' id='word_1_248' title='bbox 1765 2289 1837 2348; x_wconf 91' lang='lat' dir='ltr'><strong>ut</strong></span> <span class='ocrx_word' id='word_1_249' title='bbox 1883 2284 2018 2348; x_wconf 89' lang='lat' dir='ltr'><strong>scil.</strong></span> <span class='ocrx_word' id='word_1_250' title='bbox 2042 2284 2361 2347; x_wconf 85' lang='lat' dir='ltr'><strong>humanae</strong></span> <span class='ocrx_word' id='word_1_251' title='bbox 2386 2283 2622 2348; x_wconf 85' lang='lat' dir='ltr'><strong>Christi</strong></span> <span class='ocrx_word' id='word_1_252' title='bbox 2650 2286 2918 2348; x_wconf 86' lang='lat' dir='ltr'><strong>naturae</strong></span> <span class='ocrx_word' id='word_1_253' title='bbox 2950 2306 3027 2348; x_wconf 85' lang='lat' dir='ltr'><strong>ea</strong></span> <span class='ocrx_word' id='word_1_254' title='bbox 3051 2284 3361 2362; x_wconf 84' lang='lat' dir='ltr'><strong>tribuant,</strong></span> <span class='ocrx_word' id='word_1_255' title='bbox 3387 2304 3530 2367; x_wconf 79' lang='lat' dir='ltr'><strong>quae</strong></span> 
     </span>
     <span class='ocr_line' id='line_1_23' title="bbox 633 2371 3530 2459; baseline -0.002 -19"><span class='ocrx_word' id='word_1_256' title='bbox 633 2373 853 2440; x_wconf 85' lang='lat' dir='ltr'><strong>deitati</strong></span> <span class='ocrx_word' id='word_1_257' title='bbox 902 2372 1159 2459; x_wconf 89' lang='lat' dir='ltr'><strong>propria</strong></span> <span class='ocrx_word' id='word_1_258' title='bbox 1190 2378 1358 2452; x_wconf 88' lang='lat' dir='ltr'><strong>sunt,</strong></span> <span class='ocrx_word' id='word_1_259' title='bbox 1414 2394 1679 2458; x_wconf 87' lang='lat' dir='ltr'><strong>eamque</strong></span> <span class='ocrx_word' id='word_1_260' title='bbox 1727 2373 1793 2438; x_wconf 89' lang='lat' dir='ltr'><strong>in</strong></span> <span class='ocrx_word' id='word_1_261' title='bbox 1818 2376 1990 2437; x_wconf 86' lang='lat' dir='ltr'><strong>statu</strong></span> <span class='ocrx_word' id='word_1_262' title='bbox 2015 2372 2420 2438; x_wconf 84' lang='lat' dir='ltr'><strong>exaltationis</strong></span> <span class='ocrx_word' id='word_1_263' title='bbox 2445 2372 2834 2437; x_wconf 88' lang='lat' dir='ltr'><strong>adorabilem</strong></span> <span class='ocrx_word' id='word_1_264' title='bbox 2858 2371 3121 2438; x_wconf 88' lang='lat' dir='ltr'><strong>faciant.</strong></span> <span class='ocrx_word' id='word_1_265' title='bbox 3170 2371 3244 2438; x_wconf 88' lang='lat' dir='ltr'><strong>In</strong></span> <span class='ocrx_word' id='word_1_266' title='bbox 3274 2371 3426 2457; x_wconf 90' lang='lat' dir='ltr'><strong>ipsis</strong></span> <span class='ocrx_word' id='word_1_267' title='bbox 3449 2376 3530 2435; x_wconf 84' lang='lat' dir='ltr'><strong>ta·</strong></span> 
     </span>
     <span class='ocr_line' id='line_1_24' title="bbox 630 2461 3528 2546; baseline -0.001 -20"><span class='ocrx_word' id='word_1_268' title='bbox 630 2485 777 2528; x_wconf 89' lang='lat' dir='ltr'><strong>men</strong></span> <span class='ocrx_word' id='word_1_269' title='bbox 826 2463 1070 2540; x_wconf 79' lang='lat' dir='ltr'><strong>mediiS,</strong></span> <span class='ocrx_word' id='word_1_270' title='bbox 1119 2485 1230 2527; x_wconf 88' lang='lat' dir='ltr'><strong>seu</strong></span> <span class='ocrx_word' id='word_1_271' title='bbox 1260 2463 1327 2526; x_wconf 94' lang='lat' dir='ltr'><strong>in</strong></span> <span class='ocrx_word' id='word_1_272' title='bbox 1352 2484 1577 2527; x_wconf 87' lang='lat' dir='ltr'><strong>causae</strong></span> <span class='ocrx_word' id='word_1_273' title='bbox 1613 2463 1803 2546; x_wconf 90' lang='lat' dir='ltr'><strong>hujus</strong></span> <span class='ocrx_word' id='word_1_274' title='bbox 1829 2461 2304 2545; x_wconf 88' lang='lat' dir='ltr'><strong>disceptatione,</strong></span> <span class='ocrx_word' id='word_1_275' title='bbox 2331 2465 2402 2525; x_wconf 90' lang='lat' dir='ltr'><strong>ut</strong></span> <span class='ocrx_word' id='word_1_276' title='bbox 2427 2462 2774 2545; x_wconf 88' lang='lat' dir='ltr'><strong>plurimum</strong></span> <span class='ocrx_word' id='word_1_277' title='bbox 2800 2463 3131 2526; x_wconf 83' lang='lat' dir='ltr'><strong>convenire</strong></span> <span class='ocrx_word' id='word_1_278' title='bbox 3157 2484 3406 2526; x_wconf 85' lang='lat' dir='ltr'><strong>necesse</strong></span> <span class='ocrx_word' id='word_1_279' title='bbox 3431 2465 3528 2525; x_wconf 85' lang='lat' dir='ltr'><strong>est.</strong></span> 
     </span>
     <span class='ocr_line' id='line_1_25' title="bbox 630 2549 3530 2635; baseline -0.001 -21"><span class='ocrx_word' id='word_1_280' title='bbox 630 2549 803 2615; x_wconf 90' lang='lat' dir='ltr'><strong>Nam</strong></span> <span class='ocrx_word' id='word_1_281' title='bbox 852 2552 1062 2634; x_wconf 77' lang='lat' dir='ltr'><strong>primo</strong></span> <span class='ocrx_word' id='word_1_282' title='bbox 1111 2554 1150 2614; x_wconf 78' lang='lat' dir='ltr'><strong>a</strong></span> <span class='ocrx_word' id='word_1_283' title='bbox 1202 2555 1374 2615; x_wconf 89' lang='lat' dir='ltr'><strong>statu</strong></span> <span class='ocrx_word' id='word_1_284' title='bbox 1428 2550 1891 2615; x_wconf 87' lang='lat' dir='ltr'><strong>controversiae</strong></span> <span class='ocrx_word' id='word_1_285' title='bbox 1938 2550 2287 2630; x_wconf 88' lang='lat' dir='ltr'><strong>discedunt,</strong></span> <span class='ocrx_word' id='word_1_286' title='bbox 2330 2571 2600 2634; x_wconf 91' lang='lat' dir='ltr'><strong>eumque</strong></span> <span class='ocrx_word' id='word_1_287' title='bbox 2641 2550 2707 2612; x_wconf 88' lang='lat' dir='ltr'><strong>in</strong></span> <span class='ocrx_word' id='word_1_288' title='bbox 2733 2571 3077 2635; x_wconf 87' lang='lat' dir='ltr'><strong>progressu</strong></span> <span class='ocrx_word' id='word_1_289' title='bbox 3103 2549 3530 2634; x_wconf 79' lang='lat' dir='ltr'><strong>disputationis</strong></span> 
     </span>
     <span class='ocr_line' id='line_1_26' title="bbox 630 2637 3528 2723; baseline -0.001 -20"><span class='ocrx_word' id='word_1_290' title='bbox 630 2643 904 2718; x_wconf 88' lang='lat' dir='ltr'><strong>mutant,</strong></span> <span class='ocrx_word' id='word_1_291' title='bbox 952 2642 998 2705; x_wconf 69' lang='lat' dir='ltr'><strong>St</strong></span> <span class='ocrx_word' id='word_1_292' title='bbox 1043 2639 1387 2723; x_wconf 86' lang='lat' dir='ltr'><strong>particulas</strong></span> <span class='ocrx_word' id='word_1_293' title='bbox 1445 2639 1794 2702; x_wconf 89' lang='lat' dir='ltr'><strong>limitantes</strong></span> <span class='ocrx_word' id='word_1_294' title='bbox 1843 2637 2260 2718; x_wconf 73' lang='lat' dir='ltr'><strong>confundunt,</strong></span> <span class='ocrx_word' id='word_1_295' title='bbox 2294 2660 2526 2721; x_wconf 86' lang='lat' dir='ltr'><strong>easque</strong></span> <span class='ocrx_word' id='word_1_296' title='bbox 2569 2638 2754 2702; x_wconf 92' lang='lat' dir='ltr'><strong>modo</strong></span> <span class='ocrx_word' id='word_1_297' title='bbox 2801 2637 3182 2712; x_wconf 69' lang='grc' dir='ltr'><strong><em>ἁκυρολὲγως</em></strong></span> <span class='ocrx_word' id='word_1_298' title='bbox 3225 2639 3528 2711; x_wconf 78' lang='lat' dir='ltr'><strong>adhibent,</strong></span> 
     </span>
     <span class='ocr_line' id='line_1_27' title="bbox 628 2725 3526 2810; baseline -0 -20"><span class='ocrx_word' id='word_1_299' title='bbox 628 2729 813 2792; x_wconf 90' lang='lat' dir='ltr'><strong>modo</strong></span> <span class='ocrx_word' id='word_1_300' title='bbox 844 2728 1183 2806; x_wconf 81' lang='lat' dir='ltr'><strong>omittunt3</strong></span> <span class='ocrx_word' id='word_1_301' title='bbox 1216 2727 1309 2791; x_wconf 89' lang='lat' dir='ltr'><strong>ita</strong></span> <span class='ocrx_word' id='word_1_302' title='bbox 1334 2731 1405 2790; x_wconf 90' lang='lat' dir='ltr'><strong>ut</strong></span> <span class='ocrx_word' id='word_1_303' title='bbox 1428 2728 1493 2790; x_wconf 91' lang='lat' dir='ltr'><strong>in</strong></span> <span class='ocrx_word' id='word_1_304' title='bbox 1519 2750 1706 2792; x_wconf 88' lang='lat' dir='ltr'><strong>sensu</strong></span> <span class='ocrx_word' id='word_1_305' title='bbox 1731 2726 1986 2791; x_wconf 89' lang='lat' dir='ltr'><strong>formali</strong></span> <span class='ocrx_word' id='word_1_306' title='bbox 2013 2731 2304 2790; x_wconf 87' lang='lat' dir='ltr'><strong>accurate</strong></span> <span class='ocrx_word' id='word_1_307' title='bbox 2320 2749 2447 2790; x_wconf 87' lang='lat' dir='ltr'><strong>non</strong></span> <span class='ocrx_word' id='word_1_308' title='bbox 2471 2726 2870 2809; x_wconf 73' lang='lat' dir='ltr'><strong>distinguant</strong></span> <span class='ocrx_word' id='word_1_309' title='bbox 2894 2725 3030 2806; x_wconf 88' lang='lat' dir='ltr'><strong>illa,</strong></span> <span class='ocrx_word' id='word_1_310' title='bbox 3080 2749 3243 2810; x_wconf 88' lang='lat' dir='ltr'><strong>quae</strong></span> <span class='ocrx_word' id='word_1_311' title='bbox 3272 2728 3338 2790; x_wconf 87' lang='lat' dir='ltr'><strong>in</strong></span> <span class='ocrx_word' id='word_1_312' title='bbox 3361 2749 3526 2791; x_wconf 87' lang='lat' dir='ltr'><strong>sensu</strong></span> 
     </span>
     <span class='ocr_line' id='line_1_28' title="bbox 626 2813 3524 2900; baseline 0 -23"><span class='ocrx_word' id='word_1_313' title='bbox 626 2814 899 2880; x_wconf 88' lang='lat' dir='ltr'><strong>identico</strong></span> <span class='ocrx_word' id='word_1_314' title='bbox 925 2838 1050 2879; x_wconf 91' lang='lat' dir='ltr'><strong>non</strong></span> <span class='ocrx_word' id='word_1_315' title='bbox 1082 2814 1578 2900; x_wconf 85' lang='lat' dir='ltr'><strong>distinguuntur.</strong></span> <span class='ocrx_word' id='word_1_316' title='bbox 1608 2813 1781 2879; x_wconf 89' lang='lat' dir='ltr'><strong>Inter</strong></span> <span class='ocrx_word' id='word_1_317' title='bbox 1812 2815 2130 2897; x_wconf 86' lang='lat' dir='ltr'><strong>Antiquos</strong></span> <span class='ocrx_word' id='word_1_318' title='bbox 2154 2813 2551 2880; x_wconf 87' lang='lat' dir='ltr'><strong>Lutheranos</strong></span> <span class='ocrx_word' id='word_1_319' title='bbox 2575 2836 2740 2879; x_wconf 89' lang='lat' dir='ltr'><strong>unus</strong></span> <span class='ocrx_word' id='word_1_320' title='bbox 2762 2814 3030 2880; x_wconf 68' lang='lat' dir='ltr'><strong>lacubus</strong></span> <span class='ocrx_word' id='word_1_321' title='bbox 3057 2817 3342 2880; x_wconf 69' lang='lat' dir='ltr'><strong>Andreas</strong></span> <span class='ocrx_word' id='word_1_322' title='bbox 3365 2816 3524 2878; x_wconf 88' lang='lat' dir='ltr'><strong>fidem</strong></span> 
     </span>
     <span class='ocr_line' id='line_1_29' title="bbox 626 2901 3524 2990; baseline 0 -25"><span class='ocrx_word' id='word_1_323' title='bbox 626 2901 782 2967; x_wconf 87' lang='lat' dir='ltr'><strong>facit</strong></span> <span class='ocrx_word' id='word_1_324' title='bbox 832 2903 901 2967; x_wconf 85' lang='lat' dir='ltr'><strong>in</strong></span> <span class='ocrx_word' id='word_1_325' title='bbox 954 2905 1116 2988; x_wconf 78' lang='lat' dir='ltr'><strong>disp.</strong></span> <span class='ocrx_word' id='word_1_326' title='bbox 1150 2905 1225 2969; x_wconf 87' lang='lat' dir='ltr'><strong>de</strong></span> <span class='ocrx_word' id='word_1_327' title='bbox 1247 2905 1609 2969; x_wconf 69' lang='lat' dir='ltr'><strong>adoratione</strong></span> <span class='ocrx_word' id='word_1_328' title='bbox 1638 2904 1885 2980; x_wconf 72' lang='lat' dir='ltr'><strong>Christi,</strong></span> <span class='ocrx_word' id='word_1_329' title='bbox 1920 2905 1966 2970; x_wconf 73' lang='grc' dir='ltr'><strong>δι</strong></span> <span class='ocrx_word' id='word_1_330' title='bbox 1990 2905 2060 2967; x_wconf 85' lang='lat' dir='ltr'><strong>in</strong></span> <span class='ocrx_word' id='word_1_331' title='bbox 2082 2903 2366 2968; x_wconf 78' lang='lat' dir='ltr'><strong>examine</strong></span> <span class='ocrx_word' id='word_1_332' title='bbox 2389 2905 2551 2988; x_wconf 79' lang='lat' dir='ltr'><strong>disp.</strong></span> <span class='ocrx_word' id='word_1_333' title='bbox 2580 2903 3105 2990; x_wconf 71' lang='lat' dir='ltr'><strong>Heideweryensis</strong></span> <span class='ocrx_word' id='word_1_334' title='bbox 3137 2905 3391 2990; x_wconf 81' lang='lat' dir='ltr'><strong>Grynei.</strong></span> <span class='ocrx_word' id='word_1_335' title='bbox 3421 2901 3524 2966; x_wconf 79' lang='lat' dir='ltr'><strong>Re-</strong></span> 
     </span>
     <span class='ocr_line' id='line_1_30' title="bbox 626 2990 3520 3076; baseline 0 -22"><span class='ocrx_word' id='word_1_336' title='bbox 626 2990 934 3056; x_wconf 90' lang='lat' dir='ltr'><strong>centiores</strong></span> <span class='ocrx_word' id='word_1_337' title='bbox 982 3013 1199 3056; x_wconf 89' lang='lat' dir='ltr'><strong>omnes</strong></span> <span class='ocrx_word' id='word_1_338' title='bbox 1248 2994 1623 3071; x_wconf 66' lang='lat' dir='ltr'><strong>Mentzerm,</strong></span> <span class='ocrx_word' id='word_1_339' title='bbox 1680 2992 2057 3057; x_wconf 78' lang='lat' dir='ltr'><strong>Thummius</strong></span> <span class='ocrx_word' id='word_1_340' title='bbox 2104 2993 2203 3057; x_wconf 67' lang='lat' dir='ltr'><strong>&amp;a</strong></span> <span class='ocrx_word' id='word_1_341' title='bbox 2251 2993 2503 3056; x_wconf 91' lang='lat' dir='ltr'><strong>eosdem</strong></span> <span class='ocrx_word' id='word_1_342' title='bbox 2541 3013 2897 3076; x_wconf 82' lang='lat' dir='ltr'><strong>coccysmos</strong></span> <span class='ocrx_word' id='word_1_343' title='bbox 2921 2996 3180 3056; x_wconf 87' lang='lat' dir='ltr'><strong>canunt.</strong></span> <span class='ocrx_word' id='word_1_344' title='bbox 3215 2991 3520 3057; x_wconf 85' lang='lat' dir='ltr'><strong>Suffecerit</strong></span> 
     </span>
     <span class='ocr_line' id='line_1_31' title="bbox 626 3077 3518 3165; baseline 0 -24"><span class='ocrx_word' id='word_1_345' title='bbox 626 3077 777 3142; x_wconf 87' lang='lat' dir='ltr'><strong>huic</strong></span> <span class='ocrx_word' id='word_1_346' title='bbox 822 3080 914 3144; x_wconf 90' lang='lat' dir='ltr'><strong>rei</strong></span> <span class='ocrx_word' id='word_1_347' title='bbox 952 3081 1313 3162; x_wconf 87' lang='lat' dir='ltr'><strong>probandae</strong></span> <span class='ocrx_word' id='word_1_348' title='bbox 1360 3103 1435 3144; x_wconf 83' lang='lat' dir='ltr'><strong>ex</strong></span> <span class='ocrx_word' id='word_1_349' title='bbox 1469 3079 1920 3145; x_wconf 86' lang='lat' dir='ltr'><strong>recentissimis</strong></span> <span class='ocrx_word' id='word_1_350' title='bbox 1966 3079 2319 3146; x_wconf 77' lang='lat' dir='ltr'><strong>Dorselteas</strong></span> <span class='ocrx_word' id='word_1_351' title='bbox 2379 3080 2718 3164; x_wconf 70' lang='lat' dir='ltr'><strong>Theoloytts</strong></span> <span class='ocrx_word' id='word_1_352' title='bbox 2765 3081 3264 3165; x_wconf 72' lang='lat' dir='ltr'><strong>Arqentinemis,</strong></span> <span class='ocrx_word' id='word_1_353' title='bbox 3285 3082 3352 3145; x_wconf 81' lang='lat' dir='ltr'><strong>in</strong></span> <span class='ocrx_word' id='word_1_354' title='bbox 3375 3091 3518 3146; x_wconf 79' lang='lat' dir='ltr'><strong>tract.</strong></span> 
     </span>
     <span class='ocr_line' id='line_1_32' title="bbox 624 3168 3518 3254; baseline 0.001 -24"><span class='ocrx_word' id='word_1_355' title='bbox 624 3188 828 3250; x_wconf 89' lang='lat' dir='ltr'><strong>nuper</strong></span> <span class='ocrx_word' id='word_1_356' title='bbox 864 3168 1033 3232; x_wconf 86' lang='lat' dir='ltr'><strong>edito</strong></span> <span class='ocrx_word' id='word_1_357' title='bbox 1058 3191 1115 3232; x_wconf 91' lang='lat' dir='ltr'><strong>a.</strong></span> <span class='ocrx_word' id='word_1_358' title='bbox 1153 3169 1346 3234; x_wconf 80' lang='lat'><strong>1646.</strong></span> <span class='ocrx_word' id='word_1_359' title='bbox 1379 3170 1479 3233; x_wconf 89' lang='lat' dir='ltr'><strong>tit.</strong></span> <span class='ocrx_word' id='word_1_360' title='bbox 1511 3169 2041 3253; x_wconf 82' lang='lat' dir='ltr'><strong>Interpellationes</strong></span> <span class='ocrx_word' id='word_1_361' title='bbox 2070 3169 2456 3236; x_wconf 77' lang='lat' dir='ltr'><strong>Necessariae</strong></span> <span class='ocrx_word' id='word_1_362' title='bbox 2484 3168 2594 3234; x_wconf 66' lang='lat' dir='ltr'><strong>&amp;a</strong></span> <span class='ocrx_word' id='word_1_363' title='bbox 2631 3168 2746 3234; x_wconf 79' lang='lat' dir='ltr'><strong>Ubi</strong></span> <span class='ocrx_word' id='word_1_364' title='bbox 2765 3169 3243 3252; x_wconf 75' lang='lat' dir='ltr'><strong>problematicae</strong></span> <span class='ocrx_word' id='word_1_365' title='bbox 3261 3171 3518 3254; x_wconf 70' lang='lat' dir='ltr'><strong>disputa·</strong></span> 
     </span>
     <span class='ocr_line' id='line_1_33' title="bbox 626 3255 3516 3344; baseline 0 -24"><span class='ocrx_word' id='word_1_366' title='bbox 626 3255 783 3320; x_wconf 82' lang='lat' dir='ltr'><strong>tioni</strong></span> <span class='ocrx_word' id='word_1_367' title='bbox 826 3260 1188 3321; x_wconf 90' lang='lat' dir='ltr'><strong>nostrorum</strong></span> <span class='ocrx_word' id='word_1_368' title='bbox 1218 3257 1293 3321; x_wconf 88' lang='lat' dir='ltr'><strong>de</strong></span> <span class='ocrx_word' id='word_1_369' title='bbox 1338 3257 1704 3322; x_wconf 77' lang='lat' dir='ltr'><strong>adoratione</strong></span> <span class='ocrx_word' id='word_1_370' title='bbox 1754 3256 1987 3321; x_wconf 79' lang='lat' dir='ltr'><strong>Christi</strong></span> <span class='ocrx_word' id='word_1_371' title='bbox 2032 3277 2098 3320; x_wconf 92' lang='lat' dir='ltr'><strong>se</strong></span> <span class='ocrx_word' id='word_1_372' title='bbox 2131 3257 2514 3336; x_wconf 88' lang='lat' dir='ltr'><strong>immiscens,</strong></span> <span class='ocrx_word' id='word_1_373' title='bbox 2549 3258 2948 3341; x_wconf 85' lang='lat' dir='ltr'><strong>argumentis</strong></span> <span class='ocrx_word' id='word_1_374' title='bbox 2973 3259 3190 3322; x_wconf 88' lang='lat' dir='ltr'><strong>allatis</strong></span> <span class='ocrx_word' id='word_1_375' title='bbox 3217 3279 3364 3344; x_wconf 74' lang='lat' dir='ltr'><strong>pay.</strong></span> <span class='ocrx_word' id='word_1_376' title='bbox 3395 3257 3516 3320; x_wconf 81' lang='lat'><strong>232.</strong></span> 
     </span>
     <span class='ocr_line' id='line_1_34' title="bbox 624 3344 3514 3430; baseline 0 -21"><span class='ocrx_word' id='word_1_377' title='bbox 624 3344 738 3410; x_wconf 80' lang='lat' dir='ltr'><strong>lin.</strong></span> <span class='ocrx_word' id='word_1_378' title='bbox 773 3345 877 3410; x_wconf 86' lang='lat'><strong>33.</strong></span> <span class='ocrx_word' id='word_1_379' title='bbox 927 3345 1250 3408; x_wconf 77' lang='lat' dir='ltr'><strong>contendit</strong></span> <span class='ocrx_word' id='word_1_380' title='bbox 1290 3345 1615 3410; x_wconf 89' lang='lat' dir='ltr'><strong>Christum</strong></span> <span class='ocrx_word' id='word_1_381' title='bbox 1646 3344 2058 3408; x_wconf 89' lang='lat' dir='ltr'><strong>mediatorem</strong></span> <span class='ocrx_word' id='word_1_382' title='bbox 2091 3367 2228 3409; x_wconf 90' lang='lat' dir='ltr'><strong>esse</strong></span> <span class='ocrx_word' id='word_1_383' title='bbox 2251 3346 2528 3430; x_wconf 90' lang='lat' dir='ltr'><strong>primum</strong></span> <span class='ocrx_word' id='word_1_384' title='bbox 2563 3348 2608 3410; x_wconf 70' lang='lat' dir='ltr'><strong>a</strong></span> <span class='ocrx_word' id='word_1_385' title='bbox 2639 3367 2962 3410; x_wconf 88' lang='lat' dir='ltr'><strong>summum</strong></span> <span class='ocrx_word' id='word_1_386' title='bbox 2995 3347 3234 3411; x_wconf 88' lang='lat' dir='ltr'><strong>bonum</strong></span> <span class='ocrx_word' id='word_1_387' title='bbox 3266 3371 3338 3412; x_wconf 89' lang='lat' dir='ltr'><strong>ac</strong></span> <span class='ocrx_word' id='word_1_388' title='bbox 3359 3369 3514 3430; x_wconf 87' lang='lat' dir='ltr'><strong>prop-</strong></span> 
     </span>
     <span class='ocr_line' id='line_1_35' title="bbox 623 3430 3514 3519; baseline 0 -24"><span class='ocrx_word' id='word_1_389' title='bbox 623 3435 798 3497; x_wconf 89' lang='lat' dir='ltr'><strong>terea</strong></span> <span class='ocrx_word' id='word_1_390' title='bbox 830 3433 1237 3498; x_wconf 89' lang='lat' dir='ltr'><strong>adorandum.</strong></span> <span class='ocrx_word' id='word_1_391' title='bbox 1286 3431 1465 3506; x_wconf 86' lang='lat' dir='ltr'><strong>Quod</strong></span> <span class='ocrx_word' id='word_1_392' title='bbox 1488 3455 1673 3497; x_wconf 89' lang='lat' dir='ltr'><strong>nemo</strong></span> <span class='ocrx_word' id='word_1_393' title='bbox 1698 3430 2207 3497; x_wconf 88' lang='lat' dir='ltr'><strong>Christianorum</strong></span> <span class='ocrx_word' id='word_1_394' title='bbox 2231 3433 2419 3498; x_wconf 88' lang='lat' dir='ltr'><strong>hodie</strong></span> <span class='ocrx_word' id='word_1_395' title='bbox 2443 3435 2606 3516; x_wconf 88' lang='lat' dir='ltr'><strong>quod</strong></span> <span class='ocrx_word' id='word_1_396' title='bbox 2632 3434 2850 3510; x_wconf 89' lang='lat' dir='ltr'><strong>sciam,</strong></span> <span class='ocrx_word' id='word_1_397' title='bbox 2885 3439 3104 3519; x_wconf 84' lang='lat' dir='ltr'><strong>negat.</strong></span> <span class='ocrx_word' id='word_1_398' title='bbox 3145 3435 3316 3499; x_wconf 87' lang='lat' dir='ltr'><strong>Nam</strong></span> <span class='ocrx_word' id='word_1_399' title='bbox 3343 3437 3514 3500; x_wconf 66' lang='lat' dir='ltr'><strong>stan-</strong></span> 
     </span>
     <span class='ocr_line' id='line_1_36' title="bbox 622 3520 3514 3604; baseline 0 -20"><span class='ocrx_word' id='word_1_400' title='bbox 622 3521 763 3584; x_wconf 71' lang='lat' dir='ltr'><strong>cisei</strong></span> <span class='ocrx_word' id='word_1_401' title='bbox 787 3521 1053 3587; x_wconf 74' lang='lat' dir='ltr'><strong>Davidis</strong></span> <span class='ocrx_word' id='word_1_402' title='bbox 1075 3525 1437 3599; x_wconf 79' lang='lat' dir='ltr'><strong>sectatoreS,</strong></span> <span class='ocrx_word' id='word_1_403' title='bbox 1471 3521 1657 3604; x_wconf 88' lang='lat' dir='ltr'><strong>siqui</strong></span> <span class='ocrx_word' id='word_1_404' title='bbox 1684 3520 1890 3585; x_wconf 87' lang='lat' dir='ltr'><strong>adhuc</strong></span> <span class='ocrx_word' id='word_1_405' title='bbox 1915 3522 2255 3604; x_wconf 90' lang='lat' dir='ltr'><strong>supersint,</strong></span> <span class='ocrx_word' id='word_1_406' title='bbox 2282 3523 2535 3586; x_wconf 88' lang='lat' dir='ltr'><strong>nomine</strong></span> <span class='ocrx_word' id='word_1_407' title='bbox 2561 3521 3074 3586; x_wconf 88' lang='lat' dir='ltr'><strong>Christianorum</strong></span> <span class='ocrx_word' id='word_1_408' title='bbox 3089 3523 3396 3588; x_wconf 90' lang='lat' dir='ltr'><strong>contineri</strong></span> <span class='ocrx_word' id='word_1_409' title='bbox 3415 3545 3514 3586; x_wconf 89' lang='lat' dir='ltr'><strong>non</strong></span> 
     </span>
     <span class='ocr_line' id='line_1_37' title="bbox 624 3607 3637 3695; baseline 0.001 -25"><span class='ocrx_word' id='word_1_410' title='bbox 624 3608 1028 3673; x_wconf 86' lang='lat' dir='ltr'><strong>arbitramur.</strong></span> <span class='ocrx_word' id='word_1_411' title='bbox 1078 3607 1162 3674; x_wconf 94' lang='grc' dir='ltr'><strong>ΙΙ.</strong></span> <span class='ocrx_word' id='word_1_412' title='bbox 1211 3609 1495 3674; x_wconf 80' lang='lat' dir='ltr'><strong>Secundo</strong></span> <span class='ocrx_word' id='word_1_413' title='bbox 1542 3613 1922 3692; x_wconf 86' lang='lat' dir='ltr'><strong>argumenta</strong></span> <span class='ocrx_word' id='word_1_414' title='bbox 1969 3610 2226 3689; x_wconf 90' lang='lat' dir='ltr'><strong>directa,</strong></span> <span class='ocrx_word' id='word_1_415' title='bbox 2283 3633 2396 3693; x_wconf 89' lang='lat' dir='ltr'><strong>pro</strong></span> <span class='ocrx_word' id='word_1_416' title='bbox 2444 3610 2810 3674; x_wconf 88' lang='lat' dir='ltr'><strong>adoratione</strong></span> <span class='ocrx_word' id='word_1_417' title='bbox 2856 3609 3097 3676; x_wconf 90' lang='lat' dir='ltr'><strong>Christi</strong></span> <span class='ocrx_word' id='word_1_418' title='bbox 3123 3634 3252 3695; x_wconf 89' lang='lat' dir='ltr'><strong>qua</strong></span> <span class='ocrx_word' id='word_1_419' title='bbox 3275 3611 3514 3676; x_wconf 81' lang='lat' dir='ltr'><strong>hominis</strong></span> <span class='ocrx_word' id='word_1_420' title='bbox 3635 3665 3637 3690; x_wconf 64' lang='lat'><strong>,</strong></span> 
     </span>
     <span class='ocr_line' id='line_1_38' title="bbox 622 3693 3637 3778; baseline 0 -18"><span class='ocrx_word' id='word_1_421' title='bbox 622 3695 669 3760; x_wconf 63' lang='grc' dir='ltr'><strong>δι</strong></span> <span class='ocrx_word' id='word_1_422' title='bbox 700 3718 826 3778; x_wconf 88' lang='lat' dir='ltr'><strong>qua</strong></span> <span class='ocrx_word' id='word_1_423' title='bbox 856 3697 1225 3761; x_wconf 84' lang='lat' dir='ltr'><strong>mediatoris</strong></span> <span class='ocrx_word' id='word_1_424' title='bbox 1249 3697 1469 3761; x_wconf 87' lang='lat' dir='ltr'><strong>eadem</strong></span> <span class='ocrx_word' id='word_1_425' title='bbox 1493 3696 1627 3761; x_wconf 88' lang='lat' dir='ltr'><strong>fere</strong></span> <span class='ocrx_word' id='word_1_426' title='bbox 1652 3698 1899 3761; x_wconf 72' lang='lat' dir='ltr'><strong>adterre</strong></span> <span class='ocrx_word' id='word_1_427' title='bbox 1926 3698 2150 3762; x_wconf 90' lang='lat' dir='ltr'><strong>solent.</strong></span> <span class='ocrx_word' id='word_1_428' title='bbox 2199 3698 2366 3762; x_wconf 90' lang='lat' dir='ltr'><strong>Vide</strong></span> <span class='ocrx_word' id='word_1_429' title='bbox 2391 3699 2557 3762; x_wconf 89' lang='lat' dir='ltr'><strong>inter</strong></span> <span class='ocrx_word' id='word_1_430' title='bbox 2581 3698 2739 3762; x_wconf 90' lang='lat' dir='ltr'><strong>alios</strong></span> <span class='ocrx_word' id='word_1_431' title='bbox 2775 3699 3176 3765; x_wconf 77' lang='lat' dir='ltr'><strong>Baldttt&#39;nttm</strong></span> <span class='ocrx_word' id='word_1_432' title='bbox 3211 3702 3282 3766; x_wconf 80' lang='lat' dir='ltr'><strong>in</strong></span> <span class='ocrx_word' id='word_1_433' title='bbox 3303 3700 3514 3766; x_wconf 64' lang='lat' dir='ltr'><strong>casibus</strong></span> <span class='ocrx_word' id='word_1_434' title='bbox 3633 3693 3637 3776; x_wconf 68' lang='lat' dir='ltr'>j</span> 
     </span>
     <span class='ocr_line' id='line_1_39' title="bbox 620 3783 3510 3875; baseline 0.002 -27"><span class='ocrx_word' id='word_1_435' title='bbox 620 3783 725 3848; x_wconf 88' lang='lat' dir='ltr'><strong>lib.</strong></span> <span class='ocrx_word' id='word_1_436' title='bbox 760 3785 818 3848; x_wconf 89' lang='lat'><strong>2.</strong></span> <span class='ocrx_word' id='word_1_437' title='bbox 851 3805 985 3868; x_wconf 85' lang='lat' dir='ltr'><strong>cap.</strong></span> <span class='ocrx_word' id='word_1_438' title='bbox 1013 3785 1072 3848; x_wconf 90' lang='lat'><strong>5.</strong></span> <span class='ocrx_word' id='word_1_439' title='bbox 1098 3805 1248 3850; x_wconf 73' lang='lat' dir='ltr'><strong>casu</strong></span> <span class='ocrx_word' id='word_1_440' title='bbox 1276 3785 1334 3849; x_wconf 89' lang='grc'><strong>7.</strong></span> <span class='ocrx_word' id='word_1_441' title='bbox 1360 3787 1503 3850; x_wconf 78' lang='lat' dir='ltr'><strong>Luc.</strong></span> <span class='ocrx_word' id='word_1_442' title='bbox 1535 3785 1928 3851; x_wconf 79' lang='lat' dir='ltr'><strong>Osiandram</strong></span> <span class='ocrx_word' id='word_1_443' title='bbox 1950 3785 2021 3849; x_wconf 84' lang='lat' dir='ltr'><strong>in</strong></span> <span class='ocrx_word' id='word_1_444' title='bbox 2047 3786 2411 3850; x_wconf 81' lang='lat' dir='ltr'><strong>Enchiridio</strong></span> <span class='ocrx_word' id='word_1_445' title='bbox 2441 3799 2815 3851; x_wconf 76' lang='lat' dir='ltr'><strong>controvers,</strong></span> <span class='ocrx_word' id='word_1_446' title='bbox 2849 3788 3034 3873; x_wconf 87' lang='lat' dir='ltr'><strong>[pag.</strong></span> <span class='ocrx_word' id='word_1_447' title='bbox 3077 3788 3244 3875; x_wconf 78' lang='lat'><strong>339]</strong></span> <span class='ocrx_word' id='word_1_448' title='bbox 3275 3789 3510 3855; x_wconf 68' lang='lat' dir='ltr'><strong>Ctdvini·</strong></span> 
     </span>
     <span class='ocr_line' id='line_1_40' title="bbox 622 3871 3514 3962; baseline 0.002 -28"><span class='ocrx_word' id='word_1_449' title='bbox 622 3871 749 3935; x_wconf 71' lang='lat' dir='ltr'><strong>scic.</strong></span> <span class='ocrx_word' id='word_1_450' title='bbox 778 3873 1046 3936; x_wconf 89' lang='lat' dir='ltr'><strong>antehac</strong></span> <span class='ocrx_word' id='word_1_451' title='bbox 1076 3873 1258 3936; x_wconf 92' lang='lat' dir='ltr'><strong>nobis</strong></span> <span class='ocrx_word' id='word_1_452' title='bbox 1288 3873 1589 3950; x_wconf 82' lang='lat' dir='ltr'><strong>citatum3</strong></span> <span class='ocrx_word' id='word_1_453' title='bbox 1646 3875 1691 3938; x_wconf 75' lang='lat' dir='ltr'><strong>St</strong></span> <span class='ocrx_word' id='word_1_454' title='bbox 1742 3873 2148 3938; x_wconf 77' lang='lat' dir='ltr'><strong>Eckhardttm</strong></span> <span class='ocrx_word' id='word_1_455' title='bbox 2179 3876 2249 3938; x_wconf 77' lang='lat' dir='ltr'><strong>in</strong></span> <span class='ocrx_word' id='word_1_456' title='bbox 2279 3876 2573 3958; x_wconf 74' lang='lat' dir='ltr'><strong>fasciculo</strong></span> <span class='ocrx_word' id='word_1_457' title='bbox 2597 3895 2732 3959; x_wconf 80' lang='lat' dir='ltr'><strong>cap.</strong></span> <span class='ocrx_word' id='word_1_458' title='bbox 2769 3876 2832 3940; x_wconf 89' lang='grc'><strong>6.</strong></span> <span class='ocrx_word' id='word_1_459' title='bbox 2863 3889 3099 3962; x_wconf 72' lang='lat' dir='ltr'><strong>quaest.</strong></span> <span class='ocrx_word' id='word_1_460' title='bbox 3137 3879 3198 3941; x_wconf 87' lang='grc'><strong>2.</strong></span> <span class='ocrx_word' id='word_1_461' title='bbox 3225 3878 3314 3942; x_wconf 84' lang='lat' dir='ltr'><strong>Et</strong></span> <span class='ocrx_word' id='word_1_462' title='bbox 3333 3877 3514 3942; x_wconf 84' lang='lat' dir='ltr'><strong>confer</strong></span> 
     </span>
     <span class='ocr_line' id='line_1_41' title="bbox 624 3959 3510 4049; baseline 0.002 -27"><span class='ocrx_word' id='word_1_463' title='bbox 624 3979 767 4022; x_wconf 88' lang='lat' dir='ltr'><strong>cum</strong></span> <span class='ocrx_word' id='word_1_464' title='bbox 800 3982 873 4024; x_wconf 89' lang='lat' dir='ltr'><strong>eo</strong></span> <span class='ocrx_word' id='word_1_465' title='bbox 899 3959 1176 4023; x_wconf 87' lang='lat' dir='ltr'><strong>rationes</strong></span> <span class='ocrx_word' id='word_1_466' title='bbox 1199 3959 1466 4024; x_wconf 79' lang='lat' dir='ltr'><strong>Amesii:</strong></span> <span class='ocrx_word' id='word_1_467' title='bbox 1495 3959 1590 4025; x_wconf 91' lang='lat' dir='ltr'><strong>De</strong></span> <span class='ocrx_word' id='word_1_468' title='bbox 1616 3961 1847 4044; x_wconf 87' lang='lat' dir='ltr'><strong>quibus</strong></span> <span class='ocrx_word' id='word_1_469' title='bbox 1873 3983 1998 4024; x_wconf 91' lang='lat' dir='ltr'><strong>non</strong></span> <span class='ocrx_word' id='word_1_470' title='bbox 2024 3961 2229 4025; x_wconf 90' lang='lat' dir='ltr'><strong>dicam</strong></span> <span class='ocrx_word' id='word_1_471' title='bbox 2255 3964 2423 4046; x_wconf 89' lang='lat' dir='ltr'><strong>quod</strong></span> <span class='ocrx_word' id='word_1_472' title='bbox 2455 3987 2531 4026; x_wconf 83' lang='lat' dir='ltr'><strong>ex</strong></span> <span class='ocrx_word' id='word_1_473' title='bbox 2569 3964 2888 4028; x_wconf 79' lang='lat' dir='ltr'><strong>Osiandro</strong></span> <span class='ocrx_word' id='word_1_474' title='bbox 2915 3964 3272 4049; x_wconf 81' lang='lat' dir='ltr'><strong>descriptae</strong></span> <span class='ocrx_word' id='word_1_475' title='bbox 3291 3967 3510 4030; x_wconf 80' lang='lat' dir='ltr'><strong>videan-</strong></span> 
     </span>
     <span class='ocr_line' id='line_1_42' title="bbox 624 4047 3508 4131; baseline 0.002 -23"><span class='ocrx_word' id='word_1_476' title='bbox 624 4048 764 4119; x_wconf 88' lang='lat' dir='ltr'><strong>tur;</strong></span> <span class='ocrx_word' id='word_1_477' title='bbox 811 4047 919 4110; x_wconf 90' lang='lat' dir='ltr'><strong>sed</strong></span> <span class='ocrx_word' id='word_1_478' title='bbox 964 4050 1216 4111; x_wconf 89' lang='lat' dir='ltr'><strong>tantum</strong></span> <span class='ocrx_word' id='word_1_479' title='bbox 1263 4047 1595 4131; x_wconf 86' lang='lat' dir='ltr'><strong>vulgatum</strong></span> <span class='ocrx_word' id='word_1_480' title='bbox 1640 4049 1834 4120; x_wconf 83' lang='lat' dir='ltr'><strong>illud;</strong></span> <span class='ocrx_word' id='word_1_481' title='bbox 1883 4049 2017 4113; x_wconf 91' lang='lat' dir='ltr'><strong>Aut</strong></span> <span class='ocrx_word' id='word_1_482' title='bbox 2043 4049 2228 4114; x_wconf 89' lang='lat' dir='ltr'><strong>Plato</strong></span> <span class='ocrx_word' id='word_1_483' title='bbox 2253 4051 2635 4131; x_wconf 88' lang='lat' dir='ltr'><strong>Philonizat,</strong></span> <span class='ocrx_word' id='word_1_484' title='bbox 2661 4055 2776 4116; x_wconf 91' lang='lat' dir='ltr'><strong>aut</strong></span> <span class='ocrx_word' id='word_1_485' title='bbox 2803 4051 2992 4116; x_wconf 85' lang='lat' dir='ltr'><strong>Philo</strong></span> <span class='ocrx_word' id='word_1_486' title='bbox 3017 4052 3393 4120; x_wconf 86' lang='lat' dir='ltr'><strong>Platonizat.</strong></span> <span class='ocrx_word' id='word_1_487' title='bbox 3415 4053 3508 4118; x_wconf 89' lang='lat'><strong>111.</strong></span> 
     </span>
     <span class='ocr_line' id='line_1_43' title="bbox 630 4133 3507 4226; baseline 0.002 -29"><span class='ocrx_word' id='word_1_488' title='bbox 630 4133 851 4210; x_wconf 82' lang='lat' dir='ltr'><strong>Tertio,</strong></span> <span class='ocrx_word' id='word_1_489' title='bbox 884 4133 1107 4197; x_wconf 89' lang='lat' dir='ltr'><strong>iisdem</strong></span> <span class='ocrx_word' id='word_1_490' title='bbox 1152 4133 1286 4198; x_wconf 83' lang='lat' dir='ltr'><strong>fere</strong></span> <span class='ocrx_word' id='word_1_491' title='bbox 1341 4137 1629 4200; x_wconf 88' lang='lat' dir='ltr'><strong>absurdis</strong></span> <span class='ocrx_word' id='word_1_492' title='bbox 1678 4137 2206 4219; x_wconf 87' lang='lat' dir='ltr'><strong>consequentibus</strong></span> <span class='ocrx_word' id='word_1_493' title='bbox 2255 4141 2637 4204; x_wconf 89' lang='lat' dir='ltr'><strong>sententiam</strong></span> <span class='ocrx_word' id='word_1_494' title='bbox 2692 4143 2980 4204; x_wconf 89' lang='lat' dir='ltr'><strong>nostram</strong></span> <span class='ocrx_word' id='word_1_495' title='bbox 3036 4163 3270 4226; x_wconf 82' lang='lat' dir='ltr'><strong>urgere</strong></span> <span class='ocrx_word' id='word_1_496' title='bbox 3319 4143 3507 4208; x_wconf 86' lang='lat' dir='ltr'><strong>solent.</strong></span> 
     </span>
     <span class='ocr_line' id='line_1_44' title="bbox 620 4219 3508 4314; baseline 0.003 -32"><span class='ocrx_word' id='word_1_497' title='bbox 620 4219 803 4293; x_wconf 85' lang='lat' dir='ltr'><strong>Quod</strong></span> <span class='ocrx_word' id='word_1_498' title='bbox 824 4220 957 4284; x_wconf 86' lang='lat' dir='ltr'><strong>scil.</strong></span> <span class='ocrx_word' id='word_1_499' title='bbox 984 4220 1367 4284; x_wconf 85' lang='lat' dir='ltr'><strong>divellantur</strong></span> <span class='ocrx_word' id='word_1_500' title='bbox 1389 4224 1698 4289; x_wconf 90' lang='lat' dir='ltr'><strong>mediator</strong></span> <span class='ocrx_word' id='word_1_501' title='bbox 1730 4225 1775 4288; x_wconf 71' lang='lat' dir='ltr'><strong>a</strong></span> <span class='ocrx_word' id='word_1_502' title='bbox 1802 4225 1972 4288; x_wconf 84' lang='lat' dir='ltr'><strong>filius</strong></span> <span class='ocrx_word' id='word_1_503' title='bbox 1997 4223 2138 4303; x_wconf 92' lang='lat' dir='ltr'><strong>Dei,</strong></span> <span class='ocrx_word' id='word_1_504' title='bbox 2165 4225 2456 4291; x_wconf 83' lang='lat' dir='ltr'><strong>Christus</strong></span> <span class='ocrx_word' id='word_1_505' title='bbox 2487 4227 2676 4292; x_wconf 92' lang='lat' dir='ltr'><strong>homo</strong></span> <span class='ocrx_word' id='word_1_506' title='bbox 2709 4227 2756 4292; x_wconf 71' lang='lat' dir='ltr'><strong>a</strong></span> <span class='ocrx_word' id='word_1_507' title='bbox 2781 4226 2980 4308; x_wconf 90' lang='lat' dir='ltr'><strong>Deus,</strong></span> <span class='ocrx_word' id='word_1_508' title='bbox 3036 4235 3236 4314; x_wconf 90' lang='lat' dir='ltr'><strong>atque</strong></span> <span class='ocrx_word' id='word_1_509' title='bbox 3267 4233 3410 4296; x_wconf 88' lang='lat' dir='ltr'><strong>adeo</strong></span> <span class='ocrx_word' id='word_1_510' title='bbox 3447 4230 3508 4294; x_wconf 86' lang='lat' dir='ltr'><strong>ad</strong></span> 
     </span>
     <span class='ocr_line' id='line_1_45' title="bbox 620 4305 3502 4405; baseline 0.004 -35"><span class='ocrx_word' id='word_1_511' title='bbox 620 4305 1197 4371; x_wconf 88' lang='lat' dir='ltr'><strong>Nestorianismum</strong></span> <span class='ocrx_word' id='word_1_512' title='bbox 1246 4308 1615 4391; x_wconf 88' lang='lat' dir='ltr'><strong>declinetur,</strong></span> <span class='ocrx_word' id='word_1_513' title='bbox 1662 4333 1806 4376; x_wconf 88' lang='lat' dir='ltr'><strong>cum</strong></span> <span class='ocrx_word' id='word_1_514' title='bbox 1854 4313 1986 4376; x_wconf 89' lang='lat' dir='ltr'><strong>scil.</strong></span> <span class='ocrx_word' id='word_1_515' title='bbox 2014 4313 2081 4375; x_wconf 92' lang='lat' dir='ltr'><strong>in</strong></span> <span class='ocrx_word' id='word_1_516' title='bbox 2118 4336 2302 4378; x_wconf 90' lang='lat' dir='ltr'><strong>sensu</strong></span> <span class='ocrx_word' id='word_1_517' title='bbox 2331 4316 2588 4380; x_wconf 88' lang='lat' dir='ltr'><strong>formali</strong></span> <span class='ocrx_word' id='word_1_518' title='bbox 2620 4316 2734 4379; x_wconf 91' lang='lat' dir='ltr'><strong>illa</strong></span> <span class='ocrx_word' id='word_1_519' title='bbox 2760 4319 2798 4379; x_wconf 73' lang='lat' dir='ltr'><strong>a</strong></span> <span class='ocrx_word' id='word_1_520' title='bbox 2823 4317 3012 4381; x_wconf 89' lang='lat' dir='ltr'><strong>nobis</strong></span> <span class='ocrx_word' id='word_1_521' title='bbox 3042 4317 3502 4405; x_wconf 85' lang='lat' dir='ltr'><strong>distinguuntur,</strong></span> 
     </span>
     <span class='ocr_line' id='line_1_46' title="bbox 620 4391 3633 4494; baseline 0.004 -34"><span class='ocrx_word' id='word_1_522' title='bbox 620 4393 667 4460; x_wconf 75' lang='grc' dir='ltr'><strong>δι</strong></span> <span class='ocrx_word' id='word_1_523' title='bbox 705 4415 821 4460; x_wconf 86' lang='lat' dir='ltr'><strong>sua</strong></span> <span class='ocrx_word' id='word_1_524' title='bbox 869 4394 1094 4477; x_wconf 87' lang='lat' dir='ltr'><strong>cuique</strong></span> <span class='ocrx_word' id='word_1_525' title='bbox 1114 4395 1475 4478; x_wconf 88' lang='lat' dir='ltr'><strong>praedicata</strong></span> <span class='ocrx_word' id='word_1_526' title='bbox 1513 4400 1855 4465; x_wconf 86' lang='lat' dir='ltr'><strong>secundum</strong></span> <span class='ocrx_word' id='word_1_527' title='bbox 1879 4400 2209 4465; x_wconf 87' lang='lat' dir='ltr'><strong>distinctas</strong></span> <span class='ocrx_word' id='word_1_528' title='bbox 2237 4403 2513 4468; x_wconf 85' lang='lat' dir='ltr'><strong>rationes</strong></span> <span class='ocrx_word' id='word_1_529' title='bbox 2539 4403 2842 4468; x_wconf 88' lang='lat' dir='ltr'><strong>formales</strong></span> <span class='ocrx_word' id='word_1_530' title='bbox 2865 4405 2930 4469; x_wconf 92' lang='lat' dir='ltr'><strong>in</strong></span> <span class='ocrx_word' id='word_1_531' title='bbox 2967 4407 3218 4472; x_wconf 86' lang='lat' dir='ltr'><strong>unitate</strong></span> <span class='ocrx_word' id='word_1_532' title='bbox 3241 4429 3502 4494; x_wconf 81' lang='lat' dir='ltr'><strong>personae</strong></span> <span class='ocrx_word' id='word_1_533' title='bbox 3629 4391 3633 4484; x_wconf 51' lang='grc' dir='ltr'>ᾗ</span> 
     </span>
    </p>
   </div>
   <div class='ocr_carea' id='block_1_5' title="bbox 3311 4497 3631 4572">
    <p class='ocr_par' dir='ltr' id='par_1_5' title="bbox 3311 4497 3631 4572">
     <span class='ocr_line' id='line_1_47' title="bbox 3311 4497 3631 4572; baseline -0.009 -11"><span class='ocrx_word' id='word_1_534' title='bbox 3311 4497 3504 4562; x_wconf 79' lang='lat' dir='ltr'><strong>media·</strong></span> <span class='ocrx_word' id='word_1_535' title='bbox 3629 4497 3631 4572; x_wconf 71' lang='lat' dir='ltr'>f</span> 
     </span>
    </p>
   </div>
  </div>
 </body>
</html>
