3694 4871
627 270 750 334 150
1018 265 1236 331 Dlse.
1304 265 1418 332 VI.
1480 265 1592 330 Du
1638 265 2252 332 Prionos-nous
2301 265 2611 332 Psccs'n
2659 267 3156 332 Ommmms.

612 455 833 540 peritis
876 453 1278 520 cavillatrices
1325 453 1429 518 ille
1474 453 1657 537 facile
1696 465 1986 538 possunt.
2037 455 2202 520 Nam
2247 475 2394 520 vera
2438 465 2588 520 sunt
2625 458 2838 538 sir-ma,
2863 465 2932 519 ut
2961 452 3436 518 Demosthenes
3457 453 3550 516 ait.

619 539 857 622 ε’σχυρόν
876 540 950 601 τὸ
970 539 1185 612 &imis
1214 541 1503 607 Pezelius
1528 541 1611 605 ad
1630 539 1921 607 Examen
1943 540 2378 608 Melanthonis
2409 545 2586 627 part:
2617 545 2674 605 1.
2694 565 2756 627 p.
2779 542 2929 607 442.
2947 541 3102 606 dicit
3117 563 3258 606 esse
3277 539 3553 606 accidens

618 630 1007 716 privativum
1030 653 1158 696 non
1182 631 1547 716 positivum.
1574 629 1662 694 Et
1686 653 1748 714 p.
1784 631 1936 696 432.
1960 632 2181 696 laudat
2204 631 2323 696 has
2347 631 2745 696 definitiones
2773 633 2957 717 [pag.
2989 630 3198 715 1090]
3227 629 3550 694 Bonaven·

620 724 838 785 turae:
890 723 1049 787 Cum
1080 720 1430 808 quaeritur,
1477 719 1634 805 quid
1663 720 1741 784 sit
1772 720 2083 805 oriqinale
2102 732 2438 805 peccatum,
2463 733 2616 786 recte
2637 721 3066 804 respondet-ur,
3097 719 3274 805 quod
3297 719 3382 784 sit
3407 717 3551 785 Con-
3650 729 3653 778 ῑ

621 809 1001 895 cupiscentia
1031 809 1475 874 immoderata.-
1503 809 1673 875 Recte
1692 810 1883 874 etiam
1901 811 2318 894 respondetur
2337 810 2508 895 quod
2529 811 2610 876 sit
2631 809 2868 874 debitae
2873 809 3164 894 justitiae
3183 808 3478 885 caremia,
3498 805 3553 873 a

626 900 693 964 in
715 918 851 964 una
872 899 1145 963 istarum
1169 899 1653 984 responsionum
1676 898 2028 965 includitur
2049 901 2263 966 altera.
2311 898 2762 983 Hemmingius
2784 897 2854 962 in
2877 901 3200 983 syntagm.
3234 895 3438 961 instit.
3459 894 3548 958 tit.
3650 911 3653 974 ἢ

624 989 700 1052 de
748 991 1006 1071 peccato
1028 986 1199 1051 thesi
1235 986 1339 1053 19.
1366 988 1472 1053 20.
1499 989 1639 1052 Iam
1668 1008 1813 1054 eum
1836 999 2072 1053 certum
2093 999 2180 1054 est
2209 989 2584 1073 oriqinalem
2595 987 2914 1072 justitiam
2947 986 3163 1071 (cujus
3186 985 3459 1051 carentia-
3475 995 3550 1048 est

622 1088 941 1161 peccatum
988 1075 1285 1164 oriqinis)
1332 1076 1459 1143 duo
1504 1078 1838 1160 complecti,
1886 1097 2107 1162 nempe
2142 1079 2557 1163 inteqritatem
2579 1077 2870 1142 omnium
2893 1077 3130 1142 virium
3157 1075 3230 1140 in
3253 1076 3474 1150 Adam,
3497 1071 3550 1137 ἃ

626 1165 1158 1252 approbationem,
1206 1185 1335 1252 qua
1380 1166 1512 1232 Deo
1558 1178 1838 1250 acceptus
1881 1177 2014 1231 erat
2045 1167 2254 1232 Adam
2271 1191 2291 1231 .·
2315 1167 2614 1253 sequitur,
2637 1166 2808 1252 quod
2825 1178 3154 1250 peccatum
3185 1163 3466 1248 oriqinis,
3485 1161 3550 1227 sit

627 1255 917 1340 desectus,
942 1256 1281 1340 corruptio,
1318 1251 1382 1320 st·
1404 1265 1635 1320 reatus.
1694 1253 1916 1335 Qualis
1937 1267 2146 1321 autem
2171 1256 2250 1321 sit
2271 1257 2561 1342 desectus,
2587 1255 2649 1320 a·
2669 1255 2879 1340 qualis
2909 1255 3230 1338 corruptio
3256 1263 3548 1338 peecatum

628 1345 915 1430 ori9inis,
942 1344 1162 1412 rectius
1200 1344 1350 1410 sciri
1372 1364 1507 1408 non
1522 1354 1742 1428 potest,
1767 1364 1962 1430 quam
1985 1366 2062 1409 ea·
2083 1345 2451 1430 inthritatis
2471 1344 2828 1429 partitione.
2879 1344 3048 1411 Nam
3069 1364 3216 1409 cum
3249 1341 3548 1427 inteyritas

630 1433 951 1500 humanae
971 1445 1261 1513 naturae,
1284 1433 1411 1518 luit
1433 1432 1642 1518 imaqo
1668 1433 1807 1513 Dei,
1838 1433 2181 1499 obedientia
2217 1431 2280 1499 ἃ
2303 1431 2540 1512 εὐταξία
2563 1434 2854 1500 omnium
2883 1433 3143 1510 virium,
3169 1431 3412 1510 mentis,
3433 1449 3548 1496 eor·

630 1523 731 1588 dis
784 1521 846 1589 bl·
889 1521 1166 1606 corporis
1188 1541 1338 1606 crya
1360 1522 1610 1588 Deum:
1634 1523 1918 1609 sequitur
1937 1523 2108 1609 quod
2128 1525 2237 1588 istc
2257 1523 2527 1607 desectus
2555 1519 2618 1587 st·
2639 1523 2976 1606 corruptio,
3001 1523 3082 1587 sit
3113 1521 3390 1586 inductio
3411 1519 3548 1582 ima-
3651 1549 3653 1590 3

630 1612 801 1697 9inis
817 1611 953 1688 Dei,
981 1609 1270 1689 ἇᾶταξία
1288 1611 1580 1676 omnium
1596 1610 1855 1690 virium,
1873 1612 2117 1688 mentis,
2137 1613 2341 1677 cordis
2361 1609 2425 1676 a
2439 1613 2718 1696 corporis
2734 1609 3054 1675 Zanchius
3079 1609 3194 1674 lib.
3219 1609 3326 1674 cit.
3350 1629 3478 1692 cap.
3497 1605 3548 1668 4.
3650 1615 3652 1618 ’

635 1699 802 1764 thesi
829 1701 892 1764 2.
911 1701 969 1786 ἓ.
996 1700 1054 1764 5.
1082 1699 1199 1764 Ηίε
1221 1698 1583 1784 complector
1604 1701 1835 1784 primo,
1873 1701 2064 1766 totius
2072 1701 2358 1785 justitiae
2378 1699 2706 1784 oriyinalis
2725 1700 3146 1784 privationem
3173 1697 3446 1784 dicendo,
3467 1696 3548 1760 in·
3651 1773 3653 1780 2

621 1791 829 1874 justos
845 1809 1060 1855 omnes
1075 1808 1201 1853 esse
1223 1789 1439 1872 (actos,
1458 1789 1525 1854 id
1537 1799 1646 1867 est,
1658 1790 1942 1872 privatos
1964 1790 2141 1854 omni
2143 1789 2398 1873 justitia
2420 1786 2880 1866 &rectitudina
2905 1809 3067 1874 quae
3088 1788 3160 1852 in
3177 1787 3345 1872 ipsos
3357 1785 3549 1870 fuisset
3651 1843 3653 1848 .

632 1889 1006 1964 propaqata,
1033 1879 1089 1943 si
1113 1877 1402 1944 Adamus
1426 1898 1561 1942 non
1571 1889 1890 1962 peccasset.
1915 1879 2196 1944 Secundo
2214 1879 2342 1944 loeo
2357 1880 2720 1961 complector
2731 1878 2920 1943 ctiam
2937 1888 3130 1943 totam
3154 1887 3418 1942 naturae
3435 1893 3553 1938 cor·

635 1968 997 2053 ruptionem
1043 1967 1297 2032 nomine
1341 1967 1644 2050 corrupti.
1694 1967 1904 2054 Neque
1947 1968 2117 2034 enim
2159 1969 2340 2034 aliter
2380 1967 2520 2054 sieri
2544 1968 2767 2052 potuit,
2791 1987 2990 2052 quam
3027 1978 3092 2032 ut
3115 1961 3551 2049 ablatajustitia

638 2056 953 2141 ori9inali,
980 2077 1109 2143 qua
1140 2057 1371 2143 inteyer
1398 2068 1530 2120 erat
1553 2055 1614 2122 a·
1638 2067 1839 2122 rectus
1862 2057 2169 2137 Adamus,
2193 2069 2552 2144 sequeretur
2573 2057 2891 2141 corruptio
2915 2055 3102 2122 totius
3125 2066 3412 2120 naturae.
3439 2051 3552 2116 [lar
3651 2095 3653 2136 ἐ

544 2199 551 2205 .
637 2146 715 2211 de
758 2167 951 2212 causa
992 2145 1189 2229 adjeci
1231 2145 1419 2210 etiam
1463 2165 1634 2210 voees
1686 2145 1851 2225 illas,
1897 2145 2018 2210 toti
2065 2145 2290 2229 quanti
2337 2148 2505 2224 sunt,
2545 2144 2760 2209 anima
2783 2151 2828 2207 δι
2851 2167 3137 2227 corpore,
3163 2155 3236 2208 ut
3257 2141 3550 2210 ostendam
3650 2139 3653 2212 ἴ

640 2245 837 2300 totum
884 2234 1201 2300 hominem
1256 2232 1453 2317 luisse
1506 2233 1567 2300 ἃ·
1619 2234 1959 2318 spoliatum
2006 2235 2262 2318 justitia
2317 2235 2619 2320 oriqinali
2649 2233 2944 2319 omnique
2973 2233 3359 2309 rectitudine,
3385 2229 3443 2295 ἃ·
3459 2247 3554 2312 per
3651 2255 3653 2308 ᾖ

642 2343 1038 2409 consequens,
1058 2333 1256 2389 totum
1279 2323 1477 2406 luisse
1489 2335 1880 2407 corruptum.
1904 2321 1993 2388 Et
2016 2327 2160 2408 post
2181 2324 2250 2386 in
2265 2323 2390 2388 fine
2413 2322 2822 2408 paragraphi:
2848 2321 2942 2388 Ab
2956 2319 3326 2408 Augustino
3339 2327 3556 2404 praeter
3651 2337 3653 2344 ·

643 2412 772 2479 alia
812 2413 997 2479 etiam
1046 2409 1265 2490 ἀταξία
1312 2423 1585 2492 vocatur,
1610 2415 1831 2499 affecta
1856 2413 2142 2499 qualitas,
2183 2411 2246 2479 bl·
2269 2413 2562 2479 morbus.-
2586 2412 2952 2500 Siqnificare
2973 2432 3122 2478 cum
3141 2408 3372 2495 primis
3389 2404 3556 2505 mittit
3650 2373 3653 2487 1

646 2513 917 2569 naturae
937 2501 1403 2585 corruptionem
1426 2522 1498 2566 ac
1514 2502 1912 2584 pravitatem.
1967 2503 2294 2586 Coepimus
2315 2502 2538 2568 deinde
2558 2502 2867 2585 explicare
2887 2507 3104 2588 effecta
3121 2500 3319 2585 huju-s
3335 2505 3554 2583 peccatt-

650 2589 915 2656 Arebius
939 2591 1005 2656 in
1030 2589 1344 2656 Examine
1367 2589 1649 2675 theolog.
1678 2590 1795 2655 loc.
1824 2592 1884 2655 3.
1913 2590 2022 2674 qui
2047 2595 2146 2655 est
2169 2590 2244 2656 de
2268 2595 2526 2675 peccalo
2549 2589 2848 2676 originali
2869 2612 2934 2675 p.
2967 2590 3116 2654 105.

1528 2764 1719 2851 Quid
1746 2769 1863 2842 est
1887 2768 2284 2862 peecatum
2309 2766 2716 2862 originale?

738 2940 850 3006 Est
896 2941 1083 3005 totius
1112 2950 1385 3005 naturae
1406 2938 1725 3005 humanae
1754 2939 2118 3025 depravatio
2141 2962 2214 3006 ac
2241 2942 2580 3025 corruptio.
2645 2942 2870 3006 Veteres
2891 2940 3298 3029 definierunt,
3321 2938 3476 3025 quod
3493 2934 3556 3000 sit

650 3028 923 3094 carentia
934 3028 1197 3113 justitae
1218 3028 1567 3113 oriqinalis,
1594 3048 1755 3113 quae
1770 3030 1972 3097 inesse
1987 3028 2212 3095 debuit.
2227 3028 2504 3095 Polanus
2521 3030 2562 3095 l.
2577 3030 2639 3093 6.
2657 3028 2926 3113 syntag.
2943 3050 2999 3095 c.
3013 3029 3078 3093 3.
3097 3052 3161 3113 p.
3183 3029 3334 3093 337.
3353 3023 3554 3091 Positi-

653 3139 804 3182 vum
821 3116 920 3182 hic
938 3116 1171 3201 intelliy
1178 3118 1344 3183 imus
1358 3138 1492 3181 non
1508 3138 1642 3182 rem
1658 3116 2087 3184 subsistentem
2103 3120 2145 3183 ὰ
2155 3119 2288 3185 Deo
2303 3120 2637 3197 conditam,
2655 3118 2761 3183 sed
2782 3118 2952 3204 quod
2967 3138 3101 3183 non
3123 3130 3212 3183 est
3233 3113 3558 3201 simpliciter
3651 3198 3653 3201 Α

653 3206 833 3282 nihil,
865 3225 976 3271 nec
996 3207 1265 3290 simplex
1281 3205 1553 3289 pri-vatio
1577 3206 1735 3271 sicut
1760 3228 1929 3273 mors
1951 3219 2037 3273 est
2057 3208 2328 3291 privatio
2349 3209 2508 3274 vitae
2529 3219 2640 3273 aut
2665 3206 2945 3274 tenebrae
2959 3218 3112 3272 sunt
3124 3207 3396 3292 privatio
3409 3202 3559 3273 tucis:
3650 3206 3653 3287 !

652 3296 760 3361 sed
780 3296 951 3382 quod
972 3295 1168 3361 simul
1187 3305 1271 3359 est
1302 3294 1569 3378 desectus
1606 3292 1669 3360 ἃ
1692 3295 2020 3362 destructio
2043 3296 2135 3361 rei
2149 3298 2450 3381 positivae
2471 3298 2512 3361 ὰ
2536 3298 2666 3364 Deo
2687 3308 2944 3375 creatae,
2972 3294 3037 3361 ἃ·
3059 3294 3316 3361 habitus
3337 3294 3557 3360 vitiosus
3650 3328 3653 3381 4

652 3385 927 3451 ecccitans
986 3382 1048 3450 bl·
1097 3384 1359 3469 qiqnens
1411 3393 1619 3449 motus
1664 3384 1944 3451 internos
1970 3383 2033 3451 st·
2053 3398 2338 3451 eoeternos
2361 3388 2403 3451 ὰ
2427 3387 2550 3472 teqe
2571 3385 2692 3452 Dei
2713 3385 3072 3466 aberrantes
3093 3386 3350 3471 Deoque
3371 3380 3556 3465 displi-
3650 3402 3653 3463 g

654 3485 869 3539 centes.
920 3472 1348 3540 Nihilominus
1372 3478 1527 3538 recte
1549 3474 2043 3557 concupiscentia
2067 3475 2178 3540 illa
2200 3475 2432 3540 dicitur
2448 3474 2742 3560 privatio,
2767 3474 2918 3559 quia
2937 3486 3024 3539 est
3048 3474 3360 3539 aberratio
3381 3494 3420 3538 a
3437 3472 3560 3552 Leye
3650 3508 3653 3567 ἰ

655 3562 793 3629 Dei.
818 3560 1086 3627 Rivebus
1108 3560 1177 3625 in
1200 3561 1459 3645 synopsi
1481 3560 1677 3626 theol.
1702 3561 1981 3629 Profess.
1999 3562 2171 3629 Leid.
2199 3564 2360 3647 disp.
2382 3564 2484 3627 15.
2501 3563 2671 3628 ihesi
2695 3562 2800 3627 26.
2827 3562 3165 3647 Scriptura
3187 3558 3560 3649 certe-qimau
3650 3568 3653 3631 ἰ

653 3662 969 3735 peccatum
993 3651 1300 3735 oriqinale
1318 3648 1495 3715 nobis
1520 3650 1827 3731 insinuat,
1859 3672 1990 3718 non
2013 3674 2255 3717 meram
2273 3653 2710 3739 privationem,
2733 3652 2842 3717 sed
2864 3652 3110 3737 aliquid
3133 3646 3559 3739 quodammodo
3650 3646 3653 3693 ἵ

654 3740 1015 3826 positivum,
1070 3739 1140 3804 id
1182 3751 1287 3817 est,
1333 3740 1809 3839 affirmativum,
1834 3744 1981 3808 solet
2013 3742 2328 3808 inculcare
2341 3766 2362 3807 .-
2393 3741 2708 3807 nimirum
2731 3743 2850 3806 tale
2869 3741 3098 3808 vitium
3125 3762 3254 3828 quo
3277 3762 3418 3805 caro
3437 3756 3559 3803 con-

660 3827 929 3913 cupiscit
972 3829 1271 3893 adversus
1318 3828 1636 3911 spiritum,
1676 3829 1744 3894 id
1763 3841 1872 3911 cst,
1892 3851 2010 3915 per
2031 3831 2199 3917 quod
2221 3830 2406 3897 homo
2428 3831 2515 3896 ad
2545 3831 2786 3896 malum
2814 3850 3086 3915 pronus,
3119 3830 3184 3896 ἃ·
3207 3830 3454 3896 divinae
3469 3822 3560 3907 1095
3651 3826 3653 3871 ἶ

659 3918 1015 3983 contrarius
1062 3917 1140 3982 sit
1156 3940 1179 3992 ;
1226 3928 1291 3983 ut
1329 3914 1515 3981 Rom.
1548 3916 1743 3981 6.·12.
1776 3916 2074 3984 Amesius
2100 3919 2210 3984 lib.
2242 3919 2303 3986 1.
2325 3919 2640 3984 medullae
2665 3940 2801 4002 cap.
2833 3920 2934 3982 13.
2959 3918 3130 3983 thesi
3179 3918 3239 3983 5.
3269 3920 3558 3983 Peccatum
3651 3954 3653 3959 -

662 4004 774 4071 hoc
818 4006 1051 4071 dicitur
1092 4005 1454 4071 exorbitat-io
1497 4005 1593 4071 vel
1634 4006 1899 4074 deviatio
1943 4008 2240 4088 hominis,
2287 4009 2437 4094 quia
2481 4020 2565 4073 est
2603 4009 2672 4072 in
2694 4008 2945 4073 homine
2965 4006 3310 4073 habitualis
3327 4002 3557 4091 privatio
3650 4056 3653 4073 .

663 4094 1117 4179 conformitatis
1162 4093 1393 4161 debitae
1436 4094 1522 4159 ad
1567 4094 1754 4180 leyem
1803 4096 1984 4182 [pag.
2017 4096 2222 4184 1091]
2245 4096 2490 4164 homini
2519 4097 2880 4181 impositam
2901 4117 2942 4161 a
2967 4094 3116 4175 Deo,
3141 4097 3212 4161 in
3241 4116 3368 4183 qua
3389 4088 3556 4159 debuit

664 4181 991 4249 ambulare
1034 4194 1341 4268 tanquam
1388 4184 1457 4249 in
1480 4184 1582 4247 via
1605 4204 1724 4249 sua
1792 4184 2154 4251 Maccovius
2176 4186 2242 4250 in
2267 4187 2426 4270 disp.
2454 4186 2641 4250 locor.
2669 4206 2984 4249 commun.
3009 4188 3178 4269 parlz.
3211 4186 3274 4249 2.
3301 4184 3450 4266 disp.
3477 4178 3556 4243 14.
3650 4148 3653 4259 1

667 4291 727 4353 p.
764 4269 914 4334 257.
951 4270 1236 4356 Theoloqi
1252 4274 1537 4356 primam
1554 4285 1801 4355 partem
1824 4286 2044 4340 vocant
2067 4276 2432 4361 qualitatem
2452 4274 2853 4360 privativam,
2879 4274 3222 4340 secundam
3239 4270 3556 4359 positivam.

758 4358 1035 4425 Positiva
1086 4378 1219 4425 non
1269 4360 1479 4427 Ethice
1529 4380 1639 4425 nec
1686 4361 1952 4445 Phisice,
1999 4384 2156 4430 nam
2206 4385 2352 4431 cum
2401 4364 2674 4450 qualitas
2717 4362 2926 4429 Ethice
2963 4363 3236 4448 positiva
3278 4358 3556 4515 sitptkirttfss

3425 4464 3558 4534 φησι
