3694 4871
644 279 769 341 298
1423 276 1660 344 D1sr.
1708 277 1956 343 x.D1:
2005 275 2796 345 RacnxzanArmnr„

646 465 849 547 primo
882 463 1071 546 primi
1113 468 1291 528 actus
1348 462 1443 526 illi
1486 487 1559 527 ex
1610 463 1996 546 perfectione
2039 465 2256 542 eliciti,
2304 465 2641 530 reducendi
2695 466 2824 530 sint
2870 466 2948 529 ad
2983 466 3208 528 lumen
3241 465 3514 546 gratiae,
3543 467 3578 528 ὲ

642 557 880 616 statum
931 552 1466 636 regenerationis:
1509 574 1589 615 an
1616 573 1763 616 vero
1796 552 1874 615 ad
1901 553 2114 616 lumen
2149 554 2412 638 gloriae,
2439 554 2484 619 δι
2509 558 2750 618 statum
2775 553 3273 638 glorificationis
3293 560 3326 617 :³
3349 551 3502 617 Incl.
3527 553 3578 615 in

643 643 693 708 A
704 647 772 728 ff.
822 653 1046 725 Ῥοδίον.
1094 641 1155 704 8.
1218 639 1317 704 An
1367 639 1652 724 perfecta
1692 641 2110 706 sanctificatio
2145 647 2491 726 peragatur
2537 644 2758 708 eodem
2804 642 3074 706 instanti
3101 641 3444 720 temporis,
3471 663 3578 724 quo

643 732 833 794 homo
858 729 1163 804 moritur:
1200 752 1279 793 an
1306 751 1453 793 vero
1476 729 1741 808 instanti
1768 735 1931 813 post,
1961 735 2074 794 aut
2099 730 2487 796 instantibus
2514 731 2760 815 aliquot
2781 734 2949 816 post.
2981 729 3324 814 Siquidem
3353 730 3578 792 morula

642 819 951 902 temporis
975 818 1365 882 intercedere
1389 818 1669 892 dicatur:
1718 821 1843 902 qua
1891 819 2106 883 anima
2131 824 2426 902 separata
2450 820 2739 884 localiter
2762 819 3194 885 transferatur
3229 819 3298 882 in
3325 819 3574 882 coelum.

650 908 734 971 Ut
780 907 913 971 scil.
964 907 1391 971 intercedente
1426 906 1539 970 illa
1584 908 1833 970 morula
1880 919 1990 973 aut
2021 908 2251 972 saltem
2276 908 2563 992 proximo
2595 909 2865 973 instanti
2891 912 3040 992 post
3062 907 3321 971 instans
3348 907 3572 970 mortis.

642 998 687 1062 δῦ
716 995 983 1060 instanti
1010 999 1157 1060 ante
1183 995 1515 1059 introitum
1540 995 1606 1059 in
1631 997 1874 1060 coelum
1905 996 2022 1061 hoc
2047 1001 2311 1082 agatur:
2363 1001 2554 1081 atque
2578 997 2672 1061 ita
2703 1019 2832 1061 non
2857 997 3056 1060 intret
3083 995 3148 1058 in
3167 995 3424 1060 coelum
3449 995 3572 1058 abs-

642 1108 767 1169 que
823 1083 1228 1168 perfectione.
1284 1085 1460 1168 Besp.
1509 1083 1735 1148 Malim
1774 1085 1879 1148 hic
1927 1083 2175 1164 ἔνι-ἐχειν,
2195 1087 2240 1151 δι
2265 1086 2534 1150 aliorum
2559 1085 2910 1150 sententias
2941 1085 3193 1150 audire:
3227 1084 3291 1148 9.
3321 1084 3428 1147 An
3451 1105 3570 1148 cum

643 1195 870 1257 corpus
908 1174 1341 1250 resuscitatur,
1392 1175 1437 1238 δι
1478 1177 1651 1237 totus
1692 1173 1884 1238 homo
1909 1174 2136 1238 ultimo
2161 1173 2577 1258 glorificatur,
2603 1172 3016 1258 perfectionis
3047 1173 3248 1256 hujus
3279 1173 3348 1236 in
3375 1173 3570 1236 animai

644 1266 1060 1346 augmentum
1107 1261 1366 1344 aliquod
1420 1260 1705 1326 futurum
1757 1263 1841 1326 sit
1885 1261 2232 1338 intensive:
2268 1285 2346 1327 an
2375 1285 2522 1328 vero
2547 1267 2800 1327 tantum
2825 1262 3075 1326 ratione
3103 1261 3306 1326 totius
3329 1283 3569 1344 compo-

642 1352 749 1414 siti
778 1351 1119 1426 extensive,
1147 1355 1462 1434 quatenus
1510 1351 1645 1414 scil.
1680 1373 1910 1434 corpus
1948 1354 1994 1417 δι
2026 1349 2358 1416 inferiores
2382 1351 2722 1416 facultates
2749 1351 3209 1435 perfectionem
3232 1350 3422 1413 illam
3449 1373 3568 1434 par·

642 1438 1021 1522 ticipabunt.
1072 1437 1245 1502 Haec
1282 1439 1381 1522 pie
1428 1441 1473 1505 a
1522 1439 1729 1503 sobrie
1756 1439 2122 1504 meditanda
2154 1462 2464 1524 propono:
2515 1441 2568 1505 si
2594 1438 2760 1505 forte
2787 1463 2862 1504 ex
2890 1437 3227 1523 scripturis
3251 1439 3298 1504 a
3323 1439 3568 1522 experi-

639 1528 812 1592 entia
838 1527 1094 1592 uberius
1120 1527 1333 1591 lumen
1363 1528 1554 1591 alicui
1581 1527 1914 1612 affulgeat,
1947 1550 2072 1611 quo
2105 1533 2218 1593 aut
2243 1529 2308 1592 in
2335 1529 2603 1593 alteram
2637 1533 2882 1610 partem
2921 1527 3432 1603 determinanda,
3477 1531 3569 1590 aut

640 1616 1109 1698 distinguenda,
1160 1620 1272 1679 aut
1318 1617 1497 1680 docte
1543 1615 1896 1701 ignoranda
1921 1617 2181 1682 solidius
2207 1617 2368 1682 mihi
2385 1617 2784 1702 persuadeat,
2809 1639 3006 1700 quam
3037 1637 3160 1701 ego
3182 1637 3356 1680 nnnc
3377 1616 3446 1679 in
3469 1615 3568 1678 hac.

643 1705 1051 1768 festinatione
1077 1726 1190 1788 per
1222 1703 1435 1768 omnia
1460 1704 1616 1768 mihi
1652 1705 1993 1769 satisfatiO.

735 1791 802 1861 7.
852 1793 1051 1857 Actus
1099 1795 1144 1858 8:
1191 1814 1565 1878 progressus
1614 1791 2143 1878 Regenerationis
2199 1795 2266 1858 in
2307 1795 2578 1859 secundo
2624 1797 2950 1859 momento
2977 1797 3079 1878 (ut
3105 1793 3364 1876 quidem
3391 1793 3456 1856 in
3487 1796 3567 1855 ei·

640 1883 805 1946 fecto
852 1905 986 1958 suc,
1040 1905 1115 1945 ex
1164 1886 1346 1965 parte
1386 1882 1587 1946 nostri
1622 1882 2074 1962 consideratur,
2101 1887 2450 1965 quaetenus
2485 1883 2620 1949 scil.
2647 1881 3068 1967 impressione
3093 1883 3140 1947 δι
3163 1885 3340 1946 tactu
3373 1881 3569 1944 divino

641 1971 891 2055 passive
919 1974 955 2034 Ξι
978 1971 1162 2034 nobis
1189 1975 1464 2054 recepto,
1492 1971 1683 2034 simul
1712 1970 1915 2035 active
1941 1993 2054 2034 nos
2075 1995 2177 2035 eos
2201 1971 2555 2036 formaliter
2579 1994 2941 2056 operamur,
2977 1971 3216 2055 Philip.
3243 1970 3418 2033 212.
3451 1970 3566 2036 13.)

640 2061 835 2123 dividi
884 2064 1171 2143 possunt.
1210 2059 1270 2123 1.
1309 2059 1373 2122 in
1418 2063 1595 2123 actus
1638 2059 1856 2124 ordine
1881 2060 2142 2144 primos,
2170 2063 2216 2126 δι
2243 2061 2304 2124 in
2333 2066 2512 2125 actus
2537 2061 3002 2144 subsequentes
3027 2081 3140 2123 seu
3165 2060 3452 2134 iteratOS,
3481 2056 3573 2122 ltti

639 2153 787 2212 sunt
836 2171 1053 2212 omncs
1103 2153 1301 2225 actu8‚
1351 2171 1512 2232 quos
1560 2147 1851 2212 terminis
1903 2149 2146 2233 primae
2178 2150 2446 2214 actualis
2470 2147 2918 2226 conversioniS,
2945 2170 3062 2212 sen
3077 2147 3300 2232 primis
3329 2146 3570 2210 actibus

642 2237 1113 2321 resipiscentiae
1146 2239 1191 2302 ἃ
1247 2236 1413 2312 fidei,
1464 2237 1585 2301 hoc
1641 2241 1739 2300 est
1786 2236 2144 2301 nativitatis
2168 2241 2212 2303 δε
2238 2242 2456 2321 partus
2483 2239 2629 2302 novi
2662 2237 2941 2301 hominis
2967 2235 3568 2300 circumscribimus:

642 2331 788 2390 ante
837 2347 995 2408 quos
1045 2323 1207 2388 nulli
1258 2347 1535 2408 unquam
1579 2325 1775 2390 eliciti
1824 2330 1992 2389 sunt.
2042 2324 2125 2389 II.
2177 2325 2376 2390 Actus
2422 2327 2616 2410 primi
2663 2348 2918 2390 rursum
2953 2324 3237 2389 melioris
3263 2323 3570 2388 doctrinae

642 2439 831 2479 causa
886 2418 1151 2497 possunt
1204 2414 1514 2499 distingui
1561 2415 1628 2478 in
1672 2412 1883 2498 primo
1915 2415 2152 2499 primos
2177 2415 2479 2494 initiales,
2513 2415 2816 2481 informes
2842 2411 3356 2490 insensibilem&
3383 2412 3454 2477 in
3485 2435 3570 2476 se·

639 2505 842 2568 cundo
891 2503 1149 2587 primos,
1204 2502 1597 2576 formatos‚&
1632 2502 1984 2568 sensibiles
2035 2503 2132 2568 De
2171 2506 2414 2588 primae
2454 2504 2880 2569 conversionis
2901 2504 3209 2577 motibnS,
3235 2522 3568 2585 eorumque

638 2593 877 2669 ordine,
906 2592 1106 2665 niodo,
1132 2593 1176 2657 δι
1203 2591 1622 2674 dependentia
1652 2592 1944 2676 pluribus
1969 2591 2120 2657 alibi
2155 2594 2472 2677 agendum
2511 2594 2600 2658 tit.
2627 2593 2702 2657 de
2722 2592 2917 2676 praxi
2941 2591 3422 2676 resipiscemiae.
3457 2588 3564 2654 ΙΙΙ.

644 2681 839 2745 Actus
886 2680 1365 2763 subsequentes),
1421 2680 1699 2757 secundi,
1739 2702 1850 2745 seu
1883 2680 2098 2745 iterati
2125 2682 2191 2745 in
2215 2686 2344 2745 tres
2370 2682 2619 2746 ordines
2647 2703 2758 2745 seu
2784 2680 2970 2765 [pag.
3005 2680 3170 2764 468]
3199 2678 3432 2743 classes
3459 2678 3564 2741 dis·

640 2768 833 2833 tribui
861 2773 1143 2852 possunt.
1192 2766 1283 2832 Ut
1322 2768 1451 2831 sint
1488 2768 1839 2847 infantileS‚
1890 2774 2262 2847 crescenteS,
2313 2770 2536 2849 adulti,
2577 2770 2740 2833 unde
2765 2773 2972 2832 status
2995 2767 3328 2841 infantiae,
3357 2766 3562 2831 adole·

638 2857 936 2934 scentiae,
962 2856 1166 2920 virilis
1192 2856 1386 2929 ἀκμῆς
1411 2880 1522 2921 seu
1556 2856 1985 2941 perfectionis.
2011 2857 2108 2922 De
2134 2881 2405 2941 quorum
2438 2862 2720 2923 statuum
2747 2856 3254 2941 proprietatibus
3271 2856 3316 2920 δε
3341 2860 3556 2919 mutus

638 2946 1015 3021 differentia,
1040 2946 1313 3029 practice
1339 2968 1463 3009 non
1489 2968 1691 3029 pauca
1714 2946 1932 3031 colligi
1955 2949 2241 3032 possunt,
2269 2950 2314 3013 δι
2339 2948 2404 3011 in
2429 2946 2850 3031 explicatione
2872 2947 3170 3009 textuum
3199 2944 3255 3008 l.
3289 2942 3554 3010 Corinth.

642 3038 701 3097 3.
728 3056 783 3098 υ.
821 3036 872 3096 1.
903 3036 961 3097 2.
990 3034 1267 3119 Philipp.
1297 3036 1355 3095 3.
1383 3034 1568 3099 Hebr.
1596 3034 1656 3098 5.
1706 3034 1829 3099 Jes.
1881 3038 1988 3100 40.
2028 3036 2084 3100 1.
2107 3036 2245 3099 Joh.
2273 3037 2334 3099 2.
2361 3034 2652 3120 proponi.
2699 3035 2877 3110 Quae
2901 3056 3047 3097 cum
3081 3032 3272 3117 hujus
3301 3032 3422 3097 loci
3447 3054 3554 3095 non

640 3124 789 3201 sint,
837 3122 1293 3206 discipulorum
1341 3122 1714 3205 diligentiae
1771 3122 1817 3188 ἃ
1873 3124 2270 3189 meditationi
2303 3124 2651 3188 committo,
2701 3122 3116 3187 Occasionem
3141 3124 3188 3188 ἃ
3209 3119 3554 3185 methodum

640 3211 984 3275 meditandi
1040 3215 1388 3295 suggerent
1414 3210 1829 3295 Physicorum
1882 3214 1929 3279 a
1961 3212 2336 3276 Ethicorum
2387 3213 2463 3277 de
2509 3212 2842 3276 hominum
2889 3210 3213 3275 aetatibus
3285 3208 3557 3273 observa·

641 3300 868 3365 tiones.
919 3300 1223 3373 Conferri.
1256 3303 1557 3383 poterunt
1605 3299 1878 3367 Praetici
1922 3301 2244 3389 Pontificii
2287 3302 2362 3365 de
2407 3301 2637 3386 triplici
2685 3301 2812 3379 viti,
2863 3298 3208 3384 purgativa
3261 3298 3392 3363 scil.
3431 3318 3556 3381 per·

639 3388 891 3464 fet-tiva,
940 3387 1386 3452 illuminativa.
1436 3387 1521 3452 Et
1548 3411 1623 3451 ex
1648 3390 1884 3453 nostris
1908 3394 2095 3454 tract.
2141 3390 2450 3456 withelmi
2515 3388 2804 3456 Whatelii
2827 3390 2902 3453 de
2925 3389 3398 3472 rcyerwratione,
3429 3404 3558 3449 eon·
3587 3402 3598 3413 ·

638 3479 729 3541 cio
783 3476 1054 3543 Obadiae
1105 3476 1373 3562 Zeqwith
1422 3478 1491 3539 in
1542 3479 1797 3561 Apoeat.
1851 3480 1910 3541 3.
1961 3502 2018 3541 v.
2065 3480 2128 3542 1.
2155 3480 2258 3540 23.
2297 3480 2488 3545 Nicot.
2518 3478 2773 3565 Biefield
2792 3478 3120 3561 principia
3149 3477 3294 3565 fidei
3313 3472 3552 3559 oap.:35.

647 3568 835 3631 Pauli
890 3568 1139 3653 Baynes
1204 3566 1385 3629 Varia
1431 3568 1733 3647 opuscula
1746 3588 1769 3640 ;
1817 3567 2088 3632 Thomae
2115 3566 2378 3645 Hooker‚
2404 3568 2482 3631 de
2505 3566 2942 3632 humiliatione
2963 3566 3242 3641 animae,
3289 3566 3358 3629 de
3387 3582 3554 3645 prae·

638 3655 970 3739 paratione
1018 3656 1273 3719 (mimae
1318 3654 1404 3718 ad
1459 3654 1800 3732 Christum,
1849 3656 1925 3720 de
1957 3658 1984 3721 t
1999 3656 2197 3720 'nione
2219 3656 2472 3721 animae
2495 3677 2635 3721 cum
2669 3654 2914 3720 Christo
2945 3652 3060 3719 ἃς.
3097 3656 3144 3720 δι
3167 3655 3474 3737 scriptores
3491 3650 3554 3712 de

640 3744 831 3827 praaei
882 3743 1334 3826 resipiscentiae
1382 3742 1752 3819 Perkiusus,
1799 3744 1995 3822 Stoclc,
2037 3746 2207 3809 Dan.
2234 3745 2430 3831 Dijke,
2459 3744 2704 3809 Arthur
2725 3743 2912 3808 Dent.
2942 3740 3068 3817 Qui
3095 3765 3313 3807 omnes
3333 3737 3552 3825 anglice

642 3831 884 3914 scripti,
916 3832 1182 3915 ,quidam
1209 3831 1403 3894 etiam
1436 3830 1502 3893 in
1526 3830 1853 3915 belgicum
1877 3854 2233 3897 sermonem
2257 3832 2576 3911 translati,
2602 3838 2646 3894 δι
2670 3830 3023 3895 Perkinsus
3047 3830 3114 3894 in
3150 3832 3431 3895 latinum.
3471 3824 3550 3890 Fa·

642 3923 857 3982 autem
905 3942 1046 3983 cum
1094 3918 1325 4003 judicio
1367 3919 1640 4003 legendi,
1668 3924 1741 3983 ut
1771 3922 2131 3986 collimetur
2155 3922 2234 3985 ad
2259 3920 2698 3985 distinctiones
2727 3923 2764 3982 a
2787 3919 2974 3983 nobis
2991 3919 3304 3984 hactenus
3325 3916 3548 3981 allaim:

644 4009 689 4071 δι
740 4007 1074 4091 cogitetur,
1124 4008 1547 4091 practicorum
1596 4014 1936 4093 conceptus
1985 4010 2039 4073 si
2087 4032 2211 4074 non
2235 4032 2474 4089 omneS,
2501 4009 2753 4087 saltem,
2777 4008 3119 4092 plerosque
3145 4010 3227 4073 ad
3249 4004 3546 4073 secundum

646 4100 1031 4245 ιιιῗιιιειιὲυω
1083 4095 1585 4181 regenerationis
1632 4100 1675 4158 δι’
1732 4099 2046 4162 actualem
2100 4100 2576 4164 conversionem
2604 4097 2736 4162 sive
2765 4096 3046 4180 primam
3061 4098 3198 4162 sive
3225 4098 3544 4162 renovatam

646 4204 712 4245 re
744 4204 890 4245 eren
933 4205 1021 4246 OS.

1218 4406 1303 4415 ·--
1368 4410 1455 4419 -·—
1483 4392 2870 4451 wst·ff
2909 4408 3024 4417 --
