3694 4871
504 251 511 261 ι
603 295 731 359 236
865 295 1081 363 Disr.
1129 294 1313 363 vm.
1360 298 1481 361 Da
1526 298 1900 363 Prasorm
1945 298 2282 363 01101811
2329 299 2838 365 Manui-onis
2881 298 3092 363 PAas
3137 296 3257 365 111.

598 481 968 546 terminant.
1015 481 1181 547 Vide
1228 484 1485 568 Epistol.
1546 486 1997 571 Tiqurinorum
2043 486 2130 551 ad
2179 489 2410 572 fratres
2435 487 2732 553 Polaemos.
2755 484 2843 549 Et
2883 484 3268 569 Wv'yandum
3302 494 3530 547 contra

598 571 1003 636 Stant-arum.
1048 570 1137 634 Et
1189 572 1279 636 sic
1328 573 1473 638 illas
1500 574 1902 657 quaestiones
1933 576 2314 657 conjunctim
2339 574 2656 638 affirmate
2687 573 3115 637 determinant
3145 570 3524 646 Lutherani3

598 658 753 741 quin
800 658 996 723 etiam
1044 682 1121 723 ex
1170 660 1403 725 nostris
1447 663 1735 727 nonnulli
1783 684 1897 746 per
1942 661 2409 736 συγκατὰβασιν
2461 661 2843 726 Lutheranis
2867 661 2972 725 hic
2993 660 3342 725 concedunt
3361 659 3526 723 illud

596 748 725 831 qud
748 768 861 810 seu
883 760 1193 833 quaemus
1216 748 1359 812 laxe
1384 750 1518 813 scil.
1544 753 1591 816 St
1617 751 1962 835 improprie
1987 755 2244 835 accepta
2267 750 2508 834 phrasi,
2555 772 2748 832 quam
2777 753 3002 833 postea
3023 752 3176 813 sane
3201 747 3524 832 explicant

598 834 759 898 Vide
792 836 1063 901 Pareum
1089 837 1159 900 in
1190 839 1455 902 Roman.
1492 839 1590 901 14.
1618 838 1765 904 dub.
1795 839 1854 902 8.
1891 838 2145 903 Vanum
2171 844 2384 903 autem
2411 843 2508 903 est
2539 838 2871 923 effugium,
2905 840 2952 903 &
2975 838 3140 901 falsa
3183 835 3518 921 hypothesi

596 926 709 985 aut
752 924 1077 1006 postulato
1106 946 1231 988 non
1258 926 1646 990 concedendo
1670 927 2012 991 subnixum
2037 948 2051 990 :
2101 927 2280 1003 Quod
2307 928 2554 1011 quando
2579 927 2655 990 de
2682 924 2940 991 Chr³sto
2973 926 3233 991 homine
3255 926 3376 1010 1]οὰ
3393 925 3516 988 ho-

600 1010 771 1073 mine
816 1011 1133 1077 adorando
1180 1014 1527 1096 quaeritur,
1570 1016 1858 1097 quaestio
1886 1015 1971 1079 sit
1994 1016 2070 1079 de
2101 1020 2284 1099 parte
2307 1036 2611 1099 personae
2637 1014 2908 1090 Christi3
2934 1019 3007 1079 ut
3029 1014 3378 1078 necessario
3401 1036 3514 1077 ex-

596 1098 891 1181 plicanda
937 1100 1022 1163 sit
1066 1101 1224 1165 haec
1260 1102 1577 1185 particula
1630 1103 1972 1167 limitativa
2009 1106 2136 1189 qud
2188 1126 2303 1188 per
2351 1100 2422 1160 τὲ
2466 1125 2593 1189 qua
2637 1116 2816 1187 parte
2860 1103 3046 1167 lio-mo
3067 1115 3174 1167 est.
3199 1101 3346 1166 Jam
3367 1124 3518 1165 vero

597 1185 834 1250 Christi
864 1187 1145 1253 humana
1180 1194 1411 1254 natura
1449 1191 1826 1274 simpliciter
1866 1214 1990 1256 non
2017 1196 2114 1256 est
2146 1194 2497 1270 adoranda3
2541 1213 2694 1276 ergo
2715 1214 2842 1255 non
2867 1194 3078 1275 potest
3101 1192 3181 1255 de
3207 1194 3280 1253 ea
3303 1189 3514 1273 quaeri

596 1296 758 1357 quae
804 1275 889 1340 sit
934 1276 1099 1341 ratio
1152 1277 1438 1343 formalis
1486 1280 1894 1344 adorationis,
1944 1282 2122 1363 Resp.
2171 1280 2380 1345 Multa
2417 1282 2524 1345 hic
2547 1279 2978 1357 involvuntur,
3013 1300 3178 1362 quae
3203 1278 3514 1362 prolixum

592 1366 761 1427 esset
785 1365 1090 1430 evolvere.
1140 1366 1433 1431 Breviter
1459 1370 1634 1453 Hesp.
1669 1370 1723 1432 1.
1773 1369 1999 1433 Partes
2023 1370 2176 1433 dure
2201 1372 2246 1435 &
2271 1368 2651 1445 ἀκυρολὸγως
2674 1368 2872 1432 tribui
2911 1388 3224 1451 personae
3247 1366 3512 1431 Christi:

591 1450 657 1514 in
682 1450 799 1515 hac
825 1474 977 1537 ergo
1000 1451 1358 1534 ἂκυρολογίᾳ
1388 1479 1513 1521 11011
1556 1458 1984 1539 quaerendum
2044 1458 2374 1542 effugium.
2424 1456 2726 1520 Dicamus
2759 1456 2970 1539 potius
2995 1478 3140 1519 cum
3175 1453 3514 1538 Theologis

594 1543 883 1604 accurate
931 1541 1357 1624 loquentibuS,
1406 1546 1451 1611 &
1498 1546 1565 1608 111
1604 1546 2032 1610 controversia
2064 1545 2428 1609 Lutherana
2473 1545 2833 1609 exercitatis
2864 1545 3056 1622 (inter
3080 1565 3241 1626 quos
3267 1541 3514 1606 nomino

591 1625 683 1691 Cl.
731 1628 1111 1714 Altinyium)
1165 1630 1631 1697 humanitatem
1685 1634 1924 1698 Christi
1972 1656 2106 1697 esse
2147 1636 2510 1719 adjunctum
2541 1633 2796 1697 deitatis
2821 1632 2942 1695 filii
2971 1630 3369 1691 avrea-rnen
3389 1630 3514 1695 Cur

592 1736 745 1799 ergo
780 1717 1145 1799 adjunctum
1180 1719 1600 1785 substantiale
1619 1722 2072 1806 temporarium
2097 1724 2282 1796 λόγου
2295 1744 2408 1785 8011
2427 1722 2542 1784 filii
2566 1720 2688 1783 Dei
2713 1720 3110 1805 (humanitas
3144 1721 3328 1806 [pag.
3353 1718 3510 1802 328]

590 1803 703 1866 scil
728 1804 755 1887 )
796 1804 865 1867 in
910 1810 1199 1869 concreto
1247 1809 1446 1873 autin
1474 1810 1792 1873 abstracto
1816 1810 2027 1873 minus
2051 1814 2164 1874 aut
2187 1811 2394 1895 magis
2425 1809 2671 1873 dicatur
2709 1809 3026 1892 objectum
3049 1807 3384 1873 materiale
3405 1810 3512 1870 aut

586 1890 853 1956 formale
900 1893 1305 1975 adorationis,
1353 1919 1545 1980 quam
1598 1899 1962 1981 adjunctum
2019 1898 2402 1961 accidentale
2449 1897 2790 1961 relativum
2812 1897 3035 1961 itidem
3059 1895 3508 1980 temporarium

590 1979 918 2062 (mediatio
964 1981 1127 2065 scil.)
1174 1983 1307 2047 sive
1345 1985 1413 2048 in
1438 1985 1759 2050 abstracto
1790 1986 2012 2050 sivein
2041 1990 2351 2050 concrete.
2380 1987 2440 2049 2.
2491 1984 2671 2061 Quod
2715 2006 3040 2069 opponens
3067 1986 3134 2050 in
3159 1988 3336 2049 statu
3365 2004 3508 2047 con-

586 2068 934 2133 troversiae
982 2070 1422 2136 constituendo
1470 2075 1517 2139 81
1562 2074 1933 2157 explicando
1987 2072 2338 2137 Socinianis
2385 2078 2496 2137 aut
2529 2072 3004 2137 Remonstrant.
3029 2077 3144 2137 aut
3170 2070 3506 2146 Maccovio,

588 2158 701 2219 aut
752 2158 887 2239 ejus
934 2158 1258 2237 ὁμοψήφοις,
1312 2182 1387 2224 ex
1434 2182 1622 2226 sensu
1660 2166 1773 2225 aut
1806 2162 2065 2246 proprio
2090 2166 2393 2245 conceptu
2424 2162 2801 2246 praescribit
2833 2162 2990 2247 quid
3009 2161 3382 2245 intelligant
3403 2180 3512 2243 per

588 2263 661 2300 ‘ro
688 2246 848 2329 quin
883 2245 945 2309 id
972 2248 1227 2330 quidem
1258 2254 1510 2331 praeter
1532 2271 1772 2313 morem
1798 2252 1844 2315 &
1869 2250 2238 2314 methodum
2263 2251 2625 2334 disputandi
2651 2250 2812 2314 mihi
2835 2249 2975 2313 fieri
3001 2250 3270 2313 videtur.
3319 2247 3510 2323 Quid-

588 2331 743 2415 quid
766 2333 877 2395 alii
901 2332 1005 2398 hic
1029 2336 1262 2400 sentire
1294 2336 1494 2401 velint
1531 2339 1725 2421 (quod
1762 2358 1884 2421 ego
1929 2338 2180 2423 ignoro)
2204 2340 2340 2402 dico
2371 2361 2556 2403 omne
2587 2360 2714 2424 qua
2731 2350 2913 2423 parte
2942 2360 3082 2403 esse
3104 2358 3234 2424 qua
3257 2337 3368 2400 sed
3391 2356 3508 2399 11011

585 2423 805 2485 contra
849 2420 927 2486 Ε.
953 2444 1017 2508 g.
1046 2421 1271 2489 Petrus
1296 2427 1393 2488 est
1418 2425 1681 2490 risibilis
1705 2430 1833 2510 qua
1861 2426 2074 2507 hom0‚
2099 2428 2145 2493 s
2177 2427 2467 2491 aedificat
2499 2449 2624 2514 qua
2655 2427 2866 2492 faber:
2907 2428 3018 2491 sed
3041 2449 3172 2492 non
3195 2428 3326 2513 qud
3339 2437 3508 2510 parte

584 2507 775 2572 homo
802 2513 915 2574 aut
940 2533 1065 2594 qua
1088 2517 1269 2595 parte
1292 2512 1509 2578 faber:
1556 2515 1870 2597 siquidem
1914 2513 1984 2574 τὲ
2029 2517 2157 2601 qua
2197 2529 2379 2600 parte
2407 2516 2625 2580 stricte
2649 2522 2692 2576 ssz
2717 2516 2971 2599 proprie
2995 2515 3368 2599 accipiatur,
3401 2534 3508 2597 pro

584 2595 925 2660 limitativo
972 2601 1314 2664 secundum
1358 2607 1608 2685 partem
1657 2603 2080 2684 essentialem,
2121 2609 2233 2667 aut
2253 2604 2654 2688 integralem,
2681 2607 2780 2670 810.
2829 2603 2936 2668 Sic
2959 2603 3070 2667 hic
3093 2604 3426 2686 quaeritur
3445 2601 3504 2664 in

584 2689 872 2748 concreto
904 2709 986 2750 an
1010 2686 1302 2752 Christus
1326 2689 1411 2752 sit
1436 2691 1790 2754 adorandus
1813 2695 1940 2777 quiz
1967 2693 2286 2770 Mediator,
2316 2714 2427 2755 seu
2451 2691 2564 2758 sub
2597 2693 2700 2756 illo
2723 2693 3005 2775 Ῑοντηαὶἰ,
3030 2695 3164 2778 quiz
3191 2693 3506 2756 Mediator.

582 2769 717 2835 Nos
777 2773 922 2857 Neq.
974 2774 1021 2839 81
1074 2775 1240 2840 inter
1279 2777 1407 2840 alia
1454 2783 1831 2862 argumenta
1879 2784 2094 2844 nostra
2125 2779 2247 2844 hoc
2271 2781 2646 2864 opponimus
2671 2801 2686 2843 t
2715 2778 2840 2855 Qui
2869 2784 2968 2844 est
3003 2781 3364 2844 adorandus
3387 2799 3502 2862 qua

584 2859 893 2924 mediator
915 2881 1027 2926 seu
1052 2864 1168 2927 sub
1193 2863 1307 2928 illo
1331 2866 1583 2928 formali
1616 2870 1741 2948 qua
1764 2867 2093 2946 mediator,
2143 2867 2253 2931 ille
2277 2869 2470 2932 etiam
2499 2868 2852 2932 adorandus
2877 2873 2974 2932 est
2999 2871 3132 2951 qua
3159 2867 3375 2944 homo,
3401 2887 3500 2928 seu

583 2946 701 3008 sub
748 2946 859 3010 illo
908 2948 1161 3013 formali
1209 2956 1335 3034 qua
1365 2952 1587 3017 homo:
1647 2953 1769 3018 Sed
1792 2955 2110 3038 posterius
2136 2961 2234 3019 est
2257 2957 2634 3020 absurdum:
2661 2977 2834 3041 ergo·
2883 2955 3034 3020 Non
3058 2956 3248 3019 video
3278 2956 3384 3019 hic
3413 2953 3496 3016 di-

580 3036 750 3097 recte
774 3037 996 3119 negari
1021 3039 1323 3121 majorem
1348 3045 1459 3104 aut
1482 3041 1790 3105 minorem
1818 3044 2179 3127 argumenti
2201 3044 2349 3120 mei,
2383 3051 2495 3108 aut
2525 3067 2640 3128 per
2661 3043 3138 3108 distinctionem
3163 3043 3492 3127 quicquam

582 3123 967 3204 responderi,
1015 3127 1208 3209 (quod
1252 3133 1469 3191 tamen
1492 3128 1631 3192 fieri
1653 3129 2004 3212 debuerat),
2031 3131 2139 3195 sed
2165 3132 2344 3194 innui
2368 3132 2522 3216 quid
2545 3133 2620 3196 de
2661 3132 3131 3217 paralogismo:
3165 3133 3341 3216 quod
3365 3127 3496 3214 quid

583 3209 688 3284 sit,
738 3213 851 3274 aut
890 3214 1203 3293 quomodo
1259 3214 1377 3279 hoc
1425 3217 1711 3280 technice
1758 3217 1882 3281 dici
1907 3219 2128 3300 possit,
2154 3219 2359 3283 fateor
2383 3243 2483 3284 me
2511 3242 2640 3283 non
2671 3221 2828 3284 satis
2853 3241 3102 3304 capere.
3153 3219 3332 3284 Nam
3355 3215 3496 3281 illud

579 3297 747 3378 quod
794 3299 1206 3383 paralogismi
1254 3302 1483 3367 indicio
1538 3305 1928 3369 substruitur
1971 3306 2048 3370 110
2095 3307 2223 3370 alia
2247 3309 2606 3390 acceptione
2633 3309 2984 3391 particulae
3009 3310 3142 3393 qud
3165 3308 3232 3370 in
3261 3311 3496 3372 antece-

579 3384 786 3462 dente,
835 3406 1027 3468 quam
1072 3389 1139 3450 in
1169 3395 1607 3474 consequente,
1653 3392 1717 3455 id
1748 3393 1952 3476 gratis
1999 3394 2228 3458 dicitur
2273 3397 2319 3460 a
2343 3399 2562 3458 contra
2586 3417 2846 3459 sensum
2867 3402 3060 3480 atque
3085 3397 3492 3460 intentionem

582 3476 884 3536 nostram.
933 3474 1317 3560 Quacunque
1349 3479 1810 3562 significatione
1837 3481 2000 3545 alius
2031 3473 2174 3564 quis
2197 3484 2522 3566 concipere
2555 3489 2774 3566 posset
2799 3491 2914 3548 aut
2936 3485 3094 3548 velit
3124 3483 3492 3567 particulam

578 3579 727 3643 qua,
752 3559 871 3624 hoc
902 3585 1003 3626 me
1028 3585 1153 3627 non
1179 3565 1410 3649 tangit,
1436 3587 1550 3629 uec
1575 3572 2023 3649 argumentum
2047 3592 2260 3634 meum
2285 3572 2469 3634 modo
2493 3573 2912 3654 propositum.
2951 3571 3318 3656 Utrobique
3341 3569 3490 3635 enim

578 3645 737 3709 mihi
760 3647 1079 3731 significat
1104 3652 1415 3716 rationem
1440 3653 1767 3716 formalem
1798 3659 1910 3718 aut
1943 3656 2258 3740 objectum
2283 3659 2570 3736 formale,
2590 3661 2635 3723 ἃ
2663 3661 2852 3743 aequi
2877 3661 3052 3724 valet
3069 3659 3231 3724 huic
3255 3655 3491 3744 phrasi:

578 3733 691 3796 31ιὸ
740 3735 849 3800 illo
877 3739 1140 3819 sornwli
1182 3761 1326 3824 qua.
1384 3739 1487 3804 Sic
1520 3762 1673 3824 ergo
1708 3750 2156 3826 argumentum
2211 3746 2597 3810 instruatur:
2633 3749 2743 3830 qui
2783 3748 2902 3812 sub
2949 3748 3062 3811 illo
3095 3747 3360 3812 formali
3381 3763 3487 3827 qua

580 3821 890 3886 mediator
936 3825 1308 3905 adorandus,
1336 3827 1444 3891 ille
1470 3827 1663 3892 etiam
1688 3829 1803 3891 sub
1830 3830 1941 3894 illo
1965 3831 2222 3897 formali
2247 3856 2374 3917 qua
2396 3834 2587 3898 homo
2612 3836 2987 3900 adorandus·
3039 3834 3168 3900 Sed
3193 3831 3488 3919 posterius

583 3906 957 4006 absurdum:
1009 3933 1163 3996 ergo
1209 3915 1253 3978 δι
1299 3915 1497 3997 prius.
1546 3914 1681 3978 Aut
1704 3915 1793 3979 sic
1814 3916 1882 3980 in
1921 3918 2270 3984 abstracto:
2306 3921 2498 4004 Cujus
2537 3923 2840 3987 mediatio
2865 3929 2964 3988 est
2993 3924 3482 3995 fundamentum,

578 3993 892 4074 objectum
938 3996 1224 4076 formale,
1274 4002 1437 4066 ratio
1468 4001 1755 4066 formalis
1786 4006 2203 4083 adorationis3
2228 4009 2402 4072 illius
2441 4009 2808 4075 humanitas
2863 4034 2976 4076 seu
3023 4012 3382 4076 incarnatio
3403 4009 3484 4070 est

576 4078 1059 4148 fundamentum
1084 4085 1130 4148 &
1152 4087 1469 4170 objectum
1492 4089 1757 4154 formale
1790 4093 2195 4159 adorationis.
2245 4094 2368 4159 Sed
2417 4096 2655 4161 Christi
2681 4099 3052 4164 humanitas
3077 4123 3210 4164 nou
3247 4103 3344 4165 est
3365 4097 3482 4160 fun·

580 4164 957 4268 damen-tum·
988 4175 1100 4234 aut
1147 4175 1459 4256 objectum
1486 4176 1752 4241 formale
1777 4179 2182 4246 adorationis.
2231 4181 2426 4268 Ergo·
2476 4184 2713 4260 Quodsi
2746 4187 2812 4253 in
2855 4193 3150 4254 concreto
3184 4189 3476 4274 objectum

580 4254 910 4350 materiale
940 4259 1217 4342 intelligi
1234 4263 1376 4343 quis
1404 4264 1574 4340 velit,
1598 4265 1727 4346 jam
1747 4266 1930 4329 nobis
1945 4271 2434 4336 assentientibus
2459 4273 2705 4338 dicatur
2729 4275 3060 4340 Christum
3085 4277 3480 4342 mediatorem

581 4337 627 4402 ἃ
653 4335 977 4406 Christum
1016 4343 1335 4409 hominem
1369 4370 1505 4413 esse
1528 4350 1932 4417 adorandum.
1981 4354 2280 4437 Rursum,
2313 4359 2366 4421 si
2393 4361 2534 4441 quis
2556 4363 2622 4425 in
2650 4363 2974 4428 abstracto
2997 4385 3241 4429 munus
3267 4359 3476 4429 media·

3277 4448 3476 4521 toi-iam
