3694 4871
620 319 747 381 316
1291 313 2372 381 D1sr.XI.D1·:SAnssA'ruo
2424 310 2906 375 ernsms·

622 526 826 567 meam
875 507 1028 585 puto
1078 502 1550 566 satisfacturam
1599 500 1697 575 iis,
1748 499 1857 583 qui
1886 500 1963 563 de
1994 499 2176 582 praxi
2198 498 2459 581 pietatis
2487 500 2532 563 &-
2556 496 2855 561 sabbathi
2880 498 3065 561 unice
3092 495 3351 560 solliciti
3376 500 3523 559 sunt.

622 589 738 656 III.
789 589 890 653 An
940 591 1328 673 peristatica,
1381 588 1818 665 accidentalia,
1868 586 2313 665 ambulatoria,
2361 588 2406 652 a
2438 585 2776 649 mutabilia
2800 585 3017 669 aliqua
3040 583 3290 648 fuerint
3313 583 3376 647 in
3400 584 3528 647 sab·
3619 643 3621 645 ,

619 680 816 743 hatho
848 678 890 742 J
897 680 1238 743 udaeorum
1271 681 1522 762 praeter
1549 676 1790 740 cultum
1816 675 2320 752 ceremonialem,
2349 674 2719 754 adjunctum
2742 673 2919 737 illius
2944 672 3076 736 diei
3098 672 3521 747 necessarium.

620 770 679 829 (5.
711 768 758 832 A
767 771 836 853 ff.
865 769 908 833 &
933 771 1238 831 notantur
1268 766 1463 851 vulgo
1493 766 1550 828 1.
1575 766 1698 828 duo
1720 764 1834 828 illo
1862 764 2044 828 modo
2084 762 2265 828 Proh.
2296 765 2355 826 2.
2388 760 2451 827 st
2476 762 2538 825 3.
2566 764 2806 825 notata.
2833 762 2894 825 2.
2922 759 3167 845 Rigida
3192 758 3239 822 81
3262 759 3525 843 specialis

617 857 732 919 illa
756 856 956 938 qnieS,
986 859 1058 918 ut
1082 878 1158 919 ne
1185 855 1439 938 quidem
1465 875 1698 916 manna
1730 855 1897 917 esset
1921 852 2447 935 praeparandum,
2472 872 2587 913 nec
2613 850 2797 914 domo
2822 850 3190 914 exeundum
3230 848 3415 913 Exod.
3442 849 3523 909 16.

537 967 543 973 ·
618 946 716 1007 23.
772 946 853 1007 28
915 942 1018 1006 29.
1069 940 1271 1017 Quem
1295 942 1573 1026 rigorem
1599 939 1888 1005 nonnulli
1916 962 2058 1003 cum
2082 940 2220 1023 ipso
2246 937 2483 1003 Manna
2508 960 2785 1003 cessasse
2808 938 3054 1002 volunt.
3112 936 3254 1000 Alii
3276 936 3525 1001 sentiunt
3629 992 3632 1025 ἡ

618 1056 694 1097 ex
741 1032 1023 1095 naturali
1071 1031 1114 1095 83
1143 1030 1369 1095 morali
1394 1028 1715 1111 aequitate
1746 1052 1874 1091 non
1898 1028 2094 1092 fuisse
2119 1027 2364 1091 licitam
2388 1026 2942 1110 praeparationem
2970 1048 3272 1099 mannae,
3290 1023 3523 1108 quiani-
3629 1048 3632 1131 3

615 1120 817 1184 mium
865 1119 1101 1183 laboris
1148 1121 1193 1184 8z
1246 1118 1551 1202 temporis
1598 1116 1982 1200 requirebat.
2034 1114 2137 1179 Sic
2180 1114 2478 1190 wilm-2033
2504 1111 2767 1191 lunia-3,
2808 1116 3093 1179 placator
3126 1115 3199 1177 in
3224 1112 3408 1178 Exod.
3442 1111 3523 1174 16.
3629 1134 3632 1195 g

619 1209 1034 1291 Praeceptum
1083 1208 1158 1271 de
1202 1230 1330 1272 non
1356 1206 1658 1283 exeundo,
1691 1209 1846 1289 puto
1870 1204 2383 1288 restringendum
2408 1204 2489 1267 ad
2513 1202 2946 1268 collectionem
2979 1224 3264 1267 mannae
3288 1224 3360 1265 ex
3388 1220 3517 1264 vem.
3629 1242 3632 1281 Ξ

617 1299 720 1361 28.
774 1296 876 1360 29.
927 1319 1043 1360 nec
1088 1295 1510 1380 profectiones
1556 1294 1949 1358 necessariae
1978 1292 2184 1377 magis
2210 1292 2649 1375 prohibentur,
2677 1314 2869 1375 quam
2895 1291 3027 1354 alia
3052 1312 3257 1375 opera
3286 1286 3523 1353 necessi·

614 1386 785 1449 tatis.
839 1386 896 1448 3.
947 1384 1363 1468 Praeceptum
1423 1383 1498 1447 de
1522 1405 1648 1446 non
1672 1382 1942 1445 accendo
1966 1381 2103 1465 igni
2132 1380 2326 1447 Exod.
2354 1380 2459 1443 35.
2490 1382 2548 1443 3.
2576 1381 2744 1445 Beza
2768 1381 2837 1444 in
2861 1380 3095 1445 tabulis
3122 1379 3383 1463 triplicis
3404 1378 3525 1461 leqis

614 1473 944 1557 restringit
990 1474 1070 1536 ad
1115 1473 1333 1557 ignem
1380 1472 1446 1535 in
1491 1470 1750 1534 fabricis
1797 1470 1879 1533 ad
1908 1469 2279 1533 fabricanda
2309 1468 2611 1533 utensilia
2652 1467 3073 1533 tabernaculi.
3143 1465 3423 1531 Vatablns
3460 1463 3521 1527 ad

614 1561 832 1643 ignem
866 1564 910 1626 81,
936 1582 1160 1644 operas
1191 1561 1336 1624 inde
1378 1560 1819 1643 dependentes,
1857 1580 1933 1621 ex
1961 1557 2193 1641 quibus
2219 1558 2466 1621 lucrum
2480 1556 2720 1639 sperari
2750 1560 2985 1640 posset.
3016 1555 3413 1621 Marbcwht'us
3432 1552 3521 1616 ad·

612 1650 828 1733 ignem
854 1670 1184 1713 accensum
1211 1652 1390 1713 extra
1415 1668 1630 1712 casum
1655 1647 2052 1710 necessitatis
2080 1646 2260 1729 ponit
2282 1650 2497 1709 autem
2522 1667 2703 1709 casus
2736 1644 3181 1709 necessitatis:
3212 1643 3521 1707 coctionem
3630 1650 3632 1653 ⁴

618 1738 741 1800 cibi
761 1740 806 1803 δι
824 1736 1301 1800 calefactionem
1321 1735 1587 1821 aegroti.
1615 1736 1949 1818 cajeta-nus
1962 1736 2007 1800 a
2044 1735 2323 1800 Willetus
2339 1733 2737 1817 restringunt
2754 1734 2831 1796 ad
2851 1754 3194 1815 operosam
3212 1729 3519 1796 coctionem

615 1828 661 1891 δι
685 1824 1232 1908 praeparationem
1262 1846 1552 1899 mannae,
1573 1827 1762 1905 atque
1807 1823 2079 1887 aliorum
2124 1822 2411 1886 ciborum
2438 1822 2632 1887 Emod.
2674 1821 2777 1885 16.
2806 1822 2911 1883 23.
2940 1824 3011 1884 ut
3042 1820 3519 1905 distingueretur

615 1914 735 1978 hac
759 1914 1002 1978 ratione
1028 1912 1414 1977 sabbathum
1440 1916 1477 1975 a
1497 1912 1677 1976 festis
1703 1911 1933 1995 quibus
1960 1911 2079 1975 hoc
2104 1910 2357 1989 licebat,
2390 1909 2586 1973 immo
2610 1909 2865 1993 proprie
2890 1909 3335 1973 conveniebat.
3364 1905 3517 1971 Νἱωὶ.

623 2002 873 2067 Collado
897 2001 1234 2085 theologus
1260 2000 1730 2064 Lausunnensis
1746 2001 1813 2064 in
1831 2003 2130 2083 opusculo
2148 1999 2236 2064 tic.
2255 2000 2431 2064 lesus
2452 1999 2811 2065 Nazaraeus
2828 2020 2993 2061 anno
3011 1996 3210 2061 1577.
3230 1996 3517 2078 editopaq.

616 2091 721 2155 67.
773 2090 975 2154 Bezae
1001 2090 1380 2153 sententiam
1436 2088 1844 2171 amplectitur
1876 2088 1922 2153 ἃ
1954 2092 2168 2152 censet
2192 2086 2552 2170 specialiter
2584 2086 2936 2169 respexisse
2958 2083 3179 2149 Deum
3196 2104 3411 2168 operas
3434 2080 3514 2143 fa-

613 2179 807 2243 briles
841 2179 920 2241 ad
943 2178 1338 2242 tabernaculi
1370 2176 1873 2241 aedificationem
1898 2176 2259 2259 requisitaS,
2285 2176 2350 2238 in
2368 2175 2599 2257 quibus
2616 2178 2919 2258 tanquam
2942 2174 3220 2238 exemtis
3238 2176 3275 2236 a
3292 2169 3514 2235 manda-
3630 2168 3632 2249 ζ

613 2270 682 2330 ta
715 2266 926 2349 quiete
953 2265 1270 2343 sabbathi,
1298 2265 1420 2330 sibi
1446 2264 1633 2329 facile
1659 2264 2083 2349 indulgebant
2107 2268 2219 2327 aut
2243 2263 2675 2327 indulsissent.
2706 2265 3067 2328 Munscerm
3094 2263 3166 2326 in
3184 2261 3346 2328 notis
3361 2258 3512 2345 [pag.

623 2354 823 2441 1250]
848 2356 934 2419 ad
959 2353 1153 2419 Exod.
1183 2355 1286 2417 35.
1315 2353 1611 2426 limitate,
1636 2352 1755 2416 hoc
1780 2356 2191 2437 praeceptum
2216 2352 2308 2415 sic
2332 2352 2624 2435 exponit:
2644 2350 2875 2415 Judaei
2895 2350 3014 2415 hoc
3037 2344 3513 2434 praeceptumad

613 2443 868 2507 literam
903 2444 1314 2520 „servandum
1341 2445 1602 2526 putant:
1629 2442 1770 2506 ideo
1794 2441 2199 2506 conductitiis
2224 2441 2604 2506 Christianis
2630 2443 2899 2504 utuntur
2916 2440 3258 2516 sabbatho,
3278 2437 3381 2522 qui
3408 2432 3514 2535 illis
3630 2449 3632 2458 ²

625 2532 874 2616 „ignem
898 2529 1183 2595 foveant:
1211 2553 1337 2596 non
1363 2531 1763 2595 advertentes
1788 2531 2221 2594 sacerdotibus
2245 2529 2499 2593 licuisse
2516 2529 2735 2614 ignem
2746 2532 2991 2592 struere
3008 2551 3127 2611 pro
3137 2527 3283 2613 jugi
3306 2521 3513 2590 sacrifi·

625 2620 774 2698 „ci0,
802 2619 901 2683 die
925 2619 1244 2684 sabbathi.
1272 2617 1507 2683 Sensus
1532 2618 1734 2704 igitur
1758 2623 1874 2697 est,
1902 2617 2217 2682 sabbatho
2242 2619 2491 2681 nullum
2516 2617 2980 2681 accendendum
3003 2617 3249 2700 ignem,
3266 2611 3513 2678 undelu·

625 2731 836 2786 „crum
876 2708 1134 2790 aliquod
1179 2707 1417 2792 sperari
1460 2711 1702 2790 posset;
1745 2711 1818 2770 ut
1858 2729 1934 2770 ex
1959 2705 2235 2786 fornace,
2260 2705 2325 2768 in
2345 2709 2472 2790 qua
2486 2705 2721 2770 lateres
2742 2705 2845 2770 vel
2868 2704 3034 2768 ollae
3058 2711 3179 2770 aut
3202 2703 3341 2768 calx
3362 2701 3513 2764 deco-

623 2799 960 2878 „quuntur3
979 2801 1092 2859 aut
1109 2797 1304 2860 etiam
1321 2794 1375 2860 si
1393 2797 1806 2860 succendatur
1822 2794 2049 2859 fornax
2064 2795 2143 2858 ad
2156 2795 2513 2876 coquendos
2530 2815 2747 2877 panes,
2768 2792 3105 2859 Rioemsin
3120 2800 3429 2858 commem.
3446 2785 3514 2851 ad

623 2885 856 2962 „Exoch
885 2884 989 2947 35.
1016 2884 1346 2968 restringit
1371 2885 1448 2948 ad
1472 2884 1688 2968 ignem
1713 2884 1824 2966 qui
1857 2883 2338 2947 succenderetur
2362 2883 2443 2946 ad
2464 2882 2785 2967 parandos
2810 2881 3006 2960 cibos,
3032 2885 3151 2946 aut
3174 2881 3255 2945 ad
3289 2874 3512 2943 servilia

626 2994 962 3050 „munera3
989 2995 1113 3036 non
1140 2977 1354 3036 autem
1379 2993 1522 3036 cum
1556 2972 2001 3036 accenderetur
2049 2971 2127 3034 ad
2160 2968 2659 3035 calefaciendum
2692 2993 2757 3034 se
2784 2970 3040 3056 vigente
3062 2969 3317 3047 bruma,
3342 2965 3428 3030 vel
3447 2961 3510 3026 acl

625 3060 1087 3143 „praebendum
1135 3061 1365 3124 lumen.
1417 3059 1520 3124 Sic
1567 3061 1760 3123 etiam
1797 3059 2011 3124 omnia
2044 3059 2170 3122 alia
2195 3080 2357 3142 quae
2382 3059 2462 3123 ad
2489 3059 2919 3142 quaerendum
2943 3059 3417 3142 parandmnque
3436 3051 3511 3113 vi·

624 3153 834 3224 „ctum
886 3149 1309 3231 pertinebant,
1359 3147 1864 3232 prohibebantur
1893 3149 1993 3213 &c-
2020 3145 2309 3211 Similem
2334 3147 2798 3212 restrictionem
2828 3145 3071 3211 habent
3101 3159 3287 3213 notae
3306 3138 3511 3222 ‘ortami-

614 3240 786 3302 nates
835 3237 1129 3320 Belyicae.
1182 3235 1374 3302 Recte
1443 3237 1720 3303 Willetus
1766 3259 1911 3300 cum
1963 3235 2320 3300 Marbachio
2366 3257 2491 3300 non
2542 3239 2795 3299 tantum
2844 3236 2919 3299 de
2942 3235 3084 3320 igni
3109 3237 3191 3298 ad
3216 3251 3429 3320 panem
3450 3247 3509 3291 ex

616 3328 849 3389 manna
893 3325 1244 3409 parandum
1279 3324 1774 3407 prohibitionem
1797 3323 1965 3388 hanc
1988 3327 2331 3408 exponunt,
2365 3324 2473 3388 sed
2498 3324 2573 3387 de
2606 3345 2982 3408 quocunque
3008 3345 3273 3388 accenso
3296 3321 3369 3386 ad
3388 3335 3510 3382 usus

615 3417 660 3480 Sc
715 3435 905 3497 opera
931 3417 1109 3478 extra
1133 3435 1348 3476 casum
1379 3412 1795 3476 necessitatis.
1847 3415 2189 3478 Censeo-tar.
2241 3411 2410 3476 Hinc
2433 3412 2723 3495 sequitur
2745 3412 2911 3477 male
2935 3412 3105 3476 hanc
3128 3413 3338 3497 legem
3360 3410 3395 3472 a
3412 3403 3449 3469 J
3452 3425 3508 3465 11·

615 3500 807 3576 daeiS,
857 3505 1028 3586 (cum
1083 3501 1314 3584 quibus
1361 3499 1607 3564 faciunt
1636 3501 1929 3565 nonnulli
1960 3499 2302 3582 Chistiani)
2336 3501 2565 3583 exponi
2589 3525 2603 3577 3
2630 3523 2775 3564 cum
2801 3500 2958 3564 illud
2986 3501 3156 3582 quod
3180 3501 3405 3564 dictum
3434 3492 3509 3556 est

619 3590 958 3653 secundum
987 3590 1156 3673 quid,
1184 3589 1499 3672 accipiunt
1523 3588 1917 3671 simpliciter,
1945 3590 2129 3672 quasi
2160 3589 2337 3652 nulla
2360 3589 2606 3653 ratione
2636 3588 2828 3674 ignia,
2863 3588 3205 3671 nequidem
3230 3587 3306 3652 ad
3330 3583 3505 3648 cibum

618 3678 821 3741 ullum
865 3677 1238 3757 necessario,
1287 3681 1400 3740 aut
1445 3676 1641 3740 etiam
1687 3698 1913 3760 corpus
1960 3677 2287 3762 proprium
2313 3676 2809 3742 calefaciendum
2836 3676 3065 3741 fuisset
3092 3669 3505 3742 accendendus.

618 3765 800 3830 Certe
847 3766 1233 3829 sabbathum
1258 3764 1301 3831 J
1303 3765 1595 3830 udaicum
1626 3768 1763 3828 erat
1791 3769 2053 3848 propter
2076 3765 2400 3828 hominem
2426 3767 2471 3830 a
2500 3766 2641 3829 vult
2670 3764 2845 3829 Deus
2876 3765 3384 3838 misericordiam,
3406 3776 3505 3822 non

617 3853 996 3918 sacrificium
1052 3854 1146 3917 uti
1193 3855 1311 3918 hoc
1365 3853 1745 3917 determinat
1791 3857 2075 3917 servator
2104 3853 2316 3918 Matth.
2356 3855 2435 3916 12
2492 3851 2779 3919 &Luca-e
2808 3855 2909 3917 13.
2933 3851 3161 3936 Itaque
3185 3875 3307 3917 non
3330 3847 3507 3912 minus

619 3941 662 4004 J
667 3941 883 4005 udaeis
930 3942 1177 4006 licitum
1201 3941 1327 4006 fuit
1351 3941 1688 4006 accendere
1713 3940 1951 4026 ignem,
1980 3963 2170 4024 quam
2193 3941 2411 4021 nobi83
2447 3943 2759 4025 quomodo
2777 3943 3070 4026 jumenta
3104 3947 3321 4027 potum
3342 3934 3503 4000 dedu·

620 4050 779 4105 cere,
827 4030 1032 4113 spicas
1079 4031 1310 4094 vellere
1359 4033 1404 4095 a
1452 4033 1793 4108 conterere,
1852 4030 2063 4093 cibum
2110 4051 2378 4108 sumere,
2426 4029 2749 4094 hominem
2774 4052 3021 4109 sanare,
3055 4053 3239 4095 ovem
3262 4049 3335 4093 ex
3352 4021 3505 4088 {ovezi

621 4115 974 4181 extrahere.
1023 4118 1142 4181 Est
1195 4122 1410 4181 autem
1465 4117 1744 4200 ejusdem
1791 4117 2030 4182 ordinis
2078 4120 2123 4183 a
2170 4118 2434 4184 rationis
2470 4118 2755 4182 accensio
2780 4118 2972 4203 ignis.
3024 4117 3192 4184 Hinc
3216 4129 3501 4203 perperam

619 4204 908 4266 hodierni
961 4205 1004 4268 J
1009 4205 1191 4269 udaei
1246 4207 1326 4270 ab
1373 4205 1492 4269 hoc
1538 4226 1726 4288 opere
1765 4205 1836 4274 in
1900 4205 2107 4290 specie
2156 4205 2499 4285 abstinent,
2525 4207 2572 4272 St
2597 4206 2825 4271 alicubi
2854 4205 3253 4272 Christianos
3283 4203 3354 4268 ad
3376 4195 3503 4263 illud

618 4291 993 4371 conducunt,
1047 4297 1156 4354 aut
1203 4293 1377 4356 tubis
1425 4315 1538 4356 seu
1561 4291 1794 4356 fistulis
1820 4296 1973 4378 (non
1996 4293 2287 4378 follibus)
2320 4294 2539 4378 ignem
2566 4293 2851 4373 sufflant,
2878 4299 2992 4359 aut
3022 4297 3282 4380 pulvere
3306 4289 3503 4356 niente

620 4377 998 4442 accendunt:
1027 4379 1196 4460 quod
1223 4380 1467 4444 factum
1491 4384 1638 4444 ante
1672 4402 1869 4445 annos
1896 4382 2139 4464 aliquot
2162 4383 2230 4445 in
2254 4382 2509 4448 civitate
2535 4383 2811 4467 quadam
2834 4383 3086 4465 Italiae,
3112 4406 3259 4449 cum
3280 4378 3501 4464 Episco-

1320 4502 1329 4510 .
3412 4481 3503 4548 pus
