3694 4871
651 275 783 341 326
1301 274 2931 342 Ι)161>.ΧΙ.Ι)118161111“1101111966116.

646 469 863 530 autem
888 463 1246 550 Religionis
1273 466 1557 549 (qualem
1580 462 1825 528 faciunt
1842 463 2280 546 juramentum
2307 461 2386 525 ad
2411 461 2518 524 22.
2541 483 2602 546 q.
2629 461 2736 526 89.
2759 483 2820 526 a.
2847 461 2940 543 4.)
2965 461 3386 544 prohibendo.
3435 459 3570 526 VH.

644 553 750 619 An
775 553 965 618 liceat
988 575 1219 631 serere,
1248 575 1452 630 arare,
1478 557 1741 631 metere,
1770 553 1949 634 Hesp.
1979 551 2127 634 Ney.
2155 572 2232 613 ex
2257 553 2486 633 quarto
2511 549 2876 634 PraeceptO,
2903 551 3050 614 coll.
3078 571 3224 614 cum
3249 550 3452 615 Emd.
3477 553 3570 614 34.

648 643 753 707 21.
802 641 1039 706 Contra
1084 641 1408 706 Pontificii
1456 641 1785 706 Casuistae
1833 661 2059 723 operas
2105 639 2374 702 rusticas
2421 639 2793 714 concedunt,
2827 641 2874 704 &
2907 661 2986 702 ex
3011 639 3248 702 nostris
3279 641 3572 704 Danaeus

646 733 863 818 (quem
911 730 1101 794 hodie
1146 730 1433 794 nonnulli
1485 729 1863 812 sequuntur)
1890 727 2000 810 qui
2026 727 2260 810 excipit
2285 726 2328 790 J
2331 726 2546 790 udaeis
2572 727 2928 809 prohibitas
2955 727 3175 800 fuisse,
3203 726 3574 792 Christianis

646 841 994 897 concessaS,
1038 819 1309 882 adducta
1354 819 1497 900 lege
1546 816 1949 881 Constantini
1996 814 2064 879 L.
2114 837 2333 878 omnes
2366 814 2432 879 C.
2468 817 2543 878 de
2575 815 2800 893 Feriis,
2837 816 2951 879 ubi
2977 815 3136 880 haec
3161 815 3384 880 verba:
3415 815 3572 881 Ruri

648 919 855 974 lamen
898 907 1089 992 posili
1133 927 1441 992 aqi-orum
1487 909 1788 985 culturae,
1836 905 2018 971 libere
2065 905 2433 989 licenterque
2477 906 2860 968 inserviant.-
2890 906 3200 990 quoniam
3229 905 3572 990 frequenter

646 997 864 1075 evenit,
902 1007 971 1062 ut
1016 1015 1149 1061 non
1193 996 1320 1061 alio
1349 996 1445 1061 die
1474 997 1686 1079 aptius
1731 997 2054 1079 [ramenta
2081 993 2269 1057 sulcis
2301 991 2364 1058 ἃ·
2384 994 2599 1057 vineae
2621 993 2940 1058 scrobibus
2963 994 3494 1070 commendemur,
3515 992 3570 1059 ἃ·

646 1106 727 1150 ne
748 1085 1063 1150 occasione
1084 1085 1381 1150 „tomenti
1399 1096 1609 1168 pereat
1634 1084 2040 1150 commoditas
2063 1083 2296 1146 coelesti
2313 1083 2672 1166 provisione
2691 1103 2998 1146 concessa.
3031 1080 3158 1145 Sed
3181 1103 3310 1145 non
3323 1103 3566 1166 possum

648 1173 755 1238 hic
792 1171 1025 1237 eximio
1064 1171 1393 1258 Theologo
1441 1173 1756 1237 accedere.
1809 1173 2048 1248 Primo,
2073 1171 2224 1253 quia
2248 1169 2352 1234 lex
2377 1170 2535 1234 haec
2564 1171 2744 1234 nulla
2766 1171 3016 1235 ratione
3041 1170 3294 1248 nititur,
3327 1174 3404 1234 nt
3421 1171 3566 1234 bene
3660 1201 3663 1228 2

649 1264 832 1326 notat
874 1262 1223 1327 constitutio
1266 1263 1486 1327 Leonis
1518 1253 1623 1324 54.
1648 1283 1764 1344 per
1796 1283 1990 1342 quam
2012 1260 2223 1342 legem
2252 1257 2652 1322 Constantini
2683 1259 2914 1323 merito
2939 1259 3244 1342 castigari
3271 1261 3318 1324 81
3339 1258 3564 1322 aboleri

652 1349 811 1428 vult,
837 1371 915 1413 ex
938 1347 981 1414 J
984 1349 1422 1426 ureconsultis‚
1448 1351 1761 1414 Hearicas
1792 1349 2160 1414 Salmalhas
2192 1347 2271 1410 ad
2299 1349 2698 1413 Pancirollae
2719 1352 2875 1412 nove
2895 1355 3169 1432 reperta.
3193 1349 3284 1412 tit.
3309 1349 3416 1411 20.
3441 1349 3564 1414 &ex

654 1437 1021 1522 TheologiS,
1068 1440 1387 1524 Zepperas
1426 1439 1498 1503 in
1524 1441 1860 1522 Explauat.
1896 1439 2128 1522 chum
2157 1437 2594 1512 Mosaicarum,
2623 1436 2724 1503 lib.
2752 1437 2814 1502 4.
2847 1457 2984 1521 cap.
3013 1437 3074 1500 9.
3107 1437 3221 1500 ubi
3245 1439 3460 1500 tamen
3481 1437 3566 1498 ni·
3661 1441 3663 1490 ἱ

654 1527 857 1590 mium
902 1527 1068 1591 forte
1110 1528 1361 1592 videtur
1404 1527 1687 1591 tribuere
1733 1524 2309 1590 Constitutionibus
2353 1525 2505 1604 illis,
2552 1526 2790 1608 quippe
2821 1547 3096 1608 quorum
3119 1525 3188 1588 in
3209 1523 3370 1588 Jure
3393 1523 3568 1588 Civili
3660 1505 3663 1604 Ι

650 1619 833 1679 tanta
854 1637 983 1680 non
1008 1616 1093 1680 sit
1122 1616 1451 1683 autoritas,
1500 1614 1821 1698 Quidquid
1845 1615 1929 1677 sit
1955 1615 2029 1676 (le
2055 1613 2399 1676 autoritate
2425 1616 2592 1697 apud
2617 1613 2660 1678 J
2664 1613 2885 1693 CCtos,‚
2911 1617 3159 1678 certum
3185 1618 3284 1678 est
3297 1613 3564 1678 consulto

652 1702 861 1787 magis
906 1704 1226 1768 conditam
1269 1704 1448 1768 illam
1491 1704 2010 1768 constitutionem
2039 1700 2267 1764 Leonis
2301 1725 2494 1785 quam
2519 1701 2942 1766 Constantini.
2991 1701 3186 1766 Nam.
3215 1703 3273 1766 1.
3301 1701 3564 1766 subster-

652 1791 830 1856 nitur
851 1791 1002 1855 huic
1024 1790 1511 1856 fundamentum
1535 1792 1791 1862 falsum,
1820 1793 2176 1875 frequenter
2207 1792 2335 1856 scil.
2369 1792 2610 1855 evenire
2625 1815 2649 1867 ;
2672 1802 2744 1855 ut
2767 1811 2902 1855 non
2924 1792 3050 1857 alio
3075 1791 3193 1869 dic,
3219 1790 3330 1856 &a
3361 1791 3428 1854 2.
3451 1787 3563 1854 Lex

654 1879 939 1944 extendit
968 1879 1287 1945 indultum
1318 1882 1491 1944 ultra
1516 1903 1731 1944 casum
1756 1879 2172 1954 necessitatis,
2201 1880 2311 1962 qui
2337 1881 2508 1943 solus
2533 1881 2846 1944 rationem
2877 1879 3040 1944 facit
3063 1880 3257 1963 leges.
3307 1877 3564 1943 Univer-

652 1967 875 2032 saliter
900 1969 1069 2032 enim
1094 1969 1378 2033 concedit
1404 1971 1583 2055 [pag.
1626 1969 1828 2054 1263]
1865 1968 2072 2051 operis
2097 1969 2348 2032 rusticis
2375 1969 2665 2051 quamvis
2691 1968 3044 2046 licentiam,
3067 1968 3218 2052 quia
3243 1967 3564 2051 aliquando

652 2078 881 2140 operae
905 2057 1054 2122 illae
1088 2061 1236 2122 sunt
1258 2058 1684 2121 necessariae:
1715 2081 1825 2121 cur
1849 2079 1974 2120 non
2009 2056 2150 2138 pari
2166 2057 2310 2140 jure
2335 2057 2620 2121 concedit
2644 2057 3004 2141 promiscue
3029 2055 3352 2120 licentiam
3375 2055 3564 2120 omni·

652 2146 773 2209 bus
809 2147 1214 2225 mechanicis,
1235 2147 1555 2231 judicibus
1582 2149 1627 2211 a
1652 2146 2088 2230 pragmaticis„
2113 2146 2262 2228 quia
2286 2147 2645 2231 frequenter
2665 2148 2884 2224 evenit,
2909 2157 2986 2210 ut
3011 2165 3144 2210 non
3169 2145 3292 2211 alio
3319 2145 3434 2220 die,
3465 2143 3564 2209 ae.

655 2236 715 2297 3.
764 2231 896 2298 Lex
944 2235 1227 2300 extendit
1272 2236 1438 2299 hanc
1484 2235 1808 2299 licentiam
1834 2235 1914 2298 ad
1939 2235 2192 2316 quasvis
2217 2256 2444 2317 operas
2468 2234 2872 2312 rusticorum,
2905 2234 3132 2316 quales
3158 2257 3211 2298 e.
3235 2255 3331 2319 gr.
3359 2233 3566 2298 cedere

654 2322 853 2407 ligna,
902 2327 1131 2406 putare
1162 2326 1208 2390 a
1234 2325 1524 2407 plantare
1551 2323 1828 2398 arboreS,
1858 2327 2203 2386 stercorare
2229 2345 2437 2406 agrOS,
2463 2345 2702 2396 occare,
2735 2345 2940 2400 arare,
2967 2322 3174 2387 fossas
3197 2323 3440 2398 ducere,
3461 2321 3564 2385 tri-

653 2413 891 2491 turare,
926 2411 1237 2477 cribrare:
1265 2435 1462 2496 quum
1486 2416 1699 2477 tamen
1726 2433 1907 2477 casus
1933 2411 2255 2494 praecisae
2280 2411 2677 2477 necessitatis
2701 2413 2768 2476 in
2799 2412 2934 2476 illis
2967 2411 3063 2477 ita
3087 2412 3292 2477 locum
3313 2433 3438 2475 non
3461 2413 3562 2475 ha-

655 2500 824 2579 beat,
871 2523 945 2566 ac
988 2501 1055 2565 in
1104 2506 1385 2566 semente
1434 2505 1481 2568 81,
1527 2524 1749 2565 messe.
1800 2502 1865 2565 4.
1913 2500 2083 2565 Hinc
2129 2506 2501 2584 sequeretur
2531 2506 2666 2565 toto
2697 2524 2887 2579 anno,
2913 2501 3146 2565 saltem
3171 2502 3406 2585 majore
3429 2500 3562 2563 anui

654 2592 835 2672 parte
875 2590 1073 2673 (vere,
1100 2594 1363 2668 aestate,
1390 2592 1724 2673 autumna)
1750 2592 1856 2654 vix
1883 2590 2082 2653 ullum
2109 2590 2244 2654 fore
2271 2588 2672 2653 Sabbathum
2697 2590 3034 2675 agricolis:
3065 2596 3111 2651 δε
3133 2590 3410 2653 divinam
3431 2609 3560 2672 pro·

655 2676 1005 2742 videntiani
1052 2702 1124 2743 ac
1160 2679 1631 2763 legislationem
1656 2680 2094 2762 imprudenter
2118 2679 2480 2761 spiritualia
2505 2681 2550 2745 &
2581 2678 2966 2761 temporalia
2997 2682 3400 2763 temperasse.
3448 2674 3561 2740 Ve-

655 2764 955 2845 nationis,
1002 2772 1303 2851 capturae
1350 2768 1623 2851 piscium
1672 2768 1716 2833 a
1758 2767 1992 2843 avium,
2043 2790 2230 2831 curae
2261 2790 2475 2851 apum,
2501 2789 2737 2831 messes
2761 2767 3012 2843 hordei,
3035 2767 3256 2847 tritici,
3279 2766 3557 2850 pisorum.

657 2851 974 2933 fabarum,
1000 2857 1099 2921 810.
1126 2878 1313 2920 curae
1334 2857 1655 2940 sylvarum
1674 2856 2074 2933 caeduarum,
2095 2878 2425 2941 aggerum,
2445 2856 2781 2934 fossarum,
2800 2855 3222 2941 purgationes
3237 2856 3558 2919 vinearum.

660 2940 1033 3019 vindemiae,
1081 2966 1233 3009 cura
1275 2944 1413 3029 lupi
1460 2944 1789 3023 salictarii,
1837 2945 2162 3021 cannabiS,
2211 2944 2543 3027 cespitum,
2569 2944 2806 3027 partim
2833 2944 2966 3008 alia
2997 2944 3146 3009 aliis
3171 2942 3558 3017 succedentia,

658 3030 895 3113 partim
930 3032 1119 3097 simul
1159 3034 1377 3099 euntia
1409 3056 1626 3099 omnes
1660 3033 1811 3095 anni
1834 3036 2250 3115 tempestates
2274 3037 2610 3115 occupant:
2649 3034 2928 3117 exceptis
2961 3037 3242 3104 tantum,
3263 3034 3452 3097 immo
3471 3030 3558 3094 vix

657 3119 981 3185 mensibus
1026 3120 1353 3203 hybernis.
1402 3121 1472 3186 Si
1495 3122 1805 3200 homineS,
1830 3144 1989 3203 quos
2017 3144 2142 3184 una
2167 3123 2384 3204 aliqua
2408 3143 2558 3185 cura
2589 3122 2823 3203 tangit,
2855 3126 3206 3205 propterea
3227 3122 3558 3205 dispensare

659 3211 929 3289 queant3
978 3210 1199 3292 quidni
1246 3210 1355 3273 alii
1382 3210 1449 3274 111
1480 3210 1646 3281 aliis,
1678 3210 1745 3273 in
1771 3210 1940 3273 curis
1966 3210 2235 3293 quisque
2261 3210 2411 3275 suis.
2461 3210 2761 3288 Secunde,
2791 3210 2974 3285 Quod
2999 3212 3268 3277 Damus
3293 3210 3440 3275 dicit
3459 3206 3558 3273 Ju-

659 3294 833 3359 daeis
857 3296 976 3361 hoc
1005 3298 1414 3362 interdictum
1440 3322 1565 3363 non
1592 3297 1996 3378 Clu-istiani8‚
2024 3300 2226 3383 gratis
2251 3298 2501 3363 dicitur.
2535 3300 2672 3363 Aut
2697 3299 2868 3363 6111111
2894 3302 2994 3363 est
3017 3320 3182 3383 opus
3199 3294 3560 3364 necessitatis

659 3385 1034 3467 praesentis,
1084 3390 1196 3451 aut
1239 3408 1365 3450 non
1392 3391 1507 3450 est.
1556 3385 1626 3450 Si
1652 3386 1829 3463 illud,
1850 3387 1986 3469 jam
2017 3386 2058 3450 J
2063 3388 2279 3451 udaeis
2302 3387 2424 3451 fuit
2448 3387 2714 3465 licitum,
2745 3390 2850 3473 (ex
2881 3388 3111 3453 Mami.
3149 3390 3252 3451 12.
3285 3390 3425 3454 Luc.
3449 3384 3560 3449 6.&

664 3472 792 3551 13.)
832 3494 1033 3557 aeque
1080 3496 1155 3538 ac
1202 3474 1607 3554 Christianis,
1653 3498 1733 3539 ne
1782 3476 1918 3539 scil.
1951 3475 2274 3539 occasiane
2299 3476 2606 3540 momenti
2630 3476 2868 3559 periret
2891 3477 3314 3543 commoditas
3337 3472 3562 3541 coelesti

658 3561 1017 3643 provisione
1063 3584 1376 3627 concessa.
1426 3562 1571 3628 Non
1618 3563 1830 3627 minus
1864 3564 2032 3627 enim
2061 3564 2288 3640 (sinon
2315 3565 2550 3649 magis)
2578 3564 2906 3629 attendere
2945 3564 3228 3631 debeant
3272 3566 3562 3629 frumento

660 3670 735 3713 ac
780 3651 1087 3735 gregibus
1134 3652 1301 3715 suis:
1350 3650 1465 3716 Sin
1487 3653 1628 3727 1100,
1649 3652 1784 3735 jam
1808 3674 1924 3715 1160
1955 3652 2337 3717 Christianis
2370 3652 2550 3716 licet:
2583 3676 2662 3717 ne
2694 3656 2828 3717 toto
2853 3674 3023 3716 anno
3047 3658 3408 3721 metuentes
3427 3656 3562 3715 tem·

660 3742 999 3820 pestatem,
1045 3739 1113 3804 in
1160 3740 1370 3821 fidem,
1422 3762 1621 3823 spem,
1664 3741 1972 3823 pietatem
2021 3742 2066 3807 St
2091 3741 2488 3805 devotionem
2514 3746 2793 3825 peccent.
2851 3744 3079 3817 Tertio,
3105 3740 3562 3828 intelligendum

662 3829 879 3889 autem
924 3827 1029 3892 hic
1078 3850 1213 3892 esse
1258 3850 1475 3893 casum
1519 3830 1918 3893 necessitatis
1965 3830 2284 3914 (quamvis
2315 3830 2382 3893 in
2413 3829 2809 3894 conclusione
2832 3830 3002 3916 legis
3033 3832 3184 3915 plus
3207 3832 3296 3897 sit
3315 3850 3494 3914 qnam
3512 3827 3564 3890 in

648 3915 1076 3997 praemissis),
1125 3920 1200 3981 ut
1244 3917 1607 3981 observavit
1648 3918 1923 3981 Baldus:
1955 3920 2179 4001 Opera,
2206 3918 2436 4001 inquit,
2463 3931 2673 3983 tamen
2693 3920 2944 3984 ruralia
2973 3940 3054 3985 cx
3083 3922 3430 3987 necessitate
3443 3936 3570 4002 ρω-

664 4013 813 4065 sunt
857 4005 1174 4086 explicari.
1224 4004 1487 4080 Quando
1514 4010 1728 4069 autem
1754 4005 1839 4069 sit
1863 4006 2012 4070 talis
2037 4007 2398 4083 necessitas,
2425 4008 2803 4090 praehabito
2829 4008 3099 4073 consilio
3124 4008 3564 4093 Theologornm

666 4090 705 4151 a
748 4087 1137 4173 Magistratu
1183 4093 1305 4156 rite
1352 4094 1761 4157 determinari
1810 4094 2096 4169 deberet3
2139 4098 2212 4157 ut
2237 4100 2497 4159 monent
2532 4096 2817 4179 Theoloyi
2836 4097 3102 4180 practici
3131 4099 3322 4163 modo
3353 4094 3566 4161 anob‘u

666 4176 763 4239 cil.
806 4176 1063 4257 Quarto,
1090 4180 1413 4245 Musteum
1436 4182 1597 4246 illud
1620 4187 2072 4257 commentum,
2101 4186 2138 4246 a
2160 4185 2485 4249 nonnullis
2509 4206 2712 4268 nuper
2734 4184 2804 4247 in
2826 4186 3114 4269 gratiam
3133 4180 3566 4271 profanationis

668 4258 983 4361 Sabbathi
1005 4268 1345 4364 proditum,
1373 4272 1539 4353 quod
1563 4272 1789 4335 statuit
1812 4271 1856 4334 J
1861 4272 2077 4336 udaeis
2103 4272 2341 4335 factam
2364 4273 2752 4355 peculiarem
2773 4273 3296 4356 promissionem,
3319 4296 3440 4339 non
3455 4272 3566 4336 fore

672 4347 957 4427 pluviam
999 4374 1068 4415 m
1113 4365 1337 4434 messe,
1384 4359 1569 4423 Levit.
1607 4361 1713 4425 26.
1746 4361 1809 4422 4.
1837 4360 1896 4423 5.
1950 4361 2007 4423 1.
2032 4360 2308 4425 Samuel.
2345 4362 2446 4424 12.
2481 4362 2580 4426 17.
2612 4360 2720 4427 18.
2760 4361 2973 4428 Amos.
3001 4362 3064 4425 4.
3106 4364 3166 4429 7.
3219 4359 3566 4429 Christianis

3465 4468 3566 4513 non
