3694 4871
604 318 689 382 62
1205 316 2708 384 D1s12.111.DzJunanJusmru
2763 317 2950 386 Dal.

604 504 961 571 Hendricus
1005 505 1081 571 de
1130 505 1454 584 Cantium,
1501 505 1611 569 ubi
1656 505 1886 570 statuit
1930 505 2426 589 possibilitatem
2475 505 2778 589 cujusque
2817 506 2910 570 rei
2935 505 3180 571 fiendae
3201 505 3450 572 attendi
3467 529 3538 572 ex

604 597 787 676 parte
834 592 976 672 Dei,
1025 595 1119 658 ita
1166 599 1238 658 ut
1282 617 1383 658 res
1432 593 1677 658 dicatur
1724 599 1761 658 a
1793 593 1932 658 Deo
1957 593 2282 672 factibilis,
2312 594 2462 677 quia
2487 592 2659 658 Deus
2684 598 2894 678 potest
2925 594 3154 675 facere,
3178 617 3303 659 non
3326 598 3364 658 e
3387 617 3537 660 con-

607 703 808 748 verso.
852 681 941 747 Et
976 684 1191 750 Soccus
1214 705 1287 748 ac
1312 683 1777 762 Bonaventura,
1802 682 1914 765 qui
1945 683 2036 746 sic
2060 683 2498 768 distinguunt:
2527 687 2598 746 ut
2621 683 3012 766 possibilitas
3043 684 3134 748 rei
3163 707 3274 749 seu
3295 689 3536 749 creatu-

605 793 714 835 rae
758 771 845 835 sit
882 793 959 835 ex
990 772 1131 854 ipsa
1154 771 1530 851 formaliter,
1558 774 1604 837 s
1630 772 1994 855 accipienda
2025 771 2111 835 sit
2143 793 2220 836 ex
2244 775 2424 855 parte
2447 770 2540 836 rei
2567 772 2667 835 vel
2691 777 3056 838 creaturae:
3083 774 3194 837 sed
3217 773 3536 857 possibili·

604 863 705 925 tas
752 859 1031 941 ejusdem
1078 861 1165 925 sit
1216 859 1525 940 effective,
1572 859 2016 944 principiative
2041 861 2087 924 8ο
2111 859 2513 945 originaliter
2537 883 2614 924 ex
2635 860 2968 926 intellectu
2992 862 3240 940 divino;
3273 885 3350 927 eo
3373 861 3534 944 quod

606 947 891 1032 potentia
937 949 1251 1032 objectiva
1282 971 1407 1013 non
1440 949 1640 1032 possit
1668 950 1868 1032 accipi
1892 948 2294 1034 originaliter
2321 971 2398 1014 ex
2430 953 2611 1033 parte
2635 949 2829 1029 illius,
2855 950 3024 1033 quod
3048 950 3414 1036 originatur
3437 951 3534 1014 sed

607 1059 685 1100 ex
723 1040 904 1120 parte
930 1037 1103 1102 illius
1127 1038 1293 1121 quod
1318 1037 1597 1122 originat
1620 1038 1721 1102 διο.
1748 1036 1924 1101 Idem
1949 1038 2355 1102 statuendum
2381 1042 2477 1102 est
2501 1038 2578 1103 de
2604 1038 3142 1122 impossibilitate.
3197 1037 3375 1114 Quae
3403 1039 3532 1102 vide

608 1123 771 1211 [pag
817 1125 979 1211 388]
1004 1125 1209 1192 fusius
1233 1125 1548 1208 explicata
1572 1130 1611 1190 a
1635 1126 1817 1193 Petro
1855 1128 2117 1210 Capullo
2142 1127 2213 1191 in
2233 1139 2638 1193 commentar.
2663 1128 2749 1192 ad
2769 1139 3177 1192 commentar.
3209 1129 3533 1193 Bonaven-

606 1226 753 1279 [τινα
806 1215 877 1279 in
929 1216 987 1280 1.
1034 1215 1176 1280 dist.
1202 1215 1308 1278 42.
1334 1227 1569 1301 quaest.
1600 1216 1657 1279 4.
1682 1227 1896 1298 punct.
1932 1217 1986 1279 1.
2019 1213 2081 1280 ἃ
2114 1217 2174 1278 2.
2226 1213 2364 1280 Nec
2387 1237 2644 1299 possum
2667 1217 3035 1298 praeterire,
3067 1217 3222 1300 quin
3248 1217 3533 1294 indicem,

606 1324 798 1386 quam
822 1307 975 1368 sane
998 1303 1045 1368 s
1071 1305 1361 1368 accurate
1394 1304 1713 1368 sententia
1734 1303 1912 1381 haec,
1941 1325 2134 1386 quam
2158 1303 2573 1381 defendimuS,
2601 1303 2666 1368 in
2685 1303 3032 1368 Academia
3051 1303 3535 1388 Franequerana

604 1395 753 1456 ante
798 1413 1029 1474 paucos
1061 1414 1259 1456 annos
1292 1392 1373 1456 ad
1404 1393 1854 1476 disputandum
1887 1393 2138 1476 publice
2171 1393 2422 1457 volente
2445 1395 2492 1460 δι
2517 1393 2910 1476 approbante
2936 1392 3014 1458 D.
3041 1392 3368 1458 Maccovio
3391 1415 3528 1477 pro-

608 1480 817 1563 posita
862 1484 909 1547 δι
954 1481 1271 1565 explicata
1316 1480 1403 1544 sit
1428 1483 1467 1544 a
1488 1481 1767 1566 genuino
1792 1481 1993 1565 ipsius
2019 1481 2328 1565 discipulo
2365 1481 2441 1545 D.
2467 1482 2604 1548 ΙοΙι.
2639 1483 2900 1547 Clutone
2921 1481 3146 1546 Theol.
3176 1481 3450 1548 Doctore
3471 1483 3532 1544 in

612 1567 765 1634 Idea
820 1569 1179 1654 Theoloqiae
1214 1570 1382 1654 disp.
1406 1571 1466 1633 4.
1500 1569 1585 1634 th.
1612 1570 1719 1633 20.
1746 1570 1852 1633 35.
1883 1569 1985 1633 36.
2013 1573 2060 1636 a
2083 1570 2244 1654 disp.
2277 1571 2378 1634 11.
2409 1570 2492 1634 tlt.
2525 1570 2627 1636 18.
2653 1572 2700 1637 ἃ
2721 1571 2886 1655 disp.
2919 1571 3018 1634 19.
3047 1571 3133 1636 th.
3174 1572 3278 1638 19.
3309 1573 3356 1636 ἃ
3379 1571 3532 1654 disp.

612 1657 717 1720 40.
766 1657 851 1722 th.
902 1659 1008 1722 31.
1058 1658 1163 1722 32.
1212 1656 1387 1721 Haec
1426 1659 1525 1722 vel
1550 1658 1685 1722 sola
1718 1659 2060 1722 moderatis
2083 1659 2130 1724 ἃ
2155 1658 2622 1742 perspicacibus
2646 1659 2924 1744 ingeniis
2951 1659 3146 1724 dubia
3169 1659 3388 1725 omnia
3411 1659 3534 1722 exi-

610 1767 782 1810 mere
828 1749 1116 1830 possent:
1164 1747 1211 1812 &
1256 1769 1401 1810 cum
1452 1746 1860 1830 conceptibus
1907 1747 2139 1812 nostris
2185 1747 2389 1812 fusius
2421 1769 2588 1812 nunc
2613 1747 2918 1831 expositis
2943 1771 3058 1832 per
3079 1749 3298 1812 omnia
3319 1769 3536 1812 conve-

610 1833 816 1899 niunt.
864 1833 1137 1919 Operam
1186 1857 1309 1898 non
1350 1835 1619 1899 luserint
1643 1835 1912 1900 studiosi
1936 1837 2158 1915 nostri,
2186 1836 2241 1901 si
2265 1857 2411 1901 eum
2435 1837 2500 1900 in
2527 1836 2668 1914 hac,
2705 1836 2976 1920 aliisque
3007 1837 3298 1902 materiis
3321 1856 3536 1901 consu-

613 1922 783 1988 lant:
810 1945 1003 2008 supra
1024 1923 1261 1988 multos
1284 1923 1443 1989 alios
1470 1923 1659 1989 saciet
1682 1925 1762 1988 ad
1786 1925 2168 1989 accurandos
2191 1929 2530 2008 conceptus
2555 1925 2836 1990 locorum
2857 1927 3316 1990 communium.

706 2013 1035 2078 Occasione
1078 2011 1261 2080 libelli
1282 2013 1321 2076 ἀ
1344 2013 1608 2078 Docti-33.
1636 2014 1720 2078 D.
1758 2013 2056 2099 Zydlovio
2079 2015 2158 2080 D.
2189 2015 2480 2078 Maccovii
2501 2014 2807 2098 discipulo
2835 2016 3016 2080 editis
3039 2016 3110 2080 in
3133 2035 3264 2101 qua
3290 2025 3532 2080 senten-

610 2101 764 2167 tiam
812 2113 1097 2167 nostram
1140 2102 1219 2166 de
1267 2102 1418 2167 lure
1464 2101 1583 2166 Dei
1602 2123 1681 2167 ex
1706 2104 1989 2188 professo
2017 2115 2510 2188 oppuqnaverat,
2536 2104 2761 2188 scripsi
2791 2104 2876 2169 ad
2895 2105 3166 2170 eundem
3192 2105 3278 2170 D.
3307 2103 3534 2190 Zydto-

610 2191 789 2256 vium
832 2191 1175 2278 epistolam,
1222 2210 1421 2276 quam
1464 2191 1618 2277 quia
1663 2193 1794 2276 ipse
1845 2193 1918 2257 in
1973 2193 2275 2258 Mantissa
2313 2192 2616 2276 praedicti
2639 2191 2825 2258 libelli
2847 2194 3060 2272 edidit,
3091 2195 3309 2258 visum
3329 2203 3419 2257 est
3449 2191 3535 2254 hic

612 2299 908 2364 reponere
932 2280 1007 2345 ob
1030 2279 1328 2346 materiae
1348 2281 1743 2368 affinitatem.

1640 2395 2057 2463 Omatissime
2083 2393 2146 2462 ἃ·
2169 2393 2515 2462 doctissime

1727 2525 1805 2591 D.
1880 2525 1928 2590 Z
1956 2524 2008 2592 Y
2039 2525 2097 2591 D
2125 2526 2174 2591 L
2200 2526 2253 2591 Ο
2285 2530 2338 2590 V
2366 2526 2432 2603 Ι,

703 2637 879 2703 Petis
909 2638 1218 2723 judicium
1242 2660 1453 2703 meum
1479 2640 1553 2704 de
1586 2640 2065 2724 quaestionibus
2089 2641 2332 2705 duabus
2359 2643 2398 2703 a
2423 2662 2489 2705 re
2519 2662 2722 2723 nuper
2743 2641 3147 2723 pertractatis
3173 2639 3419 2719 libello,
3443 2636 3536 2703 cui

612 2729 717 2794 tit.
782 2728 1065 2793 Vindicae
1097 2728 1367 2830 ‘Quaesh
1413 2730 1647 2816 aliquot
1690 2730 2065 2818 difficilium,
2118 2728 2230 2796 stc.
2282 2728 2605 2794 Honestae
2635 2734 2786 2793 tuae
2819 2729 3111 2813 petitioni
3135 2752 3264 2793 non
3289 2748 3535 2812 possum

611 2815 956 2901 refragari;
1005 2838 1239 2899 quippe
1278 2817 1591 2897 omnibuS,
1616 2818 1934 2902 imprimis
1957 2819 2055 2883 tui
2076 2818 2338 2898 ordinis,
2370 2818 2722 2882 debitorem
2745 2840 2848 2882 me
2874 2818 3196 2902 profiteor.
3251 2817 3361 2883 Sic
3385 2836 3528 2900 ergo

613 2905 842 2971 habes:
898 2906 1334 2987 quaestionem
1369 2906 1549 2970 illam
1580 2907 1657 2970 de
1682 2908 2068 2972 adorationis
2099 2908 2346 2991 objecto
2372 2906 2646 2985 formali,
2671 2907 2849 2990 cujus
2874 2906 3086 2992 gratia
3111 2906 3372 2971 libellus
3399 2912 3536 2969 tuus

616 2992 1017 3079 potissimum
1063 2994 1454 3079 conscriptus
1510 2996 1774 3075 videtur,
1830 2999 1870 3059 a
1923 3006 1987 3061 te
2041 2998 2208 3080 quod
2232 2995 2313 3059 ad
2335 3018 2650 3060 summam
2675 2995 2766 3059 rei
2791 3016 2903 3060 seu
2928 3018 3062 3059 rem
3084 2995 3295 3080 ipsam
3319 3014 3534 3060 conve-

614 3084 865 3147 nienter
886 3082 1079 3146 sacris
1106 3081 1327 3163 literis,
1346 3085 1391 3149 δι
1414 3082 1877 3168 hypothesibus
1908 3085 2296 3150 orthodoxae
2327 3084 2716 3169 Theologiae
2749 3089 3001 3149 nostrae
3027 3106 3164 3148 esse
3187 3086 3532 3168 pertracta-

614 3176 772 3251 tam,
816 3170 1140 3253 solideque
1158 3170 1457 3253 discussa,
1490 3194 1651 3256 quae
1676 3174 1758 3237 ab
1784 3174 1928 3238 aliis
1953 3177 2210 3259 possent
2239 3178 2352 3238 aut
2373 3174 2568 3238 etiam
2593 3173 2801 3237 solent
2825 3173 3036 3257 objici,
3071 3173 3316 3237 adhaec
3337 3174 3534 3237 detec-

612 3266 756 3327 tum
790 3259 1065 3323 fideliter
1087 3281 1370 3325 errorum
1394 3263 1789 3345 quorundam
1813 3285 1979 3347 syrm
1991 3286 2048 3343 a,
2075 3263 2242 3346 quod
2265 3262 2582 3328 contraria
2605 3262 2924 3326 sententia
2945 3262 3261 3327 mordicus
3285 3261 3533 3325 defensa

616 3372 831 3415 secum
882 3351 1167 3413 tractura
1210 3348 1256 3414 s
1296 3350 1365 3414 in
1388 3349 1809 3437 Theologiam
1832 3356 2120 3417 nostram
2150 3352 2476 3416 invectura
2506 3349 2788 3428 videtur3
2815 3350 2892 3415 de
2923 3372 3050 3433 quo
3077 3372 3206 3415 non
3231 3372 3400 3414 vana
3423 3346 3534 3413 fuit

618 3437 1039 3523 praemonitio
1082 3438 1387 3505 summi&
1413 3441 1695 3505 veterani
1718 3439 2034 3525 Theologi
2057 3439 2136 3505 D.
2171 3438 2431 3504 Gomari
2455 3439 2878 3523 praeceptoris
2901 3439 3124 3520 nostri,
3149 3439 3331 3523 cujus
3355 3436 3534 3502 verba

622 3526 883 3593 exhibui
928 3525 995 3590 in
1033 3527 1373 3611 appendice
1400 3530 1614 3613 prima
1636 3528 1717 3593 ad
1739 3530 1904 3613 disp.
1929 3529 2008 3595 de
2029 3530 2412 3594 Adoratione
2441 3526 2674 3596 Christi
2695 3548 2822 3614 qua
2845 3529 3227 3594 mediatoris.
3275 3527 3400 3592 Est
3419 3526 3533 3589 its·

620 3638 744 3701 que
790 3616 957 3699 quod
1000 3614 1415 3682 orthodoxiae
1460 3618 1507 3682 ἃ
1552 3614 1852 3691 ἀκριβείας
1897 3622 2182 3682 amantes
2222 3617 2344 3682 hoc
2365 3616 2620 3681 nomine
2645 3620 2888 3701 gratias
2919 3617 3042 3681 tibi
3065 3621 3286 3702 agant,
3309 3620 3532 3696 tuoque

619 3705 839 3769 labore
882 3703 949 3767 in
972 3705 1541 3771 concertationibus
1566 3728 1711 3770 cum
1735 3704 2332 3781 Remonstrantibus
2357 3706 2403 3772 s
2427 3704 2778 3770 Socinianis
2803 3706 3078 3770 libenter
3102 3702 3385 3785 utantur,
3409 3702 3530 3765 fru-

623 3798 834 3859 antur.
880 3791 1019 3856 Hoc
1042 3814 1257 3857 meum
1282 3797 1378 3859 est
1394 3795 1702 3878 judicium
1727 3817 1856 3860 non
1879 3797 2151 3875 tantum,
2178 3795 2287 3860 sed
2312 3797 2359 3861 ἃ
2381 3793 2726 3858 multorum
2759 3794 3218 3875 ministrorum,
3243 3794 3533 3858 aliorum·

624 3904 747 3965 que
792 3881 1073 3945 virorum
1116 3880 1461 3963 doctorum,
1510 3905 1666 3967 quos
1706 3883 1963 3967 quidem
1986 3882 2202 3949 audire
2227 3881 2387 3947 mihi
2411 3881 2700 3967 contigit.
2747 3882 2926 3959 Quod
2953 3882 3032 3947 ad
3057 3883 3326 3947 alteram
3352 3900 3532 3965 quae·

624 3971 915 4035 stionem.
938 3969 1039 4034 Aa
1061 3989 1161 4033 res
1183 3971 1311 4037 sint
1328 3972 1463 4037 ideo
1474 3973 1685 4057 justae
1712 3970 1775 4038 ἃ·
1797 3972 2010 4052 bonae,
2033 3973 2184 4058 quia
2207 3972 2378 4038 Deae
2398 3992 2500 4037 eas
2525 3973 2678 4050 vati,
2701 3974 2794 4037 vel
2815 3992 2904 4036 an
2926 3972 3062 4037 ideo
3085 3992 3190 4037 eas
3211 3973 3372 4047 velit,
3395 3970 3530 4055 quia

610 4062 821 4145 justae
877 4067 1064 4123 sunl:
1109 4056 1316 4124 fateor
1368 4082 1507 4125 eam
1542 4061 1610 4125 in
1633 4082 1866 4147 genere
1899 4063 1944 4127 &
1970 4061 2038 4125 in
2062 4060 2256 4125 Thesi
2283 4064 2320 4124 a
2347 4059 2670 4125 nonnullis
2695 4059 3042 4146 Theologis
3069 4060 3264 4147 (inter
3283 4082 3441 4145 quos
3463 4076 3530 4119 ex

628 4147 860 4212 nostris
908 4144 1071 4209 mihi
1112 4166 1278 4212 nunc
1308 4150 1598 4215 occurrit.
1651 4152 1932 4216 polanus
1955 4150 2278 4237 Syntaym.
2311 4148 2416 4215 lib.
2443 4150 2504 4215 2.
2529 4168 2666 4231 cap.
2695 4148 2799 4215 26.
2817 4150 3131 4215 aoeiomate
3153 4152 3214 4213 3.
3246 4148 3422 4231 824.)
3451 4146 3530 4209 ita

625 4235 826 4301 videri
872 4234 1299 4313 determinari,
1357 4260 1446 4318 ,ac
1482 4242 1559 4303 tu
1590 4239 2008 4317 determinas3
2035 4238 2115 4302 ab
2141 4238 2284 4303 aliis
2315 4260 2458 4302 eam
2478 4237 2735 4316 involvi,
2763 4240 2992 4303 saltem
3015 4260 3144 4303 non
3167 4239 3326 4304 satis
3349 4232 3532 4318 expli·

626 4327 767 4391 cate
812 4321 1239 4401 determinari,
1366 4347 1470 4412 ag.
1518 4327 1680 4412 389]
1728 4348 1870 4391 cum
1912 4326 2258 4410 disputant.
2303 4328 2404 4391 An
2429 4326 2599 4392 Deus
2626 4326 2701 4391 de
2728 4326 3018 4393 omnibus
3037 4329 3380 4413 praeceptis
3399 4321 3532 4407 leyt'S

626 4415 991 4503 dispensare
1012 4412 1229 4497 possit.
1318 4414 1419 4480 ide
1443 4415 1612 4481 inter
1631 4416 1790 4480 alios
1830 4416 2173 4482 Valentiam
2204 4412 2267 4483 ἃ·
2291 4416 2578 4503 Sylvium
2601 4416 2688 4481 ad
2719 4416 2772 4481 1.
2800 4418 2862 4483 2.
2885 4437 2994 4505 qu.
3025 4418 3169 4487 100.
3195 4428 3312 4483 art.
3351 4417 3530 4567 [Saul.

3443 4552 3458 4567 .
3487 4516 3532 4559 ει
