3694 4871
780 272 1015 338 Disr.
1068 271 1345 338 XI.D1·:
1390 273 1860 339 Saaea'rno
1910 298 2002 339 ΕΤ
2049 275 2399 342 Fss'rls.
2922 281 3050 344 :309

100 463 239 548 qui
282 460 797 544 Anabaptisticas
828 460 874 525 ἃ
892 459 1261 524 Socinianas
1288 460 1601 525 novitates
1627 461 1701 525 de
1726 463 2084 527 mutatione
2115 462 2424 548 Decalogi
2447 464 2512 527 in
2537 462 2620 528 N.
2649 463 2820 529 Test.
2849 465 3045 530 solide

41 546 62 628 ξ’
98 551 435 616 refutatas
480 549 699 612 velint.
748 547 1173 631 Exceptiones
1222 548 1288 612 in
1335 549 1475 631 ipsa
1521 549 1950 632 disputatione
2000 550 2332 628 diluemuS,
2369 552 2414 616 δῦ
2449 552 2906 634 praestiterunt
2928 553 3046 618 hoc

41 633 44 648 '
102 638 373 702 abunde
418 637 741 722 SprintuS,
792 639 1102 715 walam-s,
1136 638 1182 703 &
1204 638 1507 703 Amesius.
1558 635 1721 701 Sunt
1752 643 1968 703 autem
1993 639 2332 724 pleraeque
2364 641 2597 723 partim
2623 639 2822 704 falsae
2846 640 3045 725 hypo-

98 727 357 803 these8‚
420 726 654 810 partim
706 725 1003 809 principii
1027 725 1385 808 petitiones.
1437 728 1520 791 ΙΙ.
1548 726 1833 793 Secunda
1867 727 2062 808 ratio;
2087 727 2260 811 'quia
2283 725 2681 793 Sabbathum
2708 727 3041 794 hebdoma-

99 815 267 879 dale
308 813 433 878 fuit
483 813 851 879 institutum
898 817 936 877 a
960 813 1277 877 creatione
1310 814 1550 892 mundi,
1581 815 1795 880 Genes.
1824 817 1887 879 2.
1915 817 1974 878 2.
2003 837 2155 899 ergo
2187 819 2286 880 est
2312 820 2680 899 perpetuum
2711 822 2752 878 &
2771 818 3008 882 morale
3025 843 3043 894 ς,

98 925 249 966 non
282 902 768 981 oeconomicum,
815 901 1140 986 pertinens
1172 902 1252 966 ad
1284 903 1667 985 peculiarem
1700 907 1940 967 statum
1965 906 2010 970 81
2041 904 2444 986 disciplinam
2470 905 2687 988 populi
2713 905 2829 968 sub
2855 904 2935 969 V.
2963 905 3036 970 Τ.

97 997 233 1054 aut
278 991 355 1054 ad
402 990 865 1074 typificationes
914 992 979 1056 δι’
1006 989 1285 1054 umbras,
1340 989 1497 1054 Vide
1523 989 1643 1055 hoc
1674 996 2126 1076 argumentum
2152 995 2370 1056 contra
2396 993 2795 1076 exceptiones
2820 993 3038 1058 defen-

97 1103 261 1144 sum
290 1079 369 1142 ab
398 1079 641 1143 Amesio
665 1080 735 1143 in
759 1079 921 1163 disp.
951 1099 1059 1142 seu
1094 1085 1269 1144 tract.
1297 1080 1393 1144 cit.
1428 1078 1679 1145 Rivclus
1706 1081 2015 1163 peculiari
2039 1093 2211 1145 tract.
2247 1102 2644 1145 communem
2671 1103 3040 1146 consensum

98 1171 477 1232 nostrorum
531 1166 1005 1252 Theologorum
1051 1167 1323 1246 adducit,
1372 1189 1487 1251 pro
1534 1166 1862 1232 Sabbatho
1911 1171 2058 1233 ante
2108 1169 2374 1252 lapsum.
2425 1167 2548 1234 III.
2609 1170 2812 1234 Tertia
2860 1171 3040 1248 ratic,

95 1256 431 1338 siquidem
476 1259 705 1338 quarto
752 1254 1097 1339 Praecepto
1143 1255 1322 1318 nulla
1372 1255 1675 1339 temporis
1724 1257 2068 1340 proportiO,
2097 1257 2310 1320 nullus
2335 1256 2399 1320 in
2427 1257 2634 1340 specie
2666 1262 2876 1322 certus
2909 1257 3042 1322 dies

96 1343 587 1427 praescribitur,
636 1348 990 1427 sequuntur
1033 1343 1192 1408 haec
1238 1343 1532 1408 absurda.
1586 1344 1642 1406 1.
1695 1345 1983 1431 Reli-aqui
2005 1348 2215 1409 totum
2245 1345 2365 1408 hoc
2390 1345 2658 1409 arbitrio
2676 1347 2721 1410 &
2754 1345 3040 1410 libertati

96 1431 459 1504 Ecclesiae,
494 1435 565 1495 ut
588 1432 703 1495 illa
734 1455 809 1496 ex
835 1453 1039 1516 aequo
1070 1433 1116 1498 81
1140 1431 1305 1496 bono
1330 1433 1756 1515 quantitatem
1782 1433 2086 1516 temporis
2111 1433 2510 1512 determinet,
2543 1433 2710 1497 diem
2743 1433 2876 1497 scil.
2909 1437 3040 1498 ter-

92 1520 296 1597 tium,
326 1524 437 1584 aut
460 1525 779 1605 quartum,
800 1523 913 1584 aut
935 1520 1271 1598 decimum,
1298 1523 1410 1584 aut
1432 1519 1836 1605 vigesimum,
1864 1525 1975 1584 aut
1999 1521 2622 1605 quinquagesimum.
2643 1526 2754 1586 aut
2769 1522 3040 1586 centesi-

96 1631 311 1688 mum,
338 1612 451 1673 aut
464 1613 711 1693 partem
735 1609 857 1672 diei
884 1609 1209 1691 majorem,
1230 1609 1559 1685 minorem,
1585 1609 1864 1687 tertiam,
1890 1613 2207 1693 quartam,
2225 1610 2536 1693 quintam,
2557 1612 2655 1675 Soc.
2678 1611 2738 1673 2.
2759 1609 2859 1674 Ad
2875 1609 3041 1689 hacc,

96 1701 266 1780 quot
284 1701 435 1761 sunt
458 1696 779 1761 Ecclesiae
796 1696 1067 1781 singulis
1091 1696 1360 1761 saeculis
1379 1699 1491 1761 aut
1510 1696 1682 1774 lociS,
1702 1701 1797 1760 tot
1813 1696 1949 1761 fore
1967 1696 2296 1762 Sabbatha
2315 1701 2352 1761 a
2368 1720 2435 1761 se
2451 1697 2722 1762 invicem
2735 1699 3039 1781 temporis

100 1785 521 1869 proportione
547 1784 989 1869 discrepantia.
1042 1785 1101 1848 3.
1154 1785 1482 1850 Praeterea
1514 1806 1639 1848 non
1680 1786 1885 1870 magis
1909 1786 1975 1850 in
2001 1786 2208 1870 specie
2238 1807 2354 1849 nos
2376 1785 2444 1849 in
2468 1785 2852 1850 conscientia
2877 1787 3040 1851 obli-

98 1873 249 1958 gari
300 1876 529 1957 quarto
562 1873 946 1957 PraeceptO,
996 1895 1189 1956 quam
1222 1873 1483 1937 statutis
1508 1873 2034 1938 ceremonialibus
2057 1875 2132 1938 de
2159 1872 2550 1953 NeomeniiS,
2577 1873 2804 1948 Festis,
2831 1874 3038 1940 Annis

101 1960 543 2039 Sabbathicis,
591 1961 905 2025 Jubilaeis
944 1959 988 2024 J
990 1962 1365 2037 udaeorum;
1414 1961 1611 2026 immo
1666 1962 1741 2026 de
1788 1962 2084 2026 omnibus
2109 1962 2252 2026 aliis
2278 1961 2841 2038 ceremonialibus;
2871 1985 3034 2046 quae

102 2053 367 2114 tantum
414 2050 581 2133 quod
626 2050 705 2113 ad
750 2071 951 2134 genus
999 2072 1110 2114 seu
1158 2050 1487 2134 analogice
1518 2058 1637 2113 nos
1658 2051 1723 2114 in
1772 2049 1858 2114 N.
1886 2049 1960 2114 T.
1986 2051 2278 2135 obligant
2303 2051 2380 2114 ad
2405 2050 2910 2114 observationem
2928 2073 3040 2116 seu

101 2138 577 2214 obedientiam3
627 2159 747 2202 non
789 2142 937 2202 vero
985 2138 1242 2202 definite
1282 2141 1394 2202 aut
1418 2138 1484 2201 in
1510 2138 1736 2222 specie.
1786 2135 2137 2203 Ostendent
2160 2160 2395 2222 quaeso
2420 2141 2546 2221 qua
2568 2138 2814 2202 ratione
2846 2161 3038 2222 quar-

102 2232 247 2291 tum
297 2225 721 2310 Praeceptum
765 2226 971 2311 magis
1019 2248 1133 2290 nos
1180 2226 1518 2311 obligaret,
1567 2247 1757 2309 quam
1788 2227 1956 2291 ullae
1981 2227 2144 2291 aliae
2164 2223 2244 2290 V.
2265 2225 2339 2290 Τ.
2369 2227 2777 2290 ceremoniae.
2803 2226 2863 2290 4.
2895 2227 3038 2292 Non

101 2335 357 2399 peccare
400 2315 661 2399 insuper
705 2314 1045 2392 EcclesiaS,
1100 2315 1155 2378 si
1195 2335 1357 2397 quae
1404 2315 1653 2378 nullum
1686 2319 1931 2380 certum
1957 2315 2120 2379 diem
2147 2315 2513 2398 septimum,
2537 2315 2733 2378 immo
2757 2337 2836 2379 ne
2868 2315 3037 2379 deci-

104 2425 291 2468 mum
318 2402 592 2487 quidem,
619 2406 731 2469 aut
755 2402 1190 2483 centesimum,
1240 2406 1351 2467 aut
1399 2401 1603 2467 ullum
1644 2403 1775 2468 sive
1807 2407 2036 2483 totum,
2063 2403 2194 2468 sive
2221 2402 2500 2467 maxima
2524 2425 2602 2467 ex
2625 2406 2808 2487 parte
2833 2403 3034 2468 cultui

102 2492 323 2557 divino
371 2495 752 2571 consecrent,
802 2490 912 2555 sed
958 2514 1074 2575 pro
1120 2514 1188 2555 re
1218 2495 1372 2555 nata
1396 2495 1728 2557 contentae
1752 2492 1882 2557 sint
1904 2492 2129 2556 horam
2153 2514 2346 2555 unam
2371 2496 2562 2574 atque
2587 2491 2878 2571 alteram,
2903 2492 3036 2557 sive

104 2580 407 2665 singulis,
461 2580 593 2644 sive
634 2580 915 2655 alterni8‚
964 2580 1097 2645 sive
1142 2580 1352 2645 tertiis
1397 2580 1621 2645 diebus
1668 2580 1870 2645 cultui
1909 2580 2164 2664 publico
2205 2580 2386 2666 [pag.
2417 2580 2621 2666 1241]
2648 2580 3032 2663 impendere.

105 2667 297 2744 Quod
341 2668 396 2732 si
442 2668 654 2733 dicant
698 2668 1055 2732 naturalem
1104 2668 1493 2753 aequitatem
1550 2670 1873 2753 postulare
1909 2668 2237 2733 definitum
2263 2671 2534 2752 tempuS,
2562 2670 2609 2733 8z
2640 2668 2894 2750 quidem
2919 2668 3034 2732 tali

106 2756 492 2842 quantitate,
537 2778 613 2821 ex
660 2755 892 2841 quibus
938 2756 1266 2842 principiis
1317 2757 1752 2821 demonstrant
1797 2757 1977 2821 illam
2003 2756 2390 2840 aequitatem
2415 2760 2444 2819 P
2469 2755 2617 2821 Non
2640 2778 2718 2820 ex
2743 2756 3034 2821 Philoso-

105 2845 338 2929 phicis.
388 2844 563 2929 Ergo
616 2866 691 2909 ex
744 2842 1092 2929 Scriptura.
1142 2844 1265 2910 Sed
1310 2867 1387 2908 ex
1434 2866 1559 2929 quo
1608 2846 1763 2923 loco,
1789 2846 1841 2909 si
1867 2867 1994 2908 non
2013 2867 2090 2909 ex
2116 2849 2342 2929 quarto
2367 2844 2764 2927 Praecepto?
2789 2844 3036 2919 Quaero

106 2956 223 2999 cur
277 2955 403 2996 non
452 2933 671 2997 eadem
695 2932 943 2997 ratione
966 2932 1277 2997 naturalis
1304 2933 1593 3016 aequitas
1617 2934 1881 2997 suadeat
1905 2934 1983 2996 ad
2009 2931 2053 2996 J
2056 2933 2402 2998 udaeorum
2435 2932 2795 3016 exemplum
2828 2934 3037 2997 deter-

109 3022 379 3097 minare,
426 3021 787 3086 neomenias
820 3043 931 3085 seu
956 3021 1366 3085 solennitates
1399 3026 1776 3100 menstruas,
1810 3025 1922 3085 aut
1951 3019 1995 3084 J
2000 3020 2251 3085 ubilaea
2269 3026 2298 3084 ⁴?
2327 3022 2388 3085 5.
2435 3018 2819 3104 Sequeretur
2843 3042 3033 3104 quar-

106 3116 251 3175 tum
276 3110 693 3193 Praeceptum
734 3108 922 3195 Legis
968 3109 1247 3187 moraliS,
1304 3116 1439 3197 esse
1472 3131 1701 3193 purum
1730 3114 1958 3193 putum
1982 3109 2398 3173 ceremoniale
2424 3159 2438 3188 ,
2460 3129 2584 3171 non
2610 3108 2818 3172 minus
2843 3130 3034 3192 quam

108 3200 189 3264 de
212 3196 607 3277 NeomeniiS,
632 3198 707 3262 de
740 3197 944 3262 Annis
969 3196 1395 3277 Sabbathicis,
1443 3198 1519 3261 de
1542 3197 1585 3262 J
1589 3197 1880 3275 ubilaeis,
1927 3198 2004 3261 de
2027 3196 2234 3261 Festis
2259 3196 2606 3274 Tubarum,
2634 3197 3033 3280 expiationiS,

106 3285 716 3353 Tabernaculorum.
763 3286 851 3349 Et
900 3289 1355 3371 consequenter
1408 3285 1531 3351 diei
1576 3284 1765 3349 unius
1812 3308 1889 3350 ex
1936 3286 2170 3349 circulo
2206 3284 2670 3361 hebdomadali,
2705 3287 2750 3350 81
2775 3284 3029 3367 quidem

107 3375 305 3460 primi
327 3373 833 3439 observationem
860 3374 1311 3459 abrogandam,
1359 3375 1704 3452 vitandam,
1760 3396 1884 3438 non
1909 3374 2119 3437 minus
2143 3396 2336 3457 quam
2358 3372 2630 3437 aliorum
2658 3371 2902 3435 dierum
2927 3396 3030 3436 so-

110 3463 418 3544 lennium,
465 3462 659 3526 immo
713 3465 781 3529 81·
812 3463 1082 3526 aliarum
1128 3462 1495 3546 quarumvis
1540 3462 2061 3542 ceremoniarum,
2111 3466 2181 3525 ut
2197 3461 2600 3526 ostendamus
2633 3481 2746 3523 nos
2771 3464 2940 3523 stare
2965 3460 3032 3523 in

106 3554 410 3617 libertate
458 3552 691 3637 (Galat.
740 3550 801 3617 5.
851 3572 1005 3615 vere.
1060 3550 1145 3633 1.)
1192 3574 1306 3615 nec
1352 3552 1453 3615 vel
1484 3551 1748 3615 minima
1794 3550 2002 3634 specie
2026 3551 2190 3615 velle
2219 3549 2262 3614 J
2269 3548 2577 3613 udaizare.
2612 3546 2954 3611 Adhoram
2985 3548 3032 3611 81

109 3640 488 3707 tantundem
540 3639 647 3703 hic
686 3662 810 3703 non
859 3642 1025 3703 esset
1070 3638 1435 3703 cedendum.
1484 3638 1621 3703 Hoc
1655 3661 1880 3725 urgere
1914 3638 2230 3703 debebant
2254 3637 2320 3718 ii,
2349 3637 2455 3719 qui
2488 3636 2737 3699 nullum
2768 3635 3032 3699 Praece-

112 3734 295 3815 ptum
320 3727 558 3792 morale
584 3727 687 3791 hic
711 3730 1081 3813 agnoscunt.
1129 3725 1398 3812 Insuper
1420 3727 1727 3791 hactenus
1752 3728 2056 3792 deberent
2085 3726 2355 3811 probare
2381 3723 2762 3788 sententiam
2783 3720 3028 3787 Socini-

122 3838 387 3884 anorum
434 3818 481 3883 8z
530 3815 1117 3901 Anabaptistarum,
1166 3818 1211 3881 &
1255 3816 1483 3881 horum
1508 3816 1727 3900 praxin
1754 3818 1902 3880 ante
1927 3837 2124 3879 annos
2148 3814 2393 3897 aliquot
2415 3816 2607 3899 (nunc
2631 3811 2798 3875 enim
2821 3811 3033 3876 nescio

112 3907 197 3971 ob
250 3926 409 3989 quas
453 3926 675 3969 causas
722 3904 824 3968 hic
869 3905 916 3969 ἃ
970 3903 1123 3967 alibi
1156 3908 1373 3969 nostro
1416 3904 1619 3969 ordini
1644 3926 1711 3967 se
1736 3903 1944 3988 magis
1969 3902 2392 3985 conformant)
2417 3898 2528 3984 qui
2551 3921 2668 3983 pro
2694 3921 2759 3963 re
2785 3901 2956 3977 nata,
2983 3902 3030 3965 a

114 3993 556 4060 commoditate
602 3998 716 4056 sua
768 3993 953 4056 modo
1008 3992 1073 4055 in
1122 3992 1306 4068 hunc,
1348 3994 1531 4057 modo
1576 3993 1642 4055 in
1698 3991 1884 4055 illum
1906 3991 2074 4055 diem
2099 3988 2623 4054 hebdomadalem
2666 3984 3030 4052 communes

116 4084 456 4148 conventus
482 4082 527 4146 ἃ
550 4081 845 4145 exercitia
876 4102 1055 4145 sacra
1078 4080 1458 4145 indicebant.
1508 4074 1635 4159 Illi,
1655 4080 1709 4144 si
1734 4079 1988 4162 quidem
2014 4078 2330 4145 sententia
2360 4076 2642 4161 ipsorum
2667 4098 2817 4140 vera
2841 4080 3028 4155 esset,

116 4173 251 4256 ipso
290 4169 459 4233 facto
485 4168 565 4233 ab
596 4170 769 4233 omni
792 4169 999 4253 specie
1025 4169 1180 4232 mali
1205 4169 1599 4247 recedebant,
1637 4170 1682 4233 81
1708 4168 1964 4231 stabant
1995 4167 2060 4230 in
2093 4166 2390 4231 libertate
2415 4164 2796 4242 Christiana,
2829 4166 3032 4247 eaque

118 4259 474 4325 utebantur.
525 4256 700 4321 Adeo
748 4262 818 4321 ut
857 4280 935 4321 ex
980 4255 1320 4341 hypothesi
1345 4256 1697 4322 sententiae
1733 4256 1978 4321 Calvini
2001 4255 2102 4321 lib.
2129 4255 2190 4317 2.
2220 4254 2488 4320 Instimt.
2515 4273 2648 4341 cap.
2678 4253 2738 4316 8.
2765 4274 2891 4317 non
2919 4251 3029 4315 de-

116 4348 396 4413 buissent
418 4349 554 4409 tam
570 4346 853 4431 graviter
876 4345 1251 4429 reprehendi
1277 4344 1398 4429 (uti
1430 4345 1504 4408 fit
1534 4346 1644 4409 lib.
1674 4346 1735 4408 2.
1770 4344 1970 4409 Ire-stit.
1996 4364 2128 4427 cap.
2159 4343 2218 4406 8.
2245 4344 2300 4429 §-
2330 4342 2488 4425 33.)‚
2513 4342 2620 4405 sed
2642 4342 2855 4425 potius
2885 4362 3032 4491 elilim

2957 4450 3032 4493 oc
