3694 4871
579 323 706 387 368
1249 317 2847 387 D1sr.XH.DnLress·rEtuueat1o.

577 506 646 573 in
671 505 928 591 negotio
951 502 1308 589 Religionis
1329 504 1536 569 adhuc
1560 502 1924 584 dubitantii,
1950 506 2063 568 aut
2084 502 2427 580 neutraleS,
2452 507 2566 567 aut
2591 500 2921 567 desultorii
2944 499 3262 569 Ecebolii:
3308 502 3521 588 aliqui

579 595 880 660 formales
905 616 1017 659 seu
1040 592 1306 658 subtiles
1329 593 1719 677 hypocritae,
1745 592 1855 676 qui
1880 594 2177 673 μόρφωσιν
2190 590 2433 656 habent
2449 588 2764 670 εὖο-εβείκς,
2789 590 2848 655 vi
2867 591 3149 675 ejusdem
3164 592 3514 677 abnegata:

577 684 777 771 aliqui
820 680 1194 757 ἀπωσάμενοι
1238 682 1471 746 bonam
1517 680 1967 746 conscientiam
2013 683 2397 763 apostatant,
2445 682 2492 745 ἃ,
2536 679 2703 744 circa
2748 680 2939 744 fidem
2984 679 3467 763 naufragantur
3501 702 3516 743 :

579 773 782 860 aliqui
820 771 1120 854 soli-ipsi,
1169 770 1294 834 sibi
1327 770 1669 854 sapienteS,
1705 768 2049 834 scismatici
2082 792 2149 833 se
2175 773 2493 851 separant,
2536 772 2648 833 aut
2678 768 3143 851 separationem
3170 768 3515 833 affectant:

580 862 778 946 aliqui
809 860 1090 925 infantes
1113 859 1180 922 in
1213 857 1485 934 christo,
1511 879 1811 942 magnam
1835 862 2085 942 partem
2112 858 2318 921 adhuc
2349 857 2671 921 carnales:
2700 858 2903 944 aliqui
2924 857 3269 922 intervalla
3290 856 3517 940 lapsus

581 954 692 1015 aut
733 949 1020 1031 relapsus
1051 947 1418 1031 patiuntur:
1445 948 1646 1035 aliqui
1667 951 1999 1030 tepescunt
2022 944 2085 1009 in
2115 968 2301 1010 cursu
2335 944 2615 1029 pietatis,
2662 946 2881 1031 Aliqui
2902 944 3211 1028 peculiari
3244 947 3291 1011 a
3312 944 3515 1029 priori

580 1038 850 1113 muneri,
896 1035 1124 1115 ordini,
1169 1034 1388 1113 statui,
1437 1034 1604 1100 vitae
1649 1034 1870 1117 generi
1893 1034 1959 1099 in
1984 1035 2104 1099 hoc
2136 1036 2371 1101 mundo
2396 1034 2487 1098 ita
2512 1033 2901 1107 adhaerent:
2936 1038 3009 1097 ut
3032 1034 3205 1117 quod
3237 1035 3318 1098 ad
3342 1033 3515 1097 hanc

581 1131 854 1211 partem,
885 1125 951 1188 in
977 1124 1162 1183 τύπον
1185 1124 1371 1188 illum
1394 1122 1646 1203 διδαχῖς
1667 1124 1948 1188 nondum
1972 1122 2092 1187 toti
2107 1124 2276 1188 tradi
2302 1122 2499 1187 velint
2524 1127 2636 1187 aut
2657 1121 2934 1206 possint:
2962 1122 3195 1208 Aliqui,
3219 1122 3515 1205 quamvis

581 1236 707 1278 non
753 1212 1054 1297 imparati
1101 1216 1327 1285 essent,
1352 1212 1417 1276 in
1456 1212 1642 1271 τόπον
1663 1212 1847 1277 illum
1874 1234 1942 1277 se
1966 1212 2301 1277 tradendos
2328 1212 2497 1289 dare,
2530 1215 2743 1276 tamen
2770 1210 3063 1275 suasione
3088 1212 3137 1276 ἃ
3160 1210 3515 1294 sophistica

582 1302 976 1387 quorundam
1002 1302 1291 1365 laxorum
1315 1300 1752 1365 Casuistarum
1779 1300 2210 1385 suggestione,
2244 1299 2449 1365 adhuc
2474 1299 2818 1383 ampliant:
2868 1300 2998 1366 Alii
3022 1298 3315 1383 quamvis
3340 1302 3513 1363 com'-

583 1393 804 1475 parate
859 1392 938 1455 ad
985 1389 1143 1455 alios
1197 1389 1435 1465 fideleS‚
1489 1388 1755 1472 perfecti
1794 1412 1869 1453 ac
1896 1388 2015 1453 viri
2039 1386 2161 1453 dici
2185 1388 2430 1471 possint
2456 1388 2579 1473 (uti
2604 1388 2739 1453 Asa
2764 1389 2826 1453 2.
2852 1388 3072 1455 Para-l.
3113 1388 3247 1469 15.)
3272 1386 3513 1451 habent

581 1484 796 1543 tamen
843 1479 1050 1543 adhuc
1080 1478 1321 1542 luctam
1347 1476 1586 1553 carnis;
1613 1476 1706 1542 ita
1728 1483 1802 1542 ut
1825 1476 2117 1561 quamvis
2144 1476 2535 1541 delectentur
2558 1476 2697 1558 lege
2722 1476 2845 1541 Dei
2870 1476 3217 1541 secundum
3245 1473 3511 1539 interio-

583 1590 718 1632 rem
764 1565 1107 1643 hominem,
1155 1565 1571 1630 nihilominus
1595 1566 1873 1630 sentiant
1898 1566 2091 1630 aliam
2114 1566 2325 1649 legem
2356 1563 2423 1628 in
2452 1562 2754 1629 membris
2778 1564 2931 1629 suis·
2978 1563 3054 1628 In
3078 1568 3177 1629 tot
3201 1585 3511 1649 generum

585 1654 979 1721 auditoribus
1016 1676 1158 1718 cum
1184 1653 1390 1738 rigida
1415 1656 1460 1719 &
1485 1660 1704 1718 exacta
1726 1654 2115 1737 praedicatio
2140 1653 2302 1738 legis
2326 1651 2638 1738 pertingit
2663 1675 2861 1737 usque
2894 1654 2973 1717 ad
2997 1650 3335 1717 interiores
3362 1672 3509 1717 con-

584 1742 885 1808 scientiae
933 1742 1144 1817 fibraS,
1173 1743 1326 1825 quid
1349 1742 1582 1806 mirum
1607 1742 1662 1805 si
1685 1742 1944 1806 traditio
1966 1744 2013 1810 a
2038 1741 2313 1825 receptio
2339 1742 2473 1825 ejus
2498 1741 2583 1806 sit
2607 1740 2903 1819 difficilis,
2930 1764 3124 1824 supra
3146 1738 3509 1825 Euangelii:

586 1830 820 1915 quippe
845 1832 1012 1914 quod
1035 1830 1197 1894 nihil
1221 1830 1377 1894 mali
1405 1828 1677 1905 nuntiet,
1704 1834 1898 1913 atque
1924 1832 2079 1895 adeo
2104 1835 2143 1895 a
2164 1828 2355 1894 variis
2380 1828 2727 1914 hypocritis
2746 1832 2791 1896 ἃ
2808 1828 3170 1895 carnalibus
3188 1830 3371 1913 [pag.
3394 1827 3510 1913 52]

587 1941 712 1983 non
756 1918 1080 1985 illibenter
1125 1918 1452 1995 audiatur:
1501 1920 1730 1983 saltem
1777 1918 2163 2003 praedicatio
2188 1919 2325 2002 ejus
2348 1917 2484 1983 sine
2519 1918 3043 1995 murmuratione,
3070 1914 3503 1993 contentione,

587 2007 1058 2093 oppugnatione
1095 2007 1588 2073 transmittatur.
1635 2004 1806 2072 Raro
1840 2006 2105 2091 privatis
2128 2006 2479 2092 publicisve
2513 2006 3011 2091 exceptionibuS,
3038 2004 3511 2089 expostulatio-

587 2096 794 2173 nibus,
841 2094 1432 2161 comminationibus
1479 2095 1787 2161 obnoxiae
1835 2101 1983 2161 sunt
2029 2095 2487 2180 applicationes
2531 2094 2997 2179 Euangelicae:
3026 2094 3265 2179 legales
3290 2096 3513 2159 contra

587 2185 970 2268 frequenter.
1000 2184 1156 2260 Quis
1181 2184 1348 2249 enim
1370 2184 1629 2249 illarum
1652 2183 2245 2269 interpretationem
2270 2184 2314 2248 8ι
2338 2206 2604 2249 examen
2628 2182 2749 2249 sibi
2773 2206 2902 2248 non
2924 2184 3125 2248 sumit
3142 2187 3172 2247 ‘t‘
3205 2181 3366 2258 Quis
3388 2202 3513 2245 non

587 2272 954 2357 praesumit,
1011 2273 1133 2338 sibi
1177 2276 1223 2339 &
1269 2274 1458 2338 rebus
1505 2273 1659 2351 suis,
1708 2277 1820 2337 aut
1868 2271 2201 2338 autoritati
2246 2296 2401 2337 suae
2433 2274 2477 2339 &
2504 2271 2730 2336 honori
2753 2294 2869 2337 suo
2890 2294 3008 2355 per
3031 2271 3179 2336 illas
3202 2270 3266 2333 in
3294 2270 3516 2353 aliquo

583 2361 1085 2447 praejudicatum
1111 2384 1247 2425 esse
1267 2366 1296 2425 ⁸?
1343 2362 1560 2425 Etiam
1589 2360 2148 2445 ignorantissimus
2176 2361 2515 2446 aliquando
2537 2360 2645 2424 hie
2668 2358 2991 2425 contendit
3014 2382 3153 2425 esse
3178 2357 3515 2444 Magister,

584 2454 629 2518 &
653 2449 1028 2515 mitissimus
1051 2451 1138 2514 sit
1161 2450 1534 2533 proeliator:
1563 2450 1673 2534 qui
1699 2451 1859 2515 alias
1884 2452 1960 2516 de
1987 2451 2395 2534 Euangelicis
2418 2451 2584 2515 forte
2618 2451 2742 2514 non
2765 2449 2928 2514 bene
2950 2448 3288 2533 perceptiS,
3313 2446 3513 2512 facile

586 2538 1042 2622 pronuntiaret:
1072 2539 1389 2622 Super-am
1413 2560 1557 2607 meu
1565 2560 1625 2603 m
1649 2551 1906 2622 captum
1920 2564 1940 2604 .·
1962 2561 2089 2604 non
2117 2550 2268 2605 sunt
2286 2541 2407 2604 nwi
2420 2539 2568 2624 sori:
2584 2539 2727 2604 aliis
2742 2539 2891 2604 haec
2902 2539 3189 2606 curanda
3204 2537 3517 2622 relinquo.

673 2629 729 2711 ἓ.
779 2625 847 2695 2.
898 2625 1282 2711 Subjicimus
1307 2649 1473 2691 nunc
1499 2625 1747 2710 aliquot
1771 2629 2187 2711 problemata.

673 2713 724 2780 Ι.
776 2714 990 2782 Probl.
1017 2716 1120 2780 An
1155 2717 1495 2798 Euanqelio
1519 2717 1873 2782 excellentia
1907 2717 2099 2782 tribui·
2118 2718 2312 2800 possit
2337 2737 2535 2801 supra
2562 2719 2747 2802 leqem
2769 2715 2802 2781 ?
2850 2718 3027 2800 Resp.
3058 2712 3268 2796 siper
3290 2711 3519 2778 Euan-

587 2803 830 2888 gelium
867 2802 1032 2868 ratio
1058 2802 1544 2887 dispensationis
1568 2805 1715 2868 novi
1749 2804 2020 2870 foederis
2054 2809 2198 2888 post
2229 2804 2576 2882 Christum,
2611 2809 2657 2872 &
2680 2827 2793 2888 per
2816 2805 3027 2889 legem
3060 2801 3224 2867 ratio
3256 2801 3518 2885 dispen-

587 2892 852 2957 sationis
899 2892 1178 2975 ejusdem
1231 2891 1502 2957 foederis
1549 2897 1695 2956 ante
1721 2892 2046 2958 Christum
2070 2892 2492 2978 intelligatur,
2521 2894 2650 2959 Aff.
2684 2916 2763 2957 ex
2790 2893 3007 2959 Mami.
3046 2891 3149 2956 13.
3176 2912 3233 2956 υ.
3272 2891 3365 2954 [6.
3396 2887 3519 2954 Sin

589 2985 736 3046 vero
759 2980 978 3045 stricte
1002 2981 1124 3045 hae
1150 3001 1330 3044 voces
1355 2982 1748 3064 accipiantur
1772 2982 1893 3066 (uti
1917 3005 2032 3046 nos
2055 2983 2122 3045 in
2146 2985 2283 3046 tota
2308 2981 2426 3046 hac
2450 2980 2631 3067 Disp.
2658 2981 3019 3066 sumimus),
3045 2979 3267 3044 itidem
3283 2979 3419 3043 Aff.
3444 3001 3519 3044 ex

587 3069 774 3136 Hebr.
804 3069 862 3133 7.
891 3070 951 3132 2.
992 3071 1129 3135 Cor.
1159 3069 1196 3130 3
1243 3089 1301 3134 v.
1329 3071 1388 3133 6.
1419 3070 1477 3133 7.
1508 3070 1566 3134 8.
1594 3069 1704 3134 ubi
1729 3073 1767 3133 a
1791 3068 2410 3135 commentatoribus
2437 3068 2613 3151 ἒξσχὲ,
2637 3069 2753 3135 illa
2777 3070 3157 3154 explicatur.
3194 3067 3367 3143 Quae
3392 3066 3521 3132 bac

588 3180 732 3223 cum
761 3157 1164 3222 distinctione
1205 3157 1589 3241 accipienda,
1626 3163 1696 3222 ut
1719 3158 2109 3243 comparatio
2134 3159 2477 3242 imparium
2500 3158 2567 3222 in
2598 3159 2845 3242 objecto
2875 3157 3067 3244 Legis
3100 3159 3145 3222 δι
3170 3155 3523 3239 Euangelii

589 3250 950 3330 quaeratur,
996 3245 1117 3309 hoc
1141 3250 1256 3322 est,
1283 3245 1349 3309 in
1373 3245 1625 3311 foedere
1649 3268 1933 3330 operum,
1961 3247 2030 3311 in
2054 3245 2307 3312 foedere
2330 3246 2615 3333 gratiae:
2640 3269 2767 3312 non
2794 3251 2941 3312 vero
2972 3246 3040 3311 in
3062 3246 3205 3330 ipsa
3228 3244 3523 3308 doctrina

588 3334 779 3418 Legis
825 3337 871 3400 a
915 3332 1280 3416 Euangelii,
1335 3334 1692 3399 formaliter
1735 3335 2165 3413 considerata3
2222 3359 2385 3420 quae
2412 3340 2681 3420 utraque
2714 3335 2930 3400 divina
2954 3339 3071 3414 est,
3100 3337 3147 3401 δι
3170 3332 3383 3398 divina
3416 3333 3525 3398 sui

588 3424 890 3507 cujusque
937 3421 1134 3485 divini
1167 3421 1436 3486 foederis
1461 3423 1704 3500 tabula,
1737 3446 1849 3488 seu
1875 3425 2391 3489 instrumentum.
2440 3423 2537 3488 De
2565 3425 2739 3489 omni
2765 3423 2934 3488 enim
2967 3422 3251 3488 doctrina
3276 3421 3523 3502 divina,

589 3512 721 3575 sive
745 3510 955 3595 LegiS,
981 3509 1112 3574 sive
1135 3509 1498 3594 Euangelii,
1523 3512 1794 3576 tenenda
1818 3516 1969 3577 sunt
1992 3513 2203 3598 elogia
2225 3513 2339 3578 illa
2363 3513 2539 3580 Psal.
2569 3513 2672 3578 19.
2698 3513 2743 3577 a
2772 3513 2803 3576 1
2819 3513 2942 3591 19.,
2968 3512 3137 3595 quod
3158 3530 3345 3596 pura,
3366 3531 3525 3594 per-

587 3603 760 3681 lecta,
795 3600 1172 3665 illuminans
1194 3598 1421 3675 ocal03,
1449 3599 1784 3686 laetificans
1806 3622 1930 3675 cor,
1960 3603 2204 3685 pariter
2214 3602 2579 3689 justificata,
2632 3601 2732 3666 &a
2759 3602 2805 3666 &
2840 3603 2901 3666 2.
2927 3599 3094 3665 Tim.
3124 3603 3183 3666 3.
3216 3599 3317 3662 16.
3342 3605 3524 3657 πᾶσι

589 3688 784 3766 ’γραφὴ
808 3689 1221 3760 θεόπνευστος,
1240 3685 1334 3746 καὶ
1357 3683 1662 3766 ὠφέλιμος,
1693 3695 1788 3753 810.

678 3773 762 3838 ΙΙ.
815 3775 1019 3841 Probl.
1073 3776 1212 3857 Quo
1257 3787 1530 3858 respectu
1573 3775 1875 3859 objectum
1904 3779 2252 3864 Euanqelii,
2280 3778 2527 3864 (foedus
2558 3780 2683 3845 scil.
2708 3778 2975 3864 qratiae)
3002 3777 3081 3842 sit
3104 3775 3525 3854 excellentius,

591 3862 822 3946 quippe
866 3864 1069 3947 maqis
1115 3865 1528 3947 manifestans
1573 3865 1846 3946 ,qratia-m
1882 3866 2188 3945 divinam,
2214 3888 2409 3953 qaam
2433 3867 2735 3951 objectum
2757 3867 2904 3952 leqis
2929 3867 3186 3953 (foedus
3209 3864 3339 3930 scil.
3362 3884 3523 3948 ope·

593 3951 795 4047 ram).
845 3951 1021 4036 Resp.
1071 3949 1388 4034 Respectu
1441 3951 1990 4036 multiplicationis
2038 3957 2083 4020 &
2128 3955 2515 4020 extensionis
2566 3957 2836 4040 gratiae,
2883 3978 3048 4039 quae
3068 3953 3203 4018 illic
3224 3956 3529 4018 versatur

593 4058 758 4099 circa
782 4044 1140 4118 peccatores
1171 4061 1250 4102 ex
1273 4063 1340 4104 se
1365 4043 1410 4106 8⁶
1437 4064 1514 4104 en
1544 4039 1611 4104 in
1635 4063 1700 4104 se
1727 4040 2120 4106 damnationi
2145 4043 2483 4108 obnoxios:
2510 4044 2615 4108 hic
2646 4047 2792 4109 vero
2820 4043 2985 4110 circa
3010 4043 3301 4108 homines
3330 4040 3530 4107 inno·

594 4123 729 4186 xios
754 4123 799 4187 ἃ
824 4132 1073 4222 sanctos
1097 4126 1177 4189 ad
1199 4127 1549 4212 imaginem
1572 4127 1694 4194 Dei
1717 4132 1983 4193 creatos·
2012 4127 2129 4194 Vel
2150 4131 2260 4206 sic,
2285 4133 2497 4216 gratia
2522 4123 2669 4196 novi
2686 4131 2956 4197 foederis
2976 4135 3071 4196 est
3090 4129 3531 4196 restitutionis

598 4213 636 4272 a
673 4215 940 4275 termino
988 4212 1294 4294 privatio:
1343 4217 1556 4300 gratia
1602 4217 1834 4282 veteris
1882 4216 2153 4283 foederis
2202 4223 2298 4284 est
2344 4220 2856 4298 beatificationis,
2890 4243 3003 4285 seu
3026 4217 3455 4304 promotionis
3482 4220 3533 4285 ἃ

598 4295 986 4363 deductionis
1011 4301 1091 4364 ad
1114 4300 1575 4368 beatitudinem
1607 4308 1644 4368 a
1674 4307 1947 4370 termino
1976 4309 2134 4390 pure
2158 4308 2476 4392 negativa

683 4381 781 4450 ΙΙΙ
829 4386 1034 4456 Probl.
1087 4386 1191 4454 An
1233 4391 1522 4478 perfectio
1568 4392 1715 4475 ἱερὰς
1739 4393 1817 4457 sit
1841 4406 2092 4462 tantam
2115 4397 2346 4461 umbra
2365 4397 2760 4481 perfectioni}
2790 4399 2945 4482 εἰπε,
2974 4419 3135 4484 qaae
3154 4409 3243 4464 est
3271 4397 3339 4462 in
3365 4397 3535 4483 Lege

3334 4487 3534 4566 nova,
