3694 4871
645 334 775 401 274
1414 334 1655 401 str.
1705 328 2796 400 X.D2Rmr.nr.ssm1oun.

648 525 711 589 3.
728 522 1030 608 Ejusdem
1056 522 1584 587 instaurationem
1603 522 1649 587 ἃ
1668 522 2160 586 renovationem.
2188 524 2248 586 4.
2269 522 2572 603 Ejusdem
2590 520 3194 587 consummationem
3217 520 3262 584 a
3279 518 3560 586 ultimam

646 611 1124 697 perfectionem.
1159 609 1296 675 Nos
1319 611 1387 674 in
1411 610 1619 694 prima
1642 610 1900 674 notione
1925 609 2030 673 hic
2051 611 2425 694 plerumque
2451 610 2934 694 usurpabimus:
2969 609 3044 672 de
3069 608 3328 691 reliquis
3353 608 3416 671 in
3441 609 3560 673 fine

650 700 893 785 aliquid
918 699 1167 764 dicturi.
1217 696 1336 762 III.
1384 697 1675 763 Sumitur
1706 699 2048 781 aliquando
2073 700 2310 775 active3
2344 699 2684 783 aliquando
2713 698 2979 782 passive.
3028 696 3204 772 Quae
3230 697 3558 774 distinctio,

646 792 718 854 ut
765 791 814 855 8⁶
866 788 1151 871 reliquae
1198 809 1436 866 omneS,
1484 789 1775 851 accurate
1831 787 2292 852 observandae:
2343 792 2416 851 ut
2461 788 2552 852 ita
2576 787 2940 872 praedicata
2963 785 3177 849 omnia
3202 808 3316 849 sua
3345 786 3556 869 cuique

648 878 867 941 dextre
892 876 1314 960 applicentur.
1340 872 1696 940 Occurrunt
1719 876 1890 940 enim
1915 877 2246 959 quaedam,
2274 898 2435 959 quae
2459 876 2642 952 huic;
2671 879 2716 941 ἃ
2741 875 3078 959 quaedum,
3105 896 3270 957 quae
3295 874 3556 939 vicissim

646 965 781 1041 illi;
842 965 1155 1049 quaedam
1200 986 1363 1048 quae
1412 964 1666 1047 utrique
1698 964 2166 1048 regenerationi
2189 966 2442 1048 proprie
2466 966 2869 1029 conveniunt.
2921 962 3018 1025 Ex
3049 983 3147 1046 gr.
3179 985 3324 1027 cum
3349 986 3554 1028 causas

646 1052 995 1117 efficientes
1051 1053 1509 1133 enarrabimus,
1556 1052 1851 1136 intellige
1907 1053 2450 1137 regenerationem
2485 1054 2838 1136 passivam:
2890 1051 3092 1115 active
3125 1051 3294 1115 enim
3321 1058 3554 1135 sumpta

646 1146 744 1205 est
787 1141 927 1225 ipse
973 1139 1148 1205 Deus
1187 1162 1591 1225 regenerans,
1618 1142 2048 1204 consideratus
2073 1164 2216 1206 cum
2239 1142 2550 1207 relatione
2572 1141 2858 1221 rationiS,
2887 1143 2932 1207 δι
2963 1139 3045 1203 ab
3071 1138 3186 1203 illa
3215 1140 3554 1204 dominatus

646 1233 864 1314 (prout
918 1229 993 1293 de
1019 1230 1228 1294 activa
1252 1229 1593 1305 creatione,
1622 1228 2103 1312 gubernatione,
2123 1230 2596 1313 justificatione,
2625 1231 2894 1312 aliisque
2927 1228 3290 1293 actionibus
3315 1228 3428 1292 Dei
3457 1252 3553 1293 ex-

642 1320 843 1383 ternis
868 1320 913 1385 a
937 1318 1417 1383 transeuntibus
1444 1317 1599 1382 alibi
1622 1318 1862 1382 dictum
1885 1319 2028 1400 est.)
2059 1316 2333 1383 Rursum
2359 1341 2503 1383 cum
2521 1319 2838 1402 objectum
2857 1318 3268 1401 explicamuS,
3287 1318 3554 1401 intellige

644 1408 955 1484 activam;
1004 1429 1147 1471 cum
1195 1407 1420 1470 effecta
1444 1408 1489 1472 &
1522 1406 1972 1488 consequentia
1994 1408 2321 1485 nonnulla,
2357 1408 2644 1491 intellige
2671 1412 3028 1489 utramque.
3077 1406 3260 1470 Haec
3287 1428 3554 1490 praemo-

642 1496 855 1560 nuisse
888 1495 1044 1559 satis
1077 1498 1205 1559 est:
1232 1500 1307 1557 ut
1330 1494 1657 1559 distinctos
1682 1495 1728 1559 &
1754 1499 2078 1559 accuratos
2103 1500 2438 1578 conceptus
2469 1495 2837 1559 formemus.

732 1582 803 1653 4.
852 1582 1209 1661 Definimus
1253 1583 1819 1667 regenerationem,
1846 1584 2158 1647 Actionem
2191 1584 2304 1647 Dei
2327 1586 2397 1647 in
2419 1586 2616 1649 electis
2635 1583 3075 1667 peecatoribus,
3111 1604 3224 1667 per
3259 1584 3550 1649 Christum

645 1672 982 1755 redemptis
1016 1672 1399 1757 justificati&
1428 1672 1660 1756 (active
1692 1670 1856 1753 scil.)
1883 1671 1945 1736 ἃ·
1973 1673 2220 1749 vocatia
2245 1674 2371 1757 qud
2395 1674 2644 1737 realiter
2665 1694 2766 1736 eos
2791 1674 3084 1737 immutat
3115 1674 3156 1735 a
3179 1674 3554 1756 corruptione
3663 1678 3665 1683 ’

644 1762 729 1825 ad
751 1781 981 1825 novam
1006 1760 1200 1823 vitam
1227 1782 1338 1824 seu
1361 1762 1764 1836 sanctitatem,
1792 1771 1863 1824 ut
1885 1761 2138 1843 post-hac
2159 1761 2291 1825 Deo
2313 1762 2548 1826 vivant.
2577 1760 2649 1823 In
2675 1762 2794 1824 hac
2819 1760 3266 1843 descriptione.
3291 1760 3341 1825 Ι.
3365 1764 3551 1827 Genus
3663 1826 3665 1829 ,

648 1852 767 1927 est,
792 1847 981 1913 Actio
1004 1845 1146 1923 Dei,
1177 1852 1248 1911 ut
1272 1848 1405 1911 scil.
1434 1849 1637 1912 active
1662 1848 1966 1912 sumitur:
1994 1871 2142 1911 nam
2167 1849 2416 1931 passive
2443 1850 2495 1911 si
2515 1855 2824 1925 sumatur,
2843 1849 2966 1911 erit
2981 1870 3188 1933 genus
3207 1850 3344 1931 ejus
3359 1870 3550 1931 recep-

644 1938 736 2001 tio
759 1942 870 2001 aut
894 1936 1103 2020 passio
1127 1936 1477 2020 perfectiva
1502 1960 1613 2000 seu
1639 1936 1968 2000 salvativa.
2001 1936 2292 2015 Additur,
2319 1942 2390 2001 ut
2414 1958 2616 2021 genus
2640 1938 3000 2019 proximum
3027 1937 3290 2015 habena,
3317 1960 3445 2001 esse
3467 1959 3552 1999 ac·
3663 1982 3665 2021 ᾗ

645 2027 886 2090 tionem
918 2025 1175 2089 realiter
1200 2024 1674 2088 immutantem:
1709 2025 1800 2087 ita
1824 2025 2241 2109 distinguitur
2263 2026 2344 2089 ab
2373 2026 2618 2090 actione
2645 2025 2765 2089 Dei
2790 2024 3201 2089 intentionali
3229 2048 3342 2089 seu
3365 2030 3554 2088 muta·
3662 2024 3665 2117 ξ

645 2114 819 2179 tione
842 2113 1133 2179 relativa.
1161 2111 1245 2177 II.
1273 2113 1625 2197 Subjectum
1652 2114 1807 2196 ejuS,
1832 2116 1906 2176 ut
1928 2114 2178 2197 passive
2203 2115 2476 2178 sumitur
2501 2119 2597 2178 est
2623 2115 2721 2178 vel
2747 2114 2944 2177 totale
2971 2113 3070 2177 vel
3089 2114 3383 2197 partiale.
3407 2112 3556 2177 Illud
3662 2160 3665 2199 ἰ

646 2207 745 2266 est
768 2208 1103 2280 remotum,
1131 2202 1579 2285 propinquum,
1606 2201 1887 2284 propiuS,
1915 2202 2293 2285 proximum.
2319 2202 2670 2286 Subjectum
2699 2204 2878 2268 totale
2899 2215 3216 2268 remotum
3245 2208 3340 2267 est
3357 2203 3556 2266 homo:
3662 2202 3665 2233 ²

646 2291 861 2376 angeli
886 2290 1055 2355 enim
1092 2312 1217 2353 non
1243 2294 1736 2373 regenerantur3
1770 2290 1921 2372 quia
1945 2312 2272 2373 nunquam
2299 2291 2684 2368 defecerunt,
2713 2292 2822 2355 sed
2846 2292 2910 2353 in
2935 2296 3110 2355 statu
3137 2292 3469 2355 creationis
3491 2290 3557 2353 ad

645 2379 991 2466 imaginem
1018 2377 1140 2443 Dei
1166 2382 1683 2462 permanserunt:
1709 2400 1825 2442 nec
1851 2378 2088 2444 diaboli
2109 2402 2123 2454 ;
2151 2380 2302 2462 quia
2318 2380 2496 2444 nulla
2511 2380 2668 2464 ipsis
2687 2384 2886 2445 restat
2903 2380 3118 2465 gratia
3137 2402 3152 2444 ε
3183 2384 3258 2444 ut
3273 2402 3386 2444 nec
3400 2400 3558 2444 crea-

646 2473 827 2532 turae
869 2468 1297 2542 irrationales;
1346 2468 1497 2551 quia
1520 2468 1808 2531 absolute
1842 2473 1991 2530 suut
2014 2469 2374 2551 incapaces:
2401 2469 2747 2553 Subjectnm
2789 2469 3241 2555 Propinqmtm
3271 2475 3366 2533 est
3388 2467 3557 2532 homo
3660 2489 3663 2498 ·

647 2556 917 2630 electus;
949 2557 1212 2622 Roman.
1244 2559 1303 2620 8.
1332 2557 1435 2618 29.
1472 2556 1690 2638 Ephes.
1723 2557 1779 2619 1.
1807 2557 1868 2618 4.
1897 2556 2198 2639 Propitoe,
2226 2563 2322 2621 est
2347 2556 2585 2621 electus
2609 2562 2922 2641 peccator,
2949 2579 3062 2621 seu
3085 2559 3152 2621 in
3171 2561 3346 2621 statu
3362 2557 3558 2640 lapsus

647 2647 691 2709 8⁶
715 2644 1140 2727 corruptionis
1162 2644 1385 2729 Ephe&
1413 2645 1475 2707 2.
1508 2646 1562 2706 1.
1594 2645 1649 2705 7.
1678 2641 1849 2707 Nam
1868 2649 2014 2707 aute
2036 2645 2282 2728 lapsum
2301 2647 2701 2730 regeneratio
2719 2646 2897 2708 nulla
2915 2646 3384 2729 requirebatur.
3411 2645 3558 2711 Pro-

644 2733 913 2810 ximum,
962 2736 1060 2796 est
1100 2733 1336 2796 electus
1364 2735 1671 2815 peccator,
1700 2732 1809 2794 sed
1834 2731 2088 2794 Christo
2125 2735 2329 2812 datus,
2364 2756 2436 2798 ac
2463 2738 2724 2817 propter
2753 2733 2941 2797 illum
2966 2734 3378 2816 justificatus,
3403 2755 3470 2797 ac
3503 2733 3558 2796 in

646 2820 897 2884 foedere
929 2821 1177 2904 gratiae
1209 2819 1698 2904 comprehensus
1731 2820 2010 2885 Johann.
2039 2824 2098 2884 6.
2127 2823 2232 2885 37.
2265 2845 2410 2885 cum
2440 2825 2538 2886 17.
2577 2844 2629 2886 υ.
2666 2823 2762 2886 19.
2791 2823 2900 2888 20.
2927 2823 3290 2906 Subjoemm
3313 2823 3558 2906 partiale

643 2909 994 2992 formaliter
1039 2909 1085 2973 &
1104 2929 1220 2992 per
1249 2930 1312 2972 se
1335 2913 1431 2972 est
1461 2908 1819 2971 intellectus
1846 2907 1892 2971 a
1914 2909 2207 2972 voluntas
2234 2911 2437 2975 Actor.
2468 2911 2565 2974 15.
2599 2912 2658 2974 8.
2695 2911 2755 2975 9.
2783 2911 3011 2994 Ephe&
3040 2913 3103 2976 3.
3136 2913 3238 2974 16.
3267 2913 3443 2977 Rom.
3471 2911 3553 2972 12.
3658 2923 3661 2988 ξ

647 2997 729 3072 2.;
748 2997 1116 3080 participate
1145 2995 1207 3061 ἃ·
1224 3018 1339 3081 per
1360 2997 1540 3061 alind
1563 3019 1673 3060 seu
1705 2998 2077 3062 consecutive
2100 3003 2196 3061 est
2221 3000 2601 3062 sensualitas
2627 3021 2740 3063 seu
2765 2999 3098 3064 inferiores
3121 3022 3344 3064 omnes
3367 2998 3552 3062 facul·
3658 2995 3661 3048 ἶ

645 3088 811 3148 tates
859 3085 923 3147 in
950 3084 1205 3148 homine
1230 3108 1373 3149 cum
1397 3085 1697 3148 membris
1722 3085 2000 3167 corporis
2027 3089 2072 3150 δι
2096 3091 2230 3149 toto
2256 3087 2510 3151 homine
2540 3087 2720 3172 [pag.
2751 3087 2915 3172 437]
2945 3089 3270 3152 exteriori.
3302 3089 3358 3152 1.
3397 3087 3551 3154 Thes·
3657 3123 3659 3144 2

643 3174 759 3236 sal.
796 3174 854 3236 5.
906 3174 1009 3236 23.
1048 3175 1220 3238 Rom.
1250 3175 1309 3236 6.
1338 3175 1397 3236 5.
1429 3173 1487 3236 6.
1522 3174 1621 3235 12.
1664 3173 1759 3235 13.
1793 3175 1850 3235 1.
1882 3175 2158 3238 Corinth.
2189 3177 2247 3237 «5.
2281 3176 2380 3237 19.
2411 3177 2514 3239 20.
2546 3178 2894 3241 Consectar.
2931 3179 2984 3239 1.
3013 3175 3366 3258 Rejicimus
3393 3175 3552 3240 Pele·
3656 3231 3659 3254 ,

646 3262 911 3345 glanum
960 3282 1234 3324 errorem
1282 3283 1517 3334 eorum,
1568 3261 1677 3342 qui
1710 3264 2002 3324 statuunt
2034 3263 2234 3325 solam
2260 3264 2742 3328 sensualitatem
2773 3287 2886 3329 seu
2913 3269 3164 3347 partem
3191 3265 3556 3332 inferiorem.
3656 3263 3659 3344 Ξ

646 3371 771 3412 non
796 3371 945 3412 vero
970 3350 1377 3432 superiorem,
1408 3353 1665 3431 peccato
1690 3353 2074 3432 corruptam,
2109 3351 2154 3414 δι
2179 3356 2638 3434 consequenter
2671 3354 3178 3437 regenerandam
3207 3375 3370 3418 esse.
3418 3351 3554 3414 Vide
3655 3365 3659 3430 ξ

646 3442 867 3500 contra
916 3438 1089 3503 Rom.
1155 3439 1209 3499 1.
1258 3459 1317 3499 v.
1374 3439 1477 3499 21.
1534 3437 1579 3500 δι
1606 3435 1665 3499 8.
1690 3457 1844 3501 vers.
1878 3438 1934 3500 7.
1963 3439 2007 3502 δι
2041 3440 2115 3500 12
2143 3460 2298 3503 vers,
2332 3441 2546 3506 Genea
2576 3443 2636 3504 6.
2661 3463 2718 3504 υ.
2748 3445 2809 3505 5.
2835 3440 3084 3505 Notum
3119 3447 3218 3506 est
3247 3443 3554 3524 vulgatum
3654 3437 3657 3504 ἶ

648 3525 806 3589 illud
838 3525 1188 3589 Bernardit
1240 3523 1421 3586 Tolle
1468 3525 1739 3587 liberum
1766 3524 2125 3605 arbitrium,
2153 3530 2198 3592 ὣ
2231 3549 2355 3590 non
2382 3534 2479 3592 est
2509 3530 2678 3612 quod
2704 3534 3001 3594 sanetur:
3029 3530 3186 3593 tolle
3211 3531 3502 3616 gratiam,
3520 3528 3554 3591 t
3655 3529 3657 3576 Ὺ

646 3635 772 3674 non
811 3617 907 3675 est
954 3613 1123 3694 quod
1146 3615 1345 3674 sanet.
1400 3613 1740 3676 Consectar.
1771 3615 1830 3674 2.
1859 3611 2205 3696 Rejicimus
2237 3618 2653 3680 assertionem
2678 3616 3280 3683 liemonstrantium
3305 3621 3375 3684 in
3397 3618 3556 3684 cotta-
3654 3645 3657 3692 2

648 3701 807 3764 tione
854 3700 1147 3782 Haqensi,
1196 3703 1322 3781 qua
1364 3704 1675 3776 statuunt,
1724 3701 2116 3765 voluntatem
2164 3707 2311 3766 ante
2360 3704 2611 3788 lapsum
2659 3707 2871 3769 nullas
2903 3706 3210 3770 habuisse
3239 3707 3553 3791 qualitates
3654 3699 3657 3724 ³

648 3787 866 3864 bonaS,
914 3809 1026 3851 seu
1072 3787 1351 3864 habitus,
1379 3789 1424 3852 δι
1449 3794 1903 3869 consequenter
1927 3811 2038 3872 per
2063 3793 2314 3874 lapsum
2339 3793 2549 3856 nullos
2576 3794 2948 3876 perdidisse.
2997 3795 3335 3870 Quomodo
3369 3799 3554 3858 autem
3652 3793 3655 3798 '

648 3875 965 3937 sententia
1012 3876 1086 3937 de
1135 3875 1658 3938 determinatione
1707 3877 2053 3940 voluntatis
2101 3901 2213 3960 per
2243 3881 2554 3962 judicium
2577 3882 2942 3946 intellectus
2972 3884 3263 3966 practici,
3289 3905 3474 3967 quam
3494 3902 3556 3944 ex

648 3961 1014 4024 orthodoxis
1061 3965 1105 4027 8⁶
1156 3962 1711 4046 Anti-Pelagianis
1741 3965 2033 4028 nonnulli
2065 3967 2251 4030 hodie
2277 3968 2639 4046 defendant,
2674 3971 2980 4053 explicari
3009 3976 3121 4036 aut
3149 3971 3556 4037 moderatione

650 4047 938 4110 adhibita
966 4070 1108 4112 cum
1132 4048 1505 4112 orthodoxia
1529 4050 1850 4114 conciliari
1873 4053 2086 4134 possit,
2105 4077 2185 4117 ne
2203 4054 2591 4140 Pelagianae
2612 4058 2953 4142 hypothesi
2973 4061 3357 4138 subserviat,
3373 4065 3554 4122 osten·

651 4135 857 4197 dimus
904 4135 969 4196 in
992 4156 1139 4219 app.
1164 4137 1249 4199 ad
1272 4137 1432 4219 disp.
1460 4137 1534 4201 de
1561 4139 1893 4202 Creatione.
1944 4139 2322 4207 Conferatur
2350 4147 2609 4210 Maccov.
2641 4146 2708 4210 in
2739 4147 2888 4213 Golt.
2919 4149 3105 4232 Disp.
3129 4163 3284 4232 part
3331 4151 3386 4212 4.
3417 4148 3538 4228 disp

658 4225 714 4284 l.
750 4222 931 4286 Thesi
956 4224 1058 4285 21.
1088 4225 1189 4285 22.
1219 4223 1305 4286 Et
1334 4226 1509 4288 Ctuto
1532 4227 1601 4288 in
1622 4225 1768 4290 Idea
1786 4227 1856 4289 in
1873 4229 2033 4312 disp.
2055 4231 2158 4293 36.
2185 4231 2338 4296 thesi
2362 4235 2461 4296 10.
2489 4233 2671 4300 Cous,
2692 4236 2751 4298 3.
2778 4235 3154 4300 Eorundem
3171 4236 3548 4302 assertionem

651 4309 717 4370 in
768 4310 945 4391 Resp.
992 4309 1077 4374 ad
1098 4321 1380 4394 excerpta
1429 4312 1607 4395 Prof.
1639 4314 1913 4378 Leidens.
1935 4336 1999 4398 p.
2035 4316 2177 4381 101.
2213 4319 2322 4383 ubi
2346 4321 2626 4386 infantes
2653 4323 2732 4386 ad
2763 4326 3208 4407 generationis
3233 4326 3436 4411 gratia
3461 4343 3548 4384 ex-

652 4395 933 4459 cludunt.
980 4395 1355 4460 Conferendi
1400 4397 1503 4460 hic
1549 4414 2052 4468 commutatores
2084 4409 2282 4471 nostri
2313 4409 2398 4472 ad
2423 4410 2622 4474 Actor.
2653 4413 2712 4474 2.
2745 4413 2802 4474 1.
2839 4411 3128 4480 Corinth.
3170 4415 3230 4481 7.
3259 4414 3440 4480 Mam.
3469 4411 3544 4473 19.
3648 4395 3653 4432 ³

3425 4501 3546 4566 Eze-
