3694 4871
560 2580 567 2587 ·
675 2572 807 2625 mm
859 2560 1563 2637 Remonstrantieorum,
1612 2559 1843 2623 erroris
1867 2560 2135 2643 alicujus
2168 2581 2242 2623 eo
2266 2559 2518 2623 nomine
2542 2560 2746 2624 notati
2769 2564 2937 2624 sunt.
2973 2558 3312 2627 Accedunt
3323 2562 3582 2649 publiea?

685 344 813 407 308
1340 337 2420 406 DlsP.XI.DESABnA·rno
2470 339 2963 404 anns‘rIS.

680 538 1005 592 comment.
1030 527 1116 591 ad
1156 526 1182 588 1
1220 525 1357 593 Cor.
1389 525 1489 590 16.
1522 525 1839 590 Zanchius
1867 525 1934 588 in
1962 526 2188 590 Coloss.
2225 525 2286 588 2.
2317 523 2480 590 &ad
2505 526 2566 589 4.
2587 545 2795 610 praee.
2831 524 3208 592 Wiuakeras
3229 539 3442 592 comm

682 618 868 681 larm.
925 615 1000 679 de
1038 614 1355 699 scriptura
1398 625 1630 699 quaest.
1674 613 1733 676 6.
1766 634 1901 697 cap.
1937 614 2036 676 12.
2065 615 2168 678 Fr.
2198 614 2425 679 Iunius
2446 625 2771 678 comment.
2801 615 2870 678 in
2906 613 3125 680 Genes.
3152 616 3216 677 2.
3239 637 3297 679 υ.
3329 618 3388 681 2.
3411 615 3516 682 Mu

682 716 883 769 slerus
928 703 1000 767 in
1031 703 1279 767 scholiis
1324 703 1409 766 ad
1458 702 1673 767 Manli.
1706 702 1807 764 12.
1837 703 2172 768 Gualterus
2213 702 2282 766 in
2316 704 2518 768 Galat.
2553 703 2611 765 4.
2637 701 2851 766 homil.
2873 701 2980 764 33.
3021 701 3086 766 ἃ·
3117 703 3188 766 in
3215 703 3469 770 malma.

681 793 815 856 mil.
860 792 965 854 23.
1015 792 1388 856 Beumlerus
1436 791 1504 854 in
1556 790 1926 876 hypotyposi
1985 791 2094 855 Th.
2119 791 2208 854 ad
2231 797 2292 854 4.
2317 811 2519 873 praec.
2551 791 2833 856 Roliocus
2855 792 2942 855 ad
2971 792 3203 856 Coloss.
3239 794 3302 856 2.
3335 791 3546 860 Ablue*

682 879 818 945 bibl.
845 880 1107 962 Anqliea
1136 880 1166 941 1
1202 880 1340 944 Cor.
1371 877 1469 942 16.
1501 879 1841 943 Perkinsus
1869 879 1936 942 in
1965 879 2198 944 Caeech.
2233 877 2295 942 a·
2322 879 2584 944 Casibus
2605 878 2693 944 ad
2713 879 2772 940 4.
2797 900 3005 962 praec.
3027 881 3250 965 Geor-9.
3277 883 3528 947 Domi

596 1017 599 1022 .
682 969 751 1031 in
776 967 1001 1032 tabulis
1024 967 1109 1032 ad
1138 967 1539 1050 Decaloyum,
1566 967 1834 1050 anglice.
1880 967 2162 1033 Willecus
2187 968 2257 1031 in
2279 969 2540 1052 synopsi
2567 967 2858 1050 Papismi
2867 988 2933 1050 p.
2955 967 3104 1031 426.
3125 967 3191 1034 ἃ·
3216 971 3364 1034 431.
3388 969 3504 1034 edit
3523 967 3581 1030 ir

681 1055 792 1120 fol.
842 1058 887 1121 &
910 1067 1311 1120 commentar.
1352 1055 1423 1119 in
1474 1056 1625 1121 Gen.
1661 1056 1719 1118 2.
1747 1076 1797 1119 e.
1819 1055 1880 1120 2.
1924 1055 2252 1140 Wolphius
2277 1055 2346 1119 in
2367 1055 2718 1139 clironoloq.
2749 1055 2848 1120 lib.
2876 1056 2936 1118 2.
2963 1077 3012 1120 e.
3045 1057 3104 1120 1.
3129 1078 3197 1140 p.
3225 1058 3331 1120 92.
3365 1058 3579 1124 Parcus

683 1145 751 1208 in
786 1145 1000 1210 Genes.
1036 1145 1097 1208 2.
1142 1165 1191 1207 c.
1219 1145 1280 1207 2.
1307 1142 1595 1209 Piscator
1619 1143 1689 1207 in
1718 1144 1959 1208 Levitie.
1989 1145 2092 1207 23.
2125 1145 2498 1210 Bernardus
2532 1144 2752 1210 Teaelor
2777 1143 3115 1208 Professor
3139 1143 3574 1210 Herbornensis

680 1233 745 1296 in
792 1234 1023 1298 volam.
1060 1231 1325 1297 thesium
1375 1230 1429 1296 T
1424 1231 1580 1296 heol.
1604 1233 1731 1296 loeo
1765 1232 1826 1294 2.
1853 1232 1927 1297 de
1963 1233 2280 1304 Grealione
2303 1233 2386 1296 th.
2417 1235 2520 1296 31.
2549 1232 2896 1316 Sohar-pias
2921 1232 2994 1298 in
3019 1253 3220 1299 eursu
3251 1234 3421 1300 theol.
3453 1247 3575 1298 lom.

684 1321 743 1386 1.
789 1321 865 1385 de
910 1322 1033 1405 [eye
1083 1320 1198 1385 Dei
1238 1341 1302 1403 p.
1353 1320 1503 1383 617.
1534 1317 1597 1384 ἃ·
1620 1319 1770 1384 622.
1799 1320 2110 1386 Gilbertus
2131 1319 2497 1386 Primorose
2517 1321 2812 1384 minister
2833 1325 2988 1385 tuno
3019 1319 3571 1408 Burdegaleusisin

680 1421 851 1474 tract.
916 1409 979 1472 la
1034 1408 1376 1491 Trompelte
1414 1409 1489 1472 de
1513 1407 1686 1473 Sion..
1710 1429 1854 1492 paq.
1886 1409 2034 1472 193.
2067 1408 2212 1474 194.
2236 1409 2379 1472 195.
2419 1411 2676 1477 Tilenus
2709 1411 2860 1472 tuno
2877 1407 3276 1475 orthodoxus
3299 1423 3572 1496 syntagm.

679 1509 824 1563 tom.
858 1499 916 1560 1.
946 1497 1049 1560 ad.
1076 1496 1137 1560 4.
1160 1517 1363 1580 praec.
1394 1497 1583 1563 Nicol.
1627 1497 1902 1562 Vedelius
1938 1501 2090 1562 tune
2121 1497 2348 1561 Pastor
2387 1500 2432 1563 &
2463 1497 2794 1562 Professor
2825 1495 3220 1562 Genevensis
3245 1497 3574 1565 Exercitus!

676 1586 851 1669 epist.
879 1586 1111 1668 lynalii
1134 1585 1219 1649 ad
1243 1586 1685 1670 Maqnesianos
1702 1605 1835 1669 cap.
1867 1585 1922 1648 7.
1976 1587 2192 1650 Festus
2219 1587 2553 1651 llommius
2591 1587 2662 1650 in
2687 1585 2918 1650 tabulis
2939 1586 3318 1653 catecheticis
3343 1588 3572 1672 belgice.

683 1673 1134 1758 Carcwriyhtus
1180 1672 1241 1739 ἃ·
1288 1675 1475 1740 Fulco
1512 1673 1765 1738 celebres
1833 1674 2119 1758 Theoioqi
2163 1675 2466 1740 adversus
2497 1675 3111 1758 Anqlo-Rhemenses
3143 1677 3234 1740 ad
3271 1678 3296 1739 l
3333 1678 3460 1742 Cor.
3495 1675 3574 1737 16.

683 1764 887 1827 Galae.
944 1763 1005 1825 4.
1064 1763 1235 1828 Rom.
1296 1762 1394 1825 14.
1454 1763 1747 1827 Walaeus
1789 1773 1960 1827 tract.
1997 1761 2420 1828 deSabbatlzo.
2454 1763 2824 1828 Goularlias
2850 1765 2919 1827 in
2943 1777 3356 1830 commentar.
3379 1766 3457 1830 ad
3481 1763 3574 1830 Sa·

678 1851 852 1915 Iuslii
898 1850 1177 1914 Barlasii
1215 1849 1465 1934 primae
1508 1850 1910 1916 hebdomadis
1942 1851 2107 1915 diem
2137 1851 2492 1934 septimum.
2541 1852 2858 1917 Fabi-ilias
2879 1863 3214 1918 com-mem.
3243 1854 3314 1918 in
3336 1855 3578 1938 psalmos

676 1939 761 2004 ad
808 1938 982 2005 Psal.
1042 1940 1145 2001 92.
1183 1939 1509 2004 Althasius
1563 1940 1633 2003 in
1680 1937 1944 2004 Politice
1967 1960 2100 2023 cap.
2131 1940 2202 2001 21
2223 1989 2236 2003 .
2257 1961 2325 2022 p.
2351 1939 2500 2004 420.
2535 1940 2958 2024 Lansberyius
2981 1941 3054 2004 in
3075 1943 3302 2006 catech.
3325 1964 3428 2028 qu.
3454 1941 3574 2004 103.

681 2025 744 2092 ec
789 2029 857 2095 in
893 2028 1183 2092 Chronol.
1239 2028 1451 2092 Matth.
1504 2028 1819 2092 Martinus
1843 2028 1942 2093 lib.
1981 2029 2032 2091 1.
2063 2027 2288 2093 Christ.
2313 2027 2377 2094 ἃ·
2397 2029 2728 2094 catholicae
2753 2029 2902 2115 fidei
2929 2049 3068 2112 cap.
3101 2030 3206 2093 10.
3227 2032 3506 2097 Amesius
3525 2031 3574 2092 in

676 2116 957 2182 medulla
982 2117 1068 2180 ad
1091 2116 1151 2180 4.
1174 2136 1380 2199 praee.
1408 2115 1769 2200 &inprimis
1795 2116 1865 2180 in
1901 2116 2080 2199 Disp.
2112 2115 2336 2180 habita
2359 2116 2803 2200 Franequerae
2836 2116 3027 2179 1633.
3079 2115 3281 2201 Resp.
3305 2117 3574 2182 Nathane

677 2203 942 2268 Eatono.
999 2201 1422 2268 Doctissimus
1468 2216 1655 2269 autor
1697 2204 1932 2270 Altaris
1979 2205 2357 2270 Dama-§ceni
2376 2226 2523 2290 paq.
2548 2205 2696 2268 561.
2749 2207 3068 2271 Weemsus
3091 2207 3134 2269 ὰ
3157 2207 3574 2293 Lothoquarin

673 2313 895 2378 synay.
938 2292 1164 2358 Christ.
1208 2293 1295 2358 ad
1329 2293 1387 2362 4.
1409 2313 1612 2376 praec.
1640 2293 1910 2378 anglice.
1961 2295 2174 2358 Foxus
2196 2295 2268 2357 in
2289 2296 2472 2377 Apoe.
2505 2294 2560 2357 1.
2586 2315 2642 2357 v.
2677 2295 2777 2356 10.
2804 2294 3142 2359 Arminius
3172 2293 3238 2359 ἃ·
3273 2295 3577 2361 Berlin-sin

680 2383 923 2467 Dispul.
956 2383 1043 2447 ad
1090 2381 1148 2445 4.
1186 2393 1604 2467 praeceptam,
1631 2381 1741 2467 qui
1765 2384 1802 2445 Ξι
1825 2381 2078 2447 nemine
2105 2380 2700 2467 Antagonistarum‚
2727 2404 2840 2447 nec
2863 2385 2900 2446 ὲ
2925 2379 3008 2446 Ι).
3039 2385 3322 2450 Gomaro
3347 2385 3414 2449 in
3435 2383 3578 2449 indi-

674 2474 811 2538 culo
856 2492 967 2536 sea
1020 2472 1256 2557 syllabo
1302 2491 1616 2535 novaram
1640 2471 2020 2555 opinionum
2048 2471 2348 2549 Arminii,
2376 2475 2488 2535 aut
2513 2475 2550 2535 ὲ
2575 2470 2652 2535 D.
2683 2474 2856 2536 Festo
2880 2472 2946 2536 in
2967 2471 3326 2555 Specimine
3347 2474 3580 2559 doymo·

672 2648 984 2725 homiliae,
1010 2647 1072 2714 ec
1093 2648 1401 2733 liturqiae,
1429 2650 1501 2710 ut
1524 2646 1570 2711 ἃ
1593 2646 1906 2733 Theologi
1939 2646 2138 2732 Angli
2162 2670 2355 2731 quam
2381 2648 2660 2727 plurimi,
2711 2670 2982 2731 quorum
3007 2647 3350 2715 innumera
3371 2651 3578 2734 scripu

674 2736 1027 2800 vernaculis
1075 2735 1313 2820 linguis
1367 2739 1648 2799 exstant:
1698 2758 1777 2799 ex
1822 2758 2090 2819 quorum
2121 2736 2406 2799 adductis
2441 2736 2822 2801 testimoniis
2869 2736 3038 2801 hanc
3069 2742 3208 2803 este
3247 2738 3576 2804 doctrinam

674 2823 995 2888 Ecclesiae
1042 2824 1296 2909 Anglic.
1351 2825 1691 2908 probatum
1745 2824 1865 2889 ivit
1889 2824 2252 2907 nuperrime
2279 2828 2656 2909 Anonymus
2681 2825 2796 2911 (D.
2834 2826 3168 2891 But-tonus
3193 2827 3264 2891 ni
3287 2826 3502 2911 fallor)
3523 2828 3574 2889 in

680 2911 954 2977 Diatribe
982 2913 1163 2997 Anyl.
1190 2914 1494 2978 adversus
1524 2914 1628 2978 Fr:
1674 2912 1962 2980 Whilum
1977 2910 2368 2996 Episcopum
2390 2912 2734 2977 Eliensem.
2768 2913 2950 2977 Adde
3001 2914 3206 2980 Heur.
3234 2916 3574 2981 Flokenium

676 3000 744 3063 in
785 3002 841 3064 T
833 3000 983 3065 heol.
1038 3002 1263 3067 Elenee.
1298 3002 1461 3085 disp.
1505 3002 1609 3063 21.
1656 3001 2022 3066 Woilebiam
2050 3000 2154 3064 lib.
2182 3002 2242 3065 2.
2279 3000 2482 3067 Theoi.
2507 3022 2643 3085 cap.
2672 3002 2730 3065 7.
2770 3002 3358 3087 Gloppenburyium
3385 3016 3574 3069 comm

672 3087 1137 3171 Anabaptistas.
1188 3090 1563 3155 Maecovium
1620 3090 1825 3173 dispp.
1879 3090 2213 3154 Miscellan.
2265 3090 2367 3153 24.
2395 3089 2506 3153 ubi
2530 3090 2606 3154 de
2627 3102 2850 3175 quarto
2875 3090 3235 3175 Praecepto.
3281 3090 3572 3159 Cimona».

670 3177 742 3240 in
768 3174 918 3241 Idea
941 3178 1104 3261 disp.
1133 3178 1235 3241 42.
1262 3179 1318 3261 g.
1347 3176 1451 3241 24.
1480 3176 1581 3241 25.
1611 3178 1839 3243 Alsced.
1867 3180 1934 3245 in
1963 3178 2221 3243 Casibus
2243 3198 2439 3243 conse.
2465 3178 2552 3242 ad
2574 3178 2633 3242 4.
2655 3177 2873 3244 Praec.
2903 3178 3048 3245 Gul.
3077 3182 3478 3263 Apolloniam
3519 3178 3572 3243 iu

670 3276 842 3330 tract.
900 3266 976 3330 de
1022 3267 1172 3350 Le9e
1221 3286 1356 3349 cap.
1408 3268 1466 3327 6.
1517 3263 1839 3349 Imprimis
1886 3266 2035 3330 Rat.
2060 3266 2370 3350 disciplin.
2398 3269 2531 3331 ecel.
2559 3266 2815 3331 Bohem.
2839 3288 2903 3350 p.
2935 3266 3040 3331 70.
3067 3265 3236 3331 Sunt
3260 3270 3309 3335 ἃ
3333 3269 3462 3347 alii,
3484 3267 3572 3351 qui

671 3353 959 3435 quamvis
1005 3357 1139 3416 tam
1164 3356 1381 3437 aperte
1407 3352 1573 3417 hanc
1595 3354 1976 3418 sententiam
2008 3375 2134 3417 non
2159 3355 2556 3437 profitentur,
2597 3354 2660 3418 in
2686 3376 2826 3419 eam
2849 3358 3069 3419 tamen
3095 3356 3308 3441 magis
3332 3378 3572 3441 propen-

671 3442 815 3505 dere
840 3441 1153 3521 videntur,
1178 3442 1404 3506 saltem
1438 3442 1819 3507 contrariam
1845 3466 1971 3507 non
1993 3446 2274 3521 tuentur,
2307 3446 2376 3507 ut
2406 3444 2680 3509 Bueerus
2705 3444 2772 3507 in
2800 3442 3015 3508 Manli.
3050 3445 3153 3508 12.
3190 3446 3576 3528 Bullinqenn

673 3531 744 3595 in
797 3530 1167 3609 Dee-adibus,
1222 3530 1568 3616 Chytraeus
1600 3532 1668 3595 in
1692 3532 1876 3615 Apoc.
1910 3534 1964 3595 l.
1984 3551 2142 3595 vers.
2175 3532 2275 3595 10.
2303 3530 2440 3595 Nos
2465 3530 2812 3596 affirmanti
2835 3532 3198 3597 sententiae
3219 3534 3573 3603 accedimus,

670 3618 843 3681 ducti
873 3618 1016 3683 istis
1064 3618 1437 3683 rationibus,
1484 3616 1540 3683 I.
1574 3619 1819 3699 Prima,
1869 3620 2022 3703 quia
2077 3622 2173 3683 est
2199 3620 2380 3705 [pag.
2422 3619 2621 3704 1210]
2649 3624 3058 3703 praeceptum
3083 3620 3415 3705 Decalogi,
3441 3641 3573 3705 ergo

671 3710 767 3769 est
814 3707 1051 3771 morale
1105 3730 1212 3771 sex
1243 3707 1465 3771 diebus
1488 3708 1737 3790 operari
1770 3706 1817 3771 ἃ
1849 3707 2121 3791 septimo
2161 3708 2502 3792 quiescere.
2553 3706 2744 3771 Ratio
2777 3709 3270 3793 consequentiae
3295 3714 3412 3788 est,
3443 3710 3574 3792 quin

669 3792 1028 3880 Decalogus
1054 3795 1336 3859 eontinet
1353 3795 1563 3879 legem
1587 3796 1896 3859 moralem
1925 3799 1971 3862 &
1995 3801 2395 3879 perpetuam,
2443 3799 2490 3863 s
2513 3796 2726 3861 omnia
2751 3797 2884 3880 ejus
2907 3802 3252 3880 praecepta
3281 3802 3430 3862 sunt
3453 3818 3572 3861 mo-
3663 3874 3665 3877 .

669 3882 850 3960 ralia,
882 3906 1007 3947 non
1034 3884 1203 3967 quod
1224 3884 1306 3949 ad
1333 3905 1535 3969 genus
1570 3884 1682 3963 (sic
1714 3883 1884 3947 enim
1909 3889 2046 3949 tota
2069 3882 2172 3947 lex
2200 3884 2636 3949 ceremonialis
2661 3888 2875 3967 posset
2899 3884 3022 3949 dici
3047 3886 3330 3965 moralis,
3353 3885 3402 3950 ἃ
3431 3890 3570 3950 tsn-
3662 3880 3665 3955 ἰ

669 3990 860 4051 quam
886 3971 986 4035 lex
1010 3972 1269 4037 moralis
1294 3972 1640 4036 etiamnum
1664 3994 1777 4036 nos
1810 3972 2211 4055 obstringere
2231 3996 2246 4050 ;
2271 3974 2439 4056 'quod
2463 3973 2836 4061 absurdum)
2859 3973 2970 4037 sed
2993 3975 3165 4057 quod
3189 3974 3270 4038 ad
3293 3975 3566 4058 speciem.

673 4054 842 4140 Ergo
890 4080 965 4122 ex
1006 4060 1069 4123 vi
1090 4060 1303 4145 quarti
1328 4059 1658 4144 Praecepti
1682 4060 1897 4125 nonin
1925 4081 2160 4145 genere
2185 4061 2444 4145 aliquod
2466 4067 2716 4145 tempus
2742 4061 2942 4125 cultui
2967 4062 3186 4127 divino
3217 4084 3568 4127 consecran-

669 4144 838 4223 dum,
880 4147 985 4211 sed
1031 4147 1155 4212 ista
1179 4150 1419 4232 species
1442 4150 1489 4213 δι
1514 4171 1810 4213 mensura
1833 4147 2162 4232 temporis,
2187 4149 2496 4234 septimus
2521 4150 2653 4214 scil.
2673 4149 2942 4233 quisque
2967 4150 3106 4215 dies
3121 4150 3236 4234 qui
3255 4150 3421 4215 senis
3443 4172 3566 4215 suc·

665 4231 847 4295 cedit.
894 4232 1043 4297 Non
1082 4236 1251 4300 enim
1296 4237 1607 4321 praecipit
1658 4236 1854 4316 Deus,
1903 4248 2207 4302 memento
2254 4240 2546 4322 temporis
2591 4238 2860 4322 alicujus
2903 4238 3298 4325 sufficientis,
3337 4250 3404 4303 a!
3427 4240 3572 4305 iuuat
3662 4274 3665 4321 Ι

666 4320 1003 4406 sanctifices
1038 4318 1101 4385 ἃ·
1130 4324 1368 4408 reliquo
1395 4335 1664 4407 tempore
1688 4324 1944 4404 labores,
1970 4325 2114 4391 sed:
2143 4327 2446 4393 Memento
2469 4328 2592 4392 diei
2621 4326 2936 4402 Sabbathi,
2985 4338 3058 4392 ut
3105 4325 3219 4392 &a
3235 4348 3341 4393 sex
3365 4326 3570 4393 diebus

668 4408 1030 4485 operaberis,
1058 4411 1155 4474 διο.
1188 4410 1653 4494 Argumentum
1678 4414 1797 4477 hoe
1823 4413 2140 4497 imprimis
2175 4416 2340 4499 apud
2368 4439 2584 4481 omnes
2610 4416 2884 4480 maxime
2908 4416 3258 4481 valiturum
3287 4416 3566 4495 arbitror.

3473 4527 3568 4587 qu1
