<?xml version="1.0" encoding="UTF-8"?>
<!DOCTYPE html PUBLIC "-//W3C//DTD XHTML 1.0 Transitional//EN"
    "http://www.w3.org/TR/xhtml1/DTD/xhtml1-transitional.dtd">
<html xmlns="http://www.w3.org/1999/xhtml" xml:lang="en" lang="en">
 <head>
  <title>
</title>
<meta http-equiv="Content-Type" content="text/html;charset=utf-8" />
  <meta name='ocr-system' content='tesseract 3.04.00' />
  <meta name='ocr-capabilities' content='ocr_page ocr_carea ocr_par ocr_line ocrx_word'/>
</head>
<body>
  <div class='ocr_page' id='page_1' title='image "./selectarumdispu00kuypgoog_0236.png"; bbox 0 0 3694 4871; ppageno 0'>
   <div class='ocr_carea' id='block_1_1' title="bbox 373 331 3096 403">
    <p class='ocr_par' dir='ltr' id='par_1_1' title="bbox 373 331 3096 403">
     <span class='ocr_line' id='line_1_1' title="bbox 373 331 3096 403; baseline 0.001 -4"><span class='ocrx_word' id='word_1_1' title='bbox 373 335 576 400; x_wconf 75' lang='lat' dir='ltr'><strong>Dlsr.</strong></span> <span class='ocrx_word' id='word_1_2' title='bbox 624 333 774 401; x_wconf 91' lang='lat' dir='ltr'><strong>VII.</strong></span> <span class='ocrx_word' id='word_1_3' title='bbox 823 331 1488 401; x_wconf 64' lang='lat' dir='ltr'><strong>Pnonzuuuu</strong></span> <span class='ocrx_word' id='word_1_4' title='bbox 1533 357 1632 399; x_wconf 76' lang='lat' dir='ltr'><strong>nn</strong></span> <span class='ocrx_word' id='word_1_5' title='bbox 1677 331 2038 400; x_wconf 74' lang='lat' dir='ltr'><strong>Mnnrro</strong></span> <span class='ocrx_word' id='word_1_6' title='bbox 2086 332 2470 401; x_wconf 75' lang='lat' dir='ltr'><strong>Cna1s‘r1</strong></span> <span class='ocrx_word' id='word_1_7' title='bbox 2516 333 2733 402; x_wconf 62' lang='lat' dir='ltr'><strong>Plias</strong></span> <span class='ocrx_word' id='word_1_8' title='bbox 2777 335 2897 403; x_wconf 93' lang='lat' dir='ltr'><strong>IV.</strong></span> <span class='ocrx_word' id='word_1_9' title='bbox 2968 337 3096 402; x_wconf 86' lang='lat'><strong>205</strong></span> 
     </span>
    </p>
   </div>
   <div class='ocr_carea' id='block_1_2' title="bbox 141 518 3100 4421">
    <p class='ocr_par' dir='ltr' id='par_1_2' title="bbox 141 518 3100 4421">
     <span class='ocr_line' id='line_1_2' title="bbox 153 518 3096 606; baseline 0.002 -21"><span class='ocrx_word' id='word_1_10' title='bbox 153 519 450 586; x_wconf 88' lang='lat' dir='ltr'><strong>Christus</strong></span> <span class='ocrx_word' id='word_1_11' title='bbox 472 520 826 586; x_wconf 70' lang='lat' dir='ltr'><strong>intercedit.</strong></span> <span class='ocrx_word' id='word_1_12' title='bbox 850 519 1028 606; x_wconf 88' lang='lat' dir='ltr'><strong>Ergo</strong></span> <span class='ocrx_word' id='word_1_13' title='bbox 1045 518 1252 604; x_wconf 86' lang='lat' dir='ltr'><strong>Major</strong></span> <span class='ocrx_word' id='word_1_14' title='bbox 1271 521 1599 605; x_wconf 89' lang='lat' dir='ltr'><strong>probatur,</strong></span> <span class='ocrx_word' id='word_1_15' title='bbox 1624 520 1777 606; x_wconf 89' lang='lat' dir='ltr'><strong>quia</strong></span> <span class='ocrx_word' id='word_1_16' title='bbox 1800 523 2002 604; x_wconf 87' lang='lat' dir='ltr'><strong>aeque</strong></span> <span class='ocrx_word' id='word_1_17' title='bbox 2028 522 2157 587; x_wconf 88' lang='lat' dir='ltr'><strong>late</strong></span> <span class='ocrx_word' id='word_1_18' title='bbox 2180 525 2406 606; x_wconf 89' lang='lat' dir='ltr'><strong>patent</strong></span> <span class='ocrx_word' id='word_1_19' title='bbox 2443 521 2683 589; x_wconf 88' lang='lat' dir='ltr'><strong>oblatio</strong></span> <span class='ocrx_word' id='word_1_20' title='bbox 2707 523 3034 590; x_wconf 88' lang='lat' dir='ltr'><strong>meritoria</strong></span> <span class='ocrx_word' id='word_1_21' title='bbox 3050 527 3096 592; x_wconf 65' lang='lat' dir='ltr'><strong>a</strong></span> 
     </span>
     <span class='ocr_line' id='line_1_3' title="bbox 155 609 3096 698; baseline 0.002 -25"><span class='ocrx_word' id='word_1_22' title='bbox 155 609 528 676; x_wconf 76' lang='lat' dir='ltr'><strong>intercessio</strong></span> <span class='ocrx_word' id='word_1_23' title='bbox 557 612 613 674; x_wconf 94' lang='lat'><strong>1.</strong></span> <span class='ocrx_word' id='word_1_24' title='bbox 631 609 906 676; x_wconf 76' lang='lat' dir='ltr'><strong>lohann.</strong></span> <span class='ocrx_word' id='word_1_25' title='bbox 935 611 994 674; x_wconf 87' lang='lat'><strong>2.</strong></span> <span class='ocrx_word' id='word_1_26' title='bbox 1019 631 1176 676; x_wconf 82' lang='lat' dir='ltr'><strong>vers.</strong></span> <span class='ocrx_word' id='word_1_27' title='bbox 1206 611 1262 674; x_wconf 93' lang='grc'><strong>1.</strong></span> <span class='ocrx_word' id='word_1_28' title='bbox 1293 611 1354 674; x_wconf 89' lang='grc'><strong>2.</strong></span> <span class='ocrx_word' id='word_1_29' title='bbox 1381 610 1595 676; x_wconf 84' lang='grc'>001101.</span> <span class='ocrx_word' id='word_1_30' title='bbox 1629 633 1772 675; x_wconf 84' lang='grc'>011111</span> <span class='ocrx_word' id='word_1_31' title='bbox 1799 610 1859 674; x_wconf 89' lang='grc'><strong>1.</strong></span> <span class='ocrx_word' id='word_1_32' title='bbox 1903 610 2166 677; x_wconf 78' lang='lat' dir='ltr'><strong>Timoth.</strong></span> <span class='ocrx_word' id='word_1_33' title='bbox 2195 611 2255 675; x_wconf 88' lang='grc'><strong>2.</strong></span> <span class='ocrx_word' id='word_1_34' title='bbox 2284 611 2344 674; x_wconf 89' lang='grc'><strong>5.</strong></span> <span class='ocrx_word' id='word_1_35' title='bbox 2367 612 2579 678; x_wconf 82' lang='lat' dir='ltr'><strong><em>Minor</em></strong></span> <span class='ocrx_word' id='word_1_36' title='bbox 2594 612 2919 695; x_wconf 77' lang='lat' dir='ltr'><strong>probatur,</strong></span> <span class='ocrx_word' id='word_1_37' title='bbox 2944 614 3096 698; x_wconf 91' lang='lat' dir='ltr'><strong>quia</strong></span> 
     </span>
     <span class='ocr_line' id='line_1_4' title="bbox 151 698 3096 786; baseline 0.002 -26"><span class='ocrx_word' id='word_1_38' title='bbox 151 719 342 763; x_wconf 89' lang='lat' dir='ltr'><strong>omne</strong></span> <span class='ocrx_word' id='word_1_39' title='bbox 364 698 598 764; x_wconf 89' lang='lat' dir='ltr'><strong>donum</strong></span> <span class='ocrx_word' id='word_1_40' title='bbox 623 701 668 765; x_wconf 72' lang='grc'><strong>81</strong></span> <span class='ocrx_word' id='word_1_41' title='bbox 690 699 930 763; x_wconf 83' lang='grc'>1101111111</span> <span class='ocrx_word' id='word_1_42' title='bbox 961 699 1254 782; x_wconf 82' lang='lat' dir='ltr'><strong>precibus</strong></span> <span class='ocrx_word' id='word_1_43' title='bbox 1279 699 1514 764; x_wconf 91' lang='lat' dir='ltr'><strong>nostris</strong></span> <span class='ocrx_word' id='word_1_44' title='bbox 1541 699 1877 783; x_wconf 79' lang='lat' dir='ltr'><strong>petimus&amp;</strong></span> <span class='ocrx_word' id='word_1_45' title='bbox 1893 703 2109 783; x_wconf 89' lang='lat' dir='ltr'><strong>petere</strong></span> <span class='ocrx_word' id='word_1_46' title='bbox 2136 699 2436 764; x_wconf 89' lang='lat' dir='ltr'><strong>debemus</strong></span> <span class='ocrx_word' id='word_1_47' title='bbox 2460 701 2527 764; x_wconf 89' lang='lat' dir='ltr'><strong>in</strong></span> <span class='ocrx_word' id='word_1_48' title='bbox 2542 701 2814 780; x_wconf 85' lang='lat' dir='ltr'><strong>Christe,</strong></span> <span class='ocrx_word' id='word_1_49' title='bbox 2836 707 3096 786; x_wconf 87' lang='lat' dir='ltr'><strong>propter</strong></span> 
     </span>
     <span class='ocr_line' id='line_1_5' title="bbox 151 785 3097 873; baseline 0.002 -23"><span class='ocrx_word' id='word_1_50' title='bbox 151 785 506 866; x_wconf 78' lang='lat' dir='ltr'><strong>Christum,</strong></span> <span class='ocrx_word' id='word_1_51' title='bbox 552 788 620 852; x_wconf 90' lang='lat' dir='ltr'><strong>in</strong></span> <span class='ocrx_word' id='word_1_52' title='bbox 666 787 924 852; x_wconf 87' lang='lat' dir='ltr'><strong>nomine</strong></span> <span class='ocrx_word' id='word_1_53' title='bbox 970 786 1234 870; x_wconf 87' lang='lat' dir='ltr'><strong>Christi,</strong></span> <span class='ocrx_word' id='word_1_54' title='bbox 1278 809 1394 871; x_wconf 88' lang='lat' dir='ltr'><strong>per</strong></span> <span class='ocrx_word' id='word_1_55' title='bbox 1439 787 1954 852; x_wconf 71' lang='lat' dir='ltr'><strong>intercessionem</strong></span> <span class='ocrx_word' id='word_1_56' title='bbox 1990 789 2036 854; x_wconf 74' lang='grc'><strong>81</strong></span> <span class='ocrx_word' id='word_1_57' title='bbox 2082 788 2529 854; x_wconf 70' lang='lat' dir='ltr'><strong>mediationem</strong></span> <span class='ocrx_word' id='word_1_58' title='bbox 2566 789 2826 854; x_wconf 85' lang='lat' dir='ltr'><strong>Christi.</strong></span> <span class='ocrx_word' id='word_1_59' title='bbox 2858 793 3097 873; x_wconf 79' lang='lat' dir='ltr'><strong>Quarto</strong></span> 
     </span>
     <span class='ocr_line' id='line_1_6' title="bbox 150 875 3093 960; baseline 0.002 -21"><span class='ocrx_word' id='word_1_60' title='bbox 150 875 484 958; x_wconf 78' lang='lat' dir='ltr'><strong>probatur,</strong></span> <span class='ocrx_word' id='word_1_61' title='bbox 535 876 686 960; x_wconf 90' lang='lat' dir='ltr'><strong>quia</strong></span> <span class='ocrx_word' id='word_1_62' title='bbox 733 875 1020 941; x_wconf 81' lang='lat' dir='ltr'><strong>Ecclesia</strong></span> <span class='ocrx_word' id='word_1_63' title='bbox 1065 879 1208 940; x_wconf 88' lang='lat' dir='ltr'><strong>orat</strong></span> <span class='ocrx_word' id='word_1_64' title='bbox 1244 898 1362 960; x_wconf 89' lang='lat' dir='ltr'><strong>pro</strong></span> <span class='ocrx_word' id='word_1_65' title='bbox 1399 876 1806 941; x_wconf 81' lang='lat' dir='ltr'><strong>conversione</strong></span> <span class='ocrx_word' id='word_1_66' title='bbox 1839 876 2216 956; x_wconf 90' lang='lat' dir='ltr'><strong>infidelium,</strong></span> <span class='ocrx_word' id='word_1_67' title='bbox 2242 878 2289 943; x_wconf 76' lang='grc'><strong>81</strong></span> <span class='ocrx_word' id='word_1_68' title='bbox 2312 877 2789 942; x_wconf 87' lang='lat' dir='ltr'><strong>confirmatione</strong></span> <span class='ocrx_word' id='word_1_69' title='bbox 2814 879 3093 944; x_wconf 89' lang='lat' dir='ltr'><strong>fidelium</strong></span> 
     </span>
     <span class='ocr_line' id='line_1_7' title="bbox 151 964 3097 1051; baseline 0.002 -24"><span class='ocrx_word' id='word_1_70' title='bbox 151 965 281 1050; x_wconf 87' lang='lat' dir='ltr'><strong>(uti</strong></span> <span class='ocrx_word' id='word_1_71' title='bbox 327 965 724 1050; x_wconf 64' lang='lat' dir='ltr'><strong>Aaou-Stiuas</strong></span> <span class='ocrx_word' id='word_1_72' title='bbox 747 964 994 1049; x_wconf 86' lang='lat' dir='ltr'><strong>gratiae</strong></span> <span class='ocrx_word' id='word_1_73' title='bbox 1026 964 1470 1030; x_wconf 86' lang='lat' dir='ltr'><strong>necessitatem</strong></span> <span class='ocrx_word' id='word_1_74' title='bbox 1503 965 1584 1029; x_wconf 84' lang='lat' dir='ltr'><strong>ab</strong></span> <span class='ocrx_word' id='word_1_75' title='bbox 1611 965 1907 1029; x_wconf 69' lang='lat' dir='ltr'><strong>universe</strong></span> <span class='ocrx_word' id='word_1_76' title='bbox 1929 964 2217 1030; x_wconf 76' lang='lat' dir='ltr'><strong>Ecclesia</strong></span> <span class='ocrx_word' id='word_1_77' title='bbox 2246 965 2552 1030; x_wconf 80' lang='lat' dir='ltr'><strong>creditam</strong></span> <span class='ocrx_word' id='word_1_78' title='bbox 2576 967 2697 1032; x_wconf 90' lang='lat' dir='ltr'><strong>hoc</strong></span> <span class='ocrx_word' id='word_1_79' title='bbox 2720 973 3097 1051; x_wconf 88' lang='lat' dir='ltr'><strong>argumento</strong></span> 
     </span>
     <span class='ocr_line' id='line_1_8' title="bbox 149 1051 3097 1138; baseline 0.002 -22"><span class='ocrx_word' id='word_1_80' title='bbox 149 1053 429 1136; x_wconf 83' lang='lat' dir='ltr'><strong>probat,)</strong></span> <span class='ocrx_word' id='word_1_81' title='bbox 455 1054 661 1117; x_wconf 73' lang='lat' dir='ltr'><strong>danda</strong></span> <span class='ocrx_word' id='word_1_82' title='bbox 684 1053 818 1118; x_wconf 90' lang='lat' dir='ltr'><strong>scil.</strong></span> <span class='ocrx_word' id='word_1_83' title='bbox 846 1057 884 1116; x_wconf 77' lang='lat' dir='ltr'><strong>e</strong></span> <span class='ocrx_word' id='word_1_84' title='bbox 907 1051 1043 1118; x_wconf 90' lang='lat' dir='ltr'><strong>Deo</strong></span> <span class='ocrx_word' id='word_1_85' title='bbox 1067 1075 1180 1136; x_wconf 88' lang='lat' dir='ltr'><strong>per</strong></span> <span class='ocrx_word' id='word_1_86' title='bbox 1203 1055 1250 1119; x_wconf 79' lang='grc'><strong>81</strong></span> <span class='ocrx_word' id='word_1_87' title='bbox 1274 1058 1532 1136; x_wconf 89' lang='lat' dir='ltr'><strong>propter</strong></span> <span class='ocrx_word' id='word_1_88' title='bbox 1556 1052 1884 1118; x_wconf 84' lang='lat' dir='ltr'><strong>Christum</strong></span> <span class='ocrx_word' id='word_1_89' title='bbox 1908 1053 2129 1136; x_wconf 81' lang='lat' dir='ltr'><strong>Ephes.</strong></span> <span class='ocrx_word' id='word_1_90' title='bbox 2162 1054 2218 1117; x_wconf 90' lang='lat'><strong>1.</strong></span> <span class='ocrx_word' id='word_1_91' title='bbox 2252 1055 2476 1138; x_wconf 70' lang='lat' dir='ltr'><strong>Philip.</strong></span> <span class='ocrx_word' id='word_1_92' title='bbox 2509 1057 2563 1120; x_wconf 93' lang='lat'><strong>1.</strong></span> <span class='ocrx_word' id='word_1_93' title='bbox 2590 1075 2743 1121; x_wconf 71' lang='lat' dir='ltr'><strong>vere.</strong></span> <span class='ocrx_word' id='word_1_94' title='bbox 2772 1056 2833 1121; x_wconf 87' lang='grc'><strong>2.</strong></span> <span class='ocrx_word' id='word_1_95' title='bbox 2862 1056 2923 1120; x_wconf 89' lang='grc'><strong>3.</strong></span> <span class='ocrx_word' id='word_1_96' title='bbox 2949 1058 3011 1122; x_wconf 88' lang='grc'><strong>4.</strong></span> <span class='ocrx_word' id='word_1_97' title='bbox 3035 1057 3097 1122; x_wconf 85' lang='grc'><strong>5.</strong></span> 
     </span>
     <span class='ocr_line' id='line_1_9' title="bbox 149 1139 3099 1228; baseline 0.002 -24"><span class='ocrx_word' id='word_1_98' title='bbox 149 1141 211 1205; x_wconf 91' lang='grc'><strong>6.</strong></span> <span class='ocrx_word' id='word_1_99' title='bbox 263 1141 444 1226; x_wconf 83' lang='lat' dir='ltr'><strong>Ergo</strong></span> <span class='ocrx_word' id='word_1_100' title='bbox 497 1141 810 1220; x_wconf 79' lang='lat' dir='ltr'><strong>ChristuS,</strong></span> <span class='ocrx_word' id='word_1_101' title='bbox 857 1141 1275 1226; x_wconf 88' lang='lat' dir='ltr'><strong>quodcunque</strong></span> <span class='ocrx_word' id='word_1_102' title='bbox 1319 1139 1590 1206; x_wconf 89' lang='lat' dir='ltr'><strong>istorum</strong></span> <span class='ocrx_word' id='word_1_103' title='bbox 1621 1142 1829 1220; x_wconf 88' lang='lat' dir='ltr'><strong>datur,</strong></span> <span class='ocrx_word' id='word_1_104' title='bbox 1856 1142 2121 1206; x_wconf 90' lang='lat' dir='ltr'><strong>meritus</strong></span> <span class='ocrx_word' id='word_1_105' title='bbox 2146 1146 2264 1208; x_wconf 88' lang='lat' dir='ltr'><strong>est.</strong></span> <span class='ocrx_word' id='word_1_106' title='bbox 2294 1143 2529 1224; x_wconf 76' lang='lat' dir='ltr'><strong>Quinto</strong></span> <span class='ocrx_word' id='word_1_107' title='bbox 2556 1144 2885 1228; x_wconf 89' lang='lat' dir='ltr'><strong>probatur.</strong></span> <span class='ocrx_word' id='word_1_108' title='bbox 2934 1144 3099 1220; x_wconf 79' lang='lat' dir='ltr'><strong>Quia</strong></span> 
     </span>
     <span class='ocr_line' id='line_1_10' title="bbox 147 1229 3098 1318; baseline 0.001 -25"><span class='ocrx_word' id='word_1_109' title='bbox 147 1230 374 1294; x_wconf 88' lang='lat' dir='ltr'><strong>fideles</strong></span> <span class='ocrx_word' id='word_1_110' title='bbox 397 1252 616 1314; x_wconf 80' lang='lat' dir='ltr'><strong>ornnes</strong></span> <span class='ocrx_word' id='word_1_111' title='bbox 640 1252 756 1314; x_wconf 89' lang='lat' dir='ltr'><strong>pro</strong></span> <span class='ocrx_word' id='word_1_112' title='bbox 789 1235 1164 1315; x_wconf 72' lang='lat' dir='ltr'><strong>quacunque</strong></span> <span class='ocrx_word' id='word_1_113' title='bbox 1190 1233 1392 1314; x_wconf 85' lang='lat' dir='ltr'><strong>parte,</strong></span> <span class='ocrx_word' id='word_1_114' title='bbox 1419 1230 1646 1314; x_wconf 86' lang='lat' dir='ltr'><strong>gradu,</strong></span> <span class='ocrx_word' id='word_1_115' title='bbox 1671 1233 1786 1294; x_wconf 90' lang='lat' dir='ltr'><strong>aut</strong></span> <span class='ocrx_word' id='word_1_116' title='bbox 1816 1235 2159 1309; x_wconf 89' lang='lat' dir='ltr'><strong>momento,</strong></span> <span class='ocrx_word' id='word_1_117' title='bbox 2185 1229 2370 1296; x_wconf 89' lang='lat' dir='ltr'><strong>istius</strong></span> <span class='ocrx_word' id='word_1_118' title='bbox 2396 1232 2646 1316; x_wconf 89' lang='lat' dir='ltr'><strong>gratiae</strong></span> <span class='ocrx_word' id='word_1_119' title='bbox 2672 1235 2709 1296; x_wconf 80' lang='lat' dir='ltr'><strong>e</strong></span> <span class='ocrx_word' id='word_1_120' title='bbox 2736 1232 2869 1296; x_wconf 90' lang='lat' dir='ltr'><strong>Deo</strong></span> <span class='ocrx_word' id='word_1_121' title='bbox 2893 1235 3098 1318; x_wconf 89' lang='lat' dir='ltr'><strong>gratis</strong></span> 
     </span>
     <span class='ocr_line' id='line_1_11' title="bbox 145 1316 3100 1405; baseline 0.001 -23"><span class='ocrx_word' id='word_1_122' title='bbox 145 1318 279 1383; x_wconf 88' lang='lat' dir='ltr'><strong>sibi</strong></span> <span class='ocrx_word' id='word_1_123' title='bbox 311 1324 428 1386; x_wconf 90' lang='lat' dir='ltr'><strong>aut</strong></span> <span class='ocrx_word' id='word_1_124' title='bbox 449 1318 594 1383; x_wconf 88' lang='lat' dir='ltr'><strong>aliis</strong></span> <span class='ocrx_word' id='word_1_125' title='bbox 619 1320 890 1384; x_wconf 87' lang='lat' dir='ltr'><strong>collatae</strong></span> <span class='ocrx_word' id='word_1_126' title='bbox 920 1319 1166 1402; x_wconf 84' lang='lat' dir='ltr'><strong>gratias</strong></span> <span class='ocrx_word' id='word_1_127' title='bbox 1189 1323 1414 1402; x_wconf 84' lang='lat' dir='ltr'><strong>agunt,</strong></span> <span class='ocrx_word' id='word_1_128' title='bbox 1442 1322 1734 1401; x_wconf 89' lang='lat' dir='ltr'><strong>respectu</strong></span> <span class='ocrx_word' id='word_1_129' title='bbox 1758 1316 1998 1382; x_wconf 85' lang='lat' dir='ltr'><strong>Christi</strong></span> <span class='ocrx_word' id='word_1_130' title='bbox 2022 1317 2413 1398; x_wconf 86' lang='lat' dir='ltr'><strong>Mediatoris,</strong></span> <span class='ocrx_word' id='word_1_131' title='bbox 2440 1325 2701 1405; x_wconf 86' lang='lat' dir='ltr'><strong>propter</strong></span> <span class='ocrx_word' id='word_1_132' title='bbox 2724 1343 2915 1405; x_wconf 90' lang='lat' dir='ltr'><strong>quem</strong></span> <span class='ocrx_word' id='word_1_133' title='bbox 2938 1321 3100 1386; x_wconf 90' lang='lat' dir='ltr'><strong>illud</strong></span> 
     </span>
     <span class='ocr_line' id='line_1_12' title="bbox 145 1406 3097 1493; baseline 0.001 -21"><span class='ocrx_word' id='word_1_134' title='bbox 145 1407 436 1492; x_wconf 85' lang='lat' dir='ltr'><strong>gratiose</strong></span> <span class='ocrx_word' id='word_1_135' title='bbox 467 1407 826 1472; x_wconf 89' lang='lat' dir='ltr'><strong>contulerit.</strong></span> <span class='ocrx_word' id='word_1_136' title='bbox 859 1407 1080 1491; x_wconf 74' lang='lat' dir='ltr'><strong>Ephes.</strong></span> <span class='ocrx_word' id='word_1_137' title='bbox 1111 1406 1168 1470; x_wconf 95' lang='grc'><strong>1.</strong></span> <span class='ocrx_word' id='word_1_138' title='bbox 1204 1408 1266 1472; x_wconf 86' lang='grc'><strong>3.</strong></span> <span class='ocrx_word' id='word_1_139' title='bbox 1299 1409 1400 1472; x_wconf 75' lang='grc'>810.</span> <span class='ocrx_word' id='word_1_140' title='bbox 1426 1408 1710 1493; x_wconf 79' lang='lat' dir='ltr'><strong>Denique</strong></span> <span class='ocrx_word' id='word_1_141' title='bbox 1731 1407 1972 1472; x_wconf 86' lang='lat' dir='ltr'><strong>accedit</strong></span> <span class='ocrx_word' id='word_1_142' title='bbox 1994 1429 2355 1474; x_wconf 88' lang='lat' dir='ltr'><strong>consensus.</strong></span> <span class='ocrx_word' id='word_1_143' title='bbox 2392 1407 2555 1473; x_wconf 86' lang='lat' dir='ltr'><strong>Vide</strong></span> <span class='ocrx_word' id='word_1_144' title='bbox 2579 1411 2627 1476; x_wconf 76' lang='lat'>&amp;</span> <span class='ocrx_word' id='word_1_145' title='bbox 2657 1409 2876 1475; x_wconf 88' lang='lat' dir='ltr'><strong>confer</strong></span> <span class='ocrx_word' id='word_1_146' title='bbox 2895 1412 3097 1476; x_wconf 78' lang='lat' dir='ltr'><strong>Anta-</strong></span> 
     </span>
     <span class='ocr_line' id='line_1_13' title="bbox 144 1495 3095 1584; baseline 0 -21"><span class='ocrx_word' id='word_1_147' title='bbox 144 1496 430 1580; x_wconf 75' lang='lat' dir='ltr'><strong>9onistas</strong></span> <span class='ocrx_word' id='word_1_148' title='bbox 477 1497 1056 1563; x_wconf 76' lang='lat' dir='ltr'><strong>Remomtrantium</strong></span> <span class='ocrx_word' id='word_1_149' title='bbox 1107 1496 1195 1560; x_wconf 86' lang='lat' dir='ltr'><strong>ad</strong></span> <span class='ocrx_word' id='word_1_150' title='bbox 1243 1497 1302 1559; x_wconf 87' lang='lat'><strong>2.</strong></span> <span class='ocrx_word' id='word_1_151' title='bbox 1327 1497 1694 1575; x_wconf 78' lang='lat' dir='ltr'><strong>articulum,</strong></span> <span class='ocrx_word' id='word_1_152' title='bbox 1719 1495 2039 1580; x_wconf 86' lang='lat' dir='ltr'><strong>imprimis</strong></span> <span class='ocrx_word' id='word_1_153' title='bbox 2064 1497 2395 1563; x_wconf 79' lang='lat' dir='ltr'><strong>Amesium</strong></span> <span class='ocrx_word' id='word_1_154' title='bbox 2420 1498 2492 1562; x_wconf 80' lang='lat' dir='ltr'><strong>in</strong></span> <span class='ocrx_word' id='word_1_155' title='bbox 2514 1499 2889 1584; x_wconf 73' lang='lat' dir='ltr'><strong>refutatione</strong></span> <span class='ocrx_word' id='word_1_156' title='bbox 2912 1501 3095 1564; x_wconf 79' lang='lat' dir='ltr'><strong>Anti-</strong></span> 
     </span>
     <span class='ocr_line' id='line_1_14' title="bbox 143 1583 3093 1674; baseline 0.002 -25"><span class='ocrx_word' id='word_1_157' title='bbox 143 1586 557 1670; x_wconf 77' lang='lat' dir='ltr'><strong>synodalium</strong></span> <span class='ocrx_word' id='word_1_158' title='bbox 572 1609 598 1661; x_wconf 90' lang='lat'><em>;</em></span> <span class='ocrx_word' id='word_1_159' title='bbox 619 1607 698 1649; x_wconf 79' lang='lat' dir='ltr'><strong>ex</strong></span> <span class='ocrx_word' id='word_1_160' title='bbox 719 1584 1070 1650; x_wconf 89' lang='lat' dir='ltr'><strong>Pontificiis</strong></span> <span class='ocrx_word' id='word_1_161' title='bbox 1095 1584 1417 1650; x_wconf 80' lang='lat' dir='ltr'><strong>Benacum</strong></span> <span class='ocrx_word' id='word_1_162' title='bbox 1435 1596 1601 1668; x_wconf 78' lang='lat' dir='ltr'><strong>part.</strong></span> <span class='ocrx_word' id='word_1_163' title='bbox 1629 1585 1687 1648; x_wconf 87' lang='lat'><strong>3.</strong></span> <span class='ocrx_word' id='word_1_164' title='bbox 1726 1584 1927 1650; x_wconf 81' lang='lat' dir='ltr'><strong>Theol.</strong></span> <span class='ocrx_word' id='word_1_165' title='bbox 1952 1583 2248 1651; x_wconf 73' lang='lat' dir='ltr'><strong>Scholast.</strong></span> <span class='ocrx_word' id='word_1_166' title='bbox 2278 1597 2452 1651; x_wconf 75' lang='lat' dir='ltr'><strong>tract.</strong></span> <span class='ocrx_word' id='word_1_167' title='bbox 2486 1588 2541 1650; x_wconf 91' lang='lat'><strong>1.</strong></span> <span class='ocrx_word' id='word_1_168' title='bbox 2568 1608 2704 1672; x_wconf 81' lang='lat' dir='ltr'><strong>cap.</strong></span> <span class='ocrx_word' id='word_1_169' title='bbox 2737 1588 2840 1654; x_wconf 88' lang='grc'><strong>14.</strong></span> <span class='ocrx_word' id='word_1_170' title='bbox 2858 1601 3093 1674; x_wconf 74' lang='lat' dir='ltr'><strong>quaest.</strong></span> 
     </span>
     <span class='ocr_line' id='line_1_15' title="bbox 153 1671 3095 1760; baseline 0.002 -23"><span class='ocrx_word' id='word_1_171' title='bbox 153 1676 228 1737; x_wconf 89' lang='lat'><strong>11</strong></span> <span class='ocrx_word' id='word_1_172' title='bbox 244 1723 260 1738; x_wconf 93' lang='lat'><strong>.</strong></span> <span class='ocrx_word' id='word_1_173' title='bbox 283 1672 370 1739; x_wconf 91' lang='lat' dir='ltr'><strong>V.</strong></span> <span class='ocrx_word' id='word_1_174' title='bbox 397 1674 609 1740; x_wconf 70' lang='lat' dir='ltr'><strong>Probe.</strong></span> <span class='ocrx_word' id='word_1_175' title='bbox 657 1671 762 1738; x_wconf 92' lang='lat' dir='ltr'><strong>An</strong></span> <span class='ocrx_word' id='word_1_176' title='bbox 789 1673 1005 1739; x_wconf 89' lang='lat' dir='ltr'><strong>electis</strong></span> <span class='ocrx_word' id='word_1_177' title='bbox 1030 1673 1413 1757; x_wconf 88' lang='lat' dir='ltr'><strong>quibusdam</strong></span> <span class='ocrx_word' id='word_1_178' title='bbox 1437 1673 1620 1758; x_wconf 90' lang='lat' dir='ltr'><strong>[pag.</strong></span> <span class='ocrx_word' id='word_1_179' title='bbox 1656 1673 1822 1758; x_wconf 87' lang='grc'>270]</span> <span class='ocrx_word' id='word_1_180' title='bbox 1847 1673 2156 1738; x_wconf 90' lang='lat' dir='ltr'><strong>meruerit</strong></span> <span class='ocrx_word' id='word_1_181' title='bbox 2186 1696 2315 1739; x_wconf 91' lang='lat' dir='ltr'><strong>non</strong></span> <span class='ocrx_word' id='word_1_182' title='bbox 2338 1678 2591 1740; x_wconf 86' lang='lat' dir='ltr'><strong>tantum</strong></span> <span class='ocrx_word' id='word_1_183' title='bbox 2616 1677 2894 1760; x_wconf 81' lang='lat' dir='ltr'><strong>gratiam</strong></span> <span class='ocrx_word' id='word_1_184' title='bbox 2920 1678 3095 1742; x_wconf 90' lang='lat' dir='ltr'><strong>salu-</strong></span> 
     </span>
     <span class='ocr_line' id='line_1_16' title="bbox 145 1761 3097 1850; baseline 0.001 -24"><span class='ocrx_word' id='word_1_185' title='bbox 145 1766 382 1842; x_wconf 89' lang='lat' dir='ltr'><strong>tarem,</strong></span> <span class='ocrx_word' id='word_1_186' title='bbox 429 1763 539 1827; x_wconf 87' lang='lat' dir='ltr'><strong>sed</strong></span> <span class='ocrx_word' id='word_1_187' title='bbox 585 1765 632 1829; x_wconf 79' lang='grc'><strong>81</strong></span> <span class='ocrx_word' id='word_1_188' title='bbox 676 1763 948 1847; x_wconf 87' lang='lat' dir='ltr'><strong>gradum</strong></span> <span class='ocrx_word' id='word_1_189' title='bbox 994 1762 1242 1848; x_wconf 89' lang='lat' dir='ltr'><strong>gratiae</strong></span> <span class='ocrx_word' id='word_1_190' title='bbox 1290 1784 1364 1826; x_wconf 90' lang='lat' dir='ltr'><strong>ac</strong></span> <span class='ocrx_word' id='word_1_191' title='bbox 1407 1762 1665 1826; x_wconf 90' lang='lat' dir='ltr'><strong>modum</strong></span> <span class='ocrx_word' id='word_1_192' title='bbox 1689 1761 2097 1846; x_wconf 88' lang='lat' dir='ltr'><strong>peculiarem,</strong></span> <span class='ocrx_word' id='word_1_193' title='bbox 2127 1784 2315 1846; x_wconf 92' lang='lat' dir='ltr'><strong>quem</strong></span> <span class='ocrx_word' id='word_1_194' title='bbox 2341 1764 2509 1828; x_wconf 88' lang='lat' dir='ltr'><strong>nacti</strong></span> <span class='ocrx_word' id='word_1_195' title='bbox 2544 1769 2693 1829; x_wconf 90' lang='lat' dir='ltr'><strong>sunt</strong></span> <span class='ocrx_word' id='word_1_196' title='bbox 2716 1787 2910 1850; x_wconf 86' lang='lat' dir='ltr'><strong>supra</strong></span> <span class='ocrx_word' id='word_1_197' title='bbox 2935 1766 3097 1831; x_wconf 88' lang='grc'>01103</span> 
     </span>
     <span class='ocr_line' id='line_1_17' title="bbox 148 1849 3096 1938; baseline 0.001 -23"><span class='ocrx_word' id='word_1_198' title='bbox 148 1851 373 1916; x_wconf 88' lang='lat' dir='ltr'><strong>fideles</strong></span> <span class='ocrx_word' id='word_1_199' title='bbox 391 1854 422 1916; x_wconf 74' lang='grc' dir='ltr'>Ρ</span> <span class='ocrx_word' id='word_1_200' title='bbox 447 1853 631 1936; x_wconf 76' lang='lat' dir='ltr'><strong>Resp.</strong></span> <span class='ocrx_word' id='word_1_201' title='bbox 655 1853 703 1916; x_wconf 84' lang='lat' dir='ltr'><strong><em>A</em></strong></span> <span class='ocrx_word' id='word_1_202' title='bbox 710 1855 784 1938; x_wconf 80' lang='grc'><strong>[1.</strong></span> <span class='ocrx_word' id='word_1_203' title='bbox 812 1852 978 1933; x_wconf 79' lang='lat' dir='ltr'><strong>Quia</strong></span> <span class='ocrx_word' id='word_1_204' title='bbox 999 1851 1173 1915; x_wconf 90' lang='lat' dir='ltr'><strong>valet</strong></span> <span class='ocrx_word' id='word_1_205' title='bbox 1195 1850 1302 1915; x_wconf 90' lang='lat' dir='ltr'><strong>hic</strong></span> <span class='ocrx_word' id='word_1_206' title='bbox 1331 1850 1684 1914; x_wconf 89' lang='lat' dir='ltr'><strong>communis</strong></span> <span class='ocrx_word' id='word_1_207' title='bbox 1709 1849 1937 1935; x_wconf 84' lang='lat' dir='ltr'><strong>regula</strong></span> <span class='ocrx_word' id='word_1_208' title='bbox 1966 1851 2024 1914; x_wconf 94' lang='lat'><strong>1.</strong></span> <span class='ocrx_word' id='word_1_209' title='bbox 2060 1851 2339 1918; x_wconf 76' lang='lat' dir='ltr'><strong>Corinth.</strong></span> <span class='ocrx_word' id='word_1_210' title='bbox 2365 1853 2427 1916; x_wconf 88' lang='grc'><strong>4.</strong></span> <span class='ocrx_word' id='word_1_211' title='bbox 2459 1873 2618 1920; x_wconf 72' lang='lat' dir='ltr'><strong>vers.</strong></span> <span class='ocrx_word' id='word_1_212' title='bbox 2650 1854 2708 1918; x_wconf 87' lang='lat'><strong>7.</strong></span> <span class='ocrx_word' id='word_1_213' title='bbox 2737 1854 2912 1921; x_wconf 76' lang='lat' dir='ltr'><strong>Psal.</strong></span> <span class='ocrx_word' id='word_1_214' title='bbox 2952 1857 3096 1921; x_wconf 80' lang='lat'><strong>115.</strong></span> 
     </span>
     <span class='ocr_line' id='line_1_18' title="bbox 152 1938 3095 2027; baseline 0.002 -24"><span class='ocrx_word' id='word_1_215' title='bbox 152 1940 210 2003; x_wconf 92' lang='lat'><strong>1.</strong></span> <span class='ocrx_word' id='word_1_216' title='bbox 261 1941 537 2008; x_wconf 83' lang='lat' dir='ltr'><strong>Roman.</strong></span> <span class='ocrx_word' id='word_1_217' title='bbox 567 1941 668 2004; x_wconf 85' lang='lat'><strong>12.</strong></span> <span class='ocrx_word' id='word_1_218' title='bbox 695 1942 758 2004; x_wconf 87' lang='lat'><strong>3.</strong></span> <span class='ocrx_word' id='word_1_219' title='bbox 790 1940 1006 2006; x_wconf 78' lang='lat' dir='ltr'><strong>Jacobi</strong></span> <span class='ocrx_word' id='word_1_220' title='bbox 1040 1940 1097 2003; x_wconf 91' lang='lat'><strong>1.</strong></span> <span class='ocrx_word' id='word_1_221' title='bbox 1123 1960 1280 2004; x_wconf 80' lang='lat' dir='ltr'><strong>vers.</strong></span> <span class='ocrx_word' id='word_1_222' title='bbox 1309 1938 1410 2002; x_wconf 88' lang='lat'><strong>16.</strong></span> <span class='ocrx_word' id='word_1_223' title='bbox 1443 1938 1545 2002; x_wconf 86' lang='lat'><strong>17.</strong></span> <span class='ocrx_word' id='word_1_224' title='bbox 1593 1939 1774 2015; x_wconf 83' lang='lat' dir='ltr'><strong>Quod</strong></span> <span class='ocrx_word' id='word_1_225' title='bbox 1805 1939 1861 2003; x_wconf 90' lang='lat' dir='ltr'><strong>si</strong></span> <span class='ocrx_word' id='word_1_226' title='bbox 1886 1960 2041 2024; x_wconf 90' lang='lat' dir='ltr'><strong>ergo</strong></span> <span class='ocrx_word' id='word_1_227' title='bbox 2074 1939 2313 2004; x_wconf 90' lang='lat' dir='ltr'><strong>bonum</strong></span> <span class='ocrx_word' id='word_1_228' title='bbox 2338 1941 2385 2005; x_wconf 80' lang='grc'><strong>81</strong></span> <span class='ocrx_word' id='word_1_229' title='bbox 2418 1940 2653 2007; x_wconf 92' lang='lat' dir='ltr'><strong>donum</strong></span> <span class='ocrx_word' id='word_1_230' title='bbox 2678 1943 3095 2027; x_wconf 90' lang='lat' dir='ltr'><strong>quodcunque</strong></span> 
     </span>
     <span class='ocr_line' id='line_1_19' title="bbox 148 2027 3091 2114; baseline 0.001 -22"><span class='ocrx_word' id='word_1_231' title='bbox 148 2029 403 2114; x_wconf 86' lang='lat' dir='ltr'><strong>gratiae</strong></span> <span class='ocrx_word' id='word_1_232' title='bbox 448 2027 569 2093; x_wconf 92' lang='lat' dir='ltr'><strong>Dei</strong></span> <span class='ocrx_word' id='word_1_233' title='bbox 615 2032 946 2112; x_wconf 89' lang='lat' dir='ltr'><strong>acceptum</strong></span> <span class='ocrx_word' id='word_1_234' title='bbox 991 2027 1324 2094; x_wconf 88' lang='lat' dir='ltr'><strong>ferendum</strong></span> <span class='ocrx_word' id='word_1_235' title='bbox 1379 2031 1496 2106; x_wconf 89' lang='lat' dir='ltr'><strong>est,</strong></span> <span class='ocrx_word' id='word_1_236' title='bbox 1549 2029 1837 2112; x_wconf 88' lang='lat' dir='ltr'><strong>sequitur</strong></span> <span class='ocrx_word' id='word_1_237' title='bbox 1870 2028 2065 2092; x_wconf 87' lang='lat' dir='ltr'><strong>etiam</strong></span> <span class='ocrx_word' id='word_1_238' title='bbox 2095 2029 2537 2094; x_wconf 82' lang='lat' dir='ltr'><strong>excellentiam</strong></span> <span class='ocrx_word' id='word_1_239' title='bbox 2562 2032 2607 2096; x_wconf 71' lang='grc'><strong>81</strong></span> <span class='ocrx_word' id='word_1_240' title='bbox 2632 2030 3091 2096; x_wconf 85' lang='lat' dir='ltr'><strong>abundantiam</strong></span> 
     </span>
     <span class='ocr_line' id='line_1_20' title="bbox 151 2116 3094 2203; baseline 0.001 -22"><span class='ocrx_word' id='word_1_241' title='bbox 151 2117 465 2182; x_wconf 91' lang='lat' dir='ltr'><strong>donorum</strong></span> <span class='ocrx_word' id='word_1_242' title='bbox 491 2121 528 2181; x_wconf 78' lang='lat' dir='ltr'><strong>e</strong></span> <span class='ocrx_word' id='word_1_243' title='bbox 556 2117 679 2182; x_wconf 92' lang='lat' dir='ltr'><strong>Dei</strong></span> <span class='ocrx_word' id='word_1_244' title='bbox 710 2117 914 2182; x_wconf 88' lang='lat' dir='ltr'><strong>libera</strong></span> <span class='ocrx_word' id='word_1_245' title='bbox 937 2117 1150 2202; x_wconf 85' lang='lat' dir='ltr'><strong>gratia</strong></span> <span class='ocrx_word' id='word_1_246' title='bbox 1173 2116 1285 2180; x_wconf 87' lang='lat' dir='ltr'><strong>uni</strong></span> <span class='ocrx_word' id='word_1_247' title='bbox 1307 2116 1517 2201; x_wconf 87' lang='lat' dir='ltr'><strong>magis</strong></span> <span class='ocrx_word' id='word_1_248' title='bbox 1541 2116 1835 2196; x_wconf 86' lang='lat' dir='ltr'><strong>conferri,</strong></span> <span class='ocrx_word' id='word_1_249' title='bbox 1862 2138 2057 2201; x_wconf 90' lang='lat' dir='ltr'><strong>quam</strong></span> <span class='ocrx_word' id='word_1_250' title='bbox 2083 2117 2289 2182; x_wconf 90' lang='lat' dir='ltr'><strong>alteri.</strong></span> <span class='ocrx_word' id='word_1_251' title='bbox 2340 2117 2541 2203; x_wconf 86' lang='lat' dir='ltr'><strong>Atqui</strong></span> <span class='ocrx_word' id='word_1_252' title='bbox 2564 2118 2685 2185; x_wconf 88' lang='lat' dir='ltr'><strong>hoc</strong></span> <span class='ocrx_word' id='word_1_253' title='bbox 2710 2141 2836 2184; x_wconf 92' lang='lat' dir='ltr'><strong>non</strong></span> <span class='ocrx_word' id='word_1_254' title='bbox 2862 2119 2947 2185; x_wconf 90' lang='lat' dir='ltr'><strong>sit</strong></span> <span class='ocrx_word' id='word_1_255' title='bbox 2972 2120 3094 2184; x_wconf 93' lang='lat' dir='ltr'><strong>nisi</strong></span> 
     </span>
     <span class='ocr_line' id='line_1_21' title="bbox 146 2204 3093 2291; baseline 0.001 -22"><span class='ocrx_word' id='word_1_256' title='bbox 146 2206 212 2270; x_wconf 93' lang='lat' dir='ltr'><strong>in</strong></span> <span class='ocrx_word' id='word_1_257' title='bbox 237 2204 499 2270; x_wconf 88' lang='lat' dir='ltr'><strong>Christo</strong></span> <span class='ocrx_word' id='word_1_258' title='bbox 524 2209 569 2273; x_wconf 80' lang='grc'><strong>81</strong></span> <span class='ocrx_word' id='word_1_259' title='bbox 593 2210 853 2290; x_wconf 86' lang='lat' dir='ltr'><strong>propter</strong></span> <span class='ocrx_word' id='word_1_260' title='bbox 875 2205 1202 2271; x_wconf 90' lang='lat' dir='ltr'><strong>Christum</strong></span> <span class='ocrx_word' id='word_1_261' title='bbox 1225 2205 1496 2270; x_wconf 80' lang='lat' dir='ltr'><strong>lohann.</strong></span> <span class='ocrx_word' id='word_1_262' title='bbox 1530 2206 1586 2269; x_wconf 93' lang='lat'><strong>1.</strong></span> <span class='ocrx_word' id='word_1_263' title='bbox 1618 2205 1724 2270; x_wconf 91' lang='grc'><strong>16.</strong></span> <span class='ocrx_word' id='word_1_264' title='bbox 1756 2204 1984 2273; x_wconf 76' lang='lat' dir='ltr'><strong>coloss.</strong></span> <span class='ocrx_word' id='word_1_265' title='bbox 2012 2207 2075 2278; x_wconf 87' lang='lat'><strong>3.</strong></span> <span class='ocrx_word' id='word_1_266' title='bbox 2108 2207 2211 2270; x_wconf 90' lang='grc'><strong>11.</strong></span> <span class='ocrx_word' id='word_1_267' title='bbox 2237 2207 2461 2291; x_wconf 63' lang='lat' dir='ltr'><strong>Ephe&amp;</strong></span> <span class='ocrx_word' id='word_1_268' title='bbox 2492 2210 2551 2273; x_wconf 92' lang='lat'><strong>1.</strong></span> <span class='ocrx_word' id='word_1_269' title='bbox 2577 2209 2637 2272; x_wconf 90' lang='lat'><strong>3.</strong></span> <span class='ocrx_word' id='word_1_270' title='bbox 2670 2205 2734 2274; x_wconf 64' lang='lat' dir='ltr'><strong>st*</strong></span> <span class='ocrx_word' id='word_1_271' title='bbox 2756 2209 2818 2272; x_wconf 87' lang='lat'><strong>4.</strong></span> <span class='ocrx_word' id='word_1_272' title='bbox 2843 2228 3001 2274; x_wconf 79' lang='lat' dir='ltr'><strong>vers.</strong></span> <span class='ocrx_word' id='word_1_273' title='bbox 3032 2209 3093 2273; x_wconf 85' lang='lat'><strong>7.</strong></span> 
     </span>
     <span class='ocr_line' id='line_1_22' title="bbox 150 2294 3097 2381; baseline 0 -20"><span class='ocrx_word' id='word_1_274' title='bbox 150 2295 422 2361; x_wconf 76' lang='lat' dir='ltr'><strong>Roman.</strong></span> <span class='ocrx_word' id='word_1_275' title='bbox 474 2296 534 2360; x_wconf 91' lang='lat'><strong>8.</strong></span> <span class='ocrx_word' id='word_1_276' title='bbox 570 2296 675 2358; x_wconf 88' lang='grc'><strong>32.</strong></span> <span class='ocrx_word' id='word_1_277' title='bbox 723 2295 920 2379; x_wconf 85' lang='lat' dir='ltr'><strong>Ergo.</strong></span> <span class='ocrx_word' id='word_1_278' title='bbox 977 2296 1038 2358; x_wconf 90' lang='grc'><strong>2.</strong></span> <span class='ocrx_word' id='word_1_279' title='bbox 1097 2294 1260 2373; x_wconf 78' lang='lat' dir='ltr'><strong>Quia</strong></span> <span class='ocrx_word' id='word_1_280' title='bbox 1306 2294 1664 2378; x_wconf 89' lang='lat' dir='ltr'><strong>adaequata</strong></span> <span class='ocrx_word' id='word_1_281' title='bbox 1715 2299 1867 2359; x_wconf 89' lang='lat' dir='ltr'><strong>sunt</strong></span> <span class='ocrx_word' id='word_1_282' title='bbox 1898 2297 1945 2361; x_wconf 78' lang='grc'><strong>81</strong></span> <span class='ocrx_word' id='word_1_283' title='bbox 1968 2297 2310 2378; x_wconf 88' lang='lat' dir='ltr'><strong>reciproca,</strong></span> <span class='ocrx_word' id='word_1_284' title='bbox 2336 2295 2565 2361; x_wconf 89' lang='lat' dir='ltr'><strong>salutis</strong></span> <span class='ocrx_word' id='word_1_285' title='bbox 2590 2297 2959 2381; x_wconf 79' lang='lat' dir='ltr'><strong>impetratio</strong></span> <span class='ocrx_word' id='word_1_286' title='bbox 2982 2320 3097 2381; x_wconf 89' lang='lat' dir='ltr'><strong>per</strong></span> 
     </span>
     <span class='ocr_line' id='line_1_23' title="bbox 151 2381 3093 2470; baseline 0.001 -22"><span class='ocrx_word' id='word_1_287' title='bbox 151 2381 484 2449; x_wconf 87' lang='lat' dir='ltr'><strong>Christum</strong></span> <span class='ocrx_word' id='word_1_288' title='bbox 529 2386 576 2451; x_wconf 80' lang='lat'><strong>&amp;</strong></span> <span class='ocrx_word' id='word_1_289' title='bbox 621 2383 901 2469; x_wconf 88' lang='lat' dir='ltr'><strong>ejusdem</strong></span> <span class='ocrx_word' id='word_1_290' title='bbox 927 2383 1270 2469; x_wconf 83' lang='lat' dir='ltr'><strong>applicatio</strong></span> <span class='ocrx_word' id='word_1_291' title='bbox 1295 2403 1406 2448; x_wconf 88' lang='lat' dir='ltr'><strong>seu</strong></span> <span class='ocrx_word' id='word_1_292' title='bbox 1432 2382 1723 2448; x_wconf 89' lang='lat' dir='ltr'><strong>collatio:</strong></span> <span class='ocrx_word' id='word_1_293' title='bbox 1757 2383 1856 2448; x_wconf 89' lang='lat' dir='ltr'><strong>uti</strong></span> <span class='ocrx_word' id='word_1_294' title='bbox 1879 2387 1917 2448; x_wconf 77' lang='lat' dir='ltr'><strong>e</strong></span> <span class='ocrx_word' id='word_1_295' title='bbox 1948 2385 2183 2450; x_wconf 90' lang='lat' dir='ltr'><strong>nostris</strong></span> <span class='ocrx_word' id='word_1_296' title='bbox 2211 2386 2507 2465; x_wconf 82' lang='lat' dir='ltr'><strong>Gomaro,</strong></span> <span class='ocrx_word' id='word_1_297' title='bbox 2532 2385 2797 2465; x_wconf 78' lang='lat' dir='ltr'><strong>AmesiO,</strong></span> <span class='ocrx_word' id='word_1_298' title='bbox 2823 2385 3093 2470; x_wconf 89' lang='lat' dir='ltr'><strong>aliisque</strong></span> 
     </span>
     <span class='ocr_line' id='line_1_24' title="bbox 145 2472 3092 2560; baseline 0 -21"><span class='ocrx_word' id='word_1_299' title='bbox 145 2473 531 2556; x_wconf 88' lang='lat' dir='ltr'><strong>peremtorie</strong></span> <span class='ocrx_word' id='word_1_300' title='bbox 563 2477 784 2538; x_wconf 87' lang='lat' dir='ltr'><strong>contra</strong></span> <span class='ocrx_word' id='word_1_301' title='bbox 807 2472 1332 2537; x_wconf 73' lang='lat' dir='ltr'><strong>Remonstrantes</strong></span> <span class='ocrx_word' id='word_1_302' title='bbox 1358 2472 1752 2555; x_wconf 87' lang='lat' dir='ltr'><strong>disputatum</strong></span> <span class='ocrx_word' id='word_1_303' title='bbox 1785 2477 1905 2538; x_wconf 88' lang='lat' dir='ltr'><strong>est.</strong></span> <span class='ocrx_word' id='word_1_304' title='bbox 1950 2472 1993 2537; x_wconf 87' lang='lat' dir='ltr'><strong>J</strong></span> <span class='ocrx_word' id='word_1_305' title='bbox 1997 2496 2103 2539; x_wconf 89' lang='lat' dir='ltr'><strong>am</strong></span> <span class='ocrx_word' id='word_1_306' title='bbox 2125 2478 2276 2538; x_wconf 77' lang='lat' dir='ltr'><strong>vere</strong></span> <span class='ocrx_word' id='word_1_307' title='bbox 2299 2474 2725 2559; x_wconf 84' lang='lat' dir='ltr'><strong>inaequaliter</strong></span> <span class='ocrx_word' id='word_1_308' title='bbox 2744 2476 2792 2541; x_wconf 73' lang='grc'><strong>81</strong></span> <span class='ocrx_word' id='word_1_309' title='bbox 2815 2475 3092 2560; x_wconf 80' lang='lat' dir='ltr'><strong>gratiam</strong></span> 
     </span>
     <span class='ocr_line' id='line_1_25' title="bbox 145 2559 3090 2647; baseline 0 -19"><span class='ocrx_word' id='word_1_310' title='bbox 145 2561 484 2647; x_wconf 79' lang='lat' dir='ltr'><strong>&amp;gloriam</strong></span> <span class='ocrx_word' id='word_1_311' title='bbox 497 2562 719 2626; x_wconf 89' lang='lat' dir='ltr'><strong>donari</strong></span> <span class='ocrx_word' id='word_1_312' title='bbox 735 2584 846 2627; x_wconf 89' lang='lat' dir='ltr'><strong>seu</strong></span> <span class='ocrx_word' id='word_1_313' title='bbox 870 2559 1586 2645; x_wconf 85' lang='lat' dir='ltr'><strong>applicari,inconfesso</strong></span> <span class='ocrx_word' id='word_1_314' title='bbox 1615 2566 1714 2625; x_wconf 90' lang='lat' dir='ltr'><strong>est</strong></span> <span class='ocrx_word' id='word_1_315' title='bbox 1744 2584 1822 2626; x_wconf 82' lang='lat' dir='ltr'><strong>ex</strong></span> <span class='ocrx_word' id='word_1_316' title='bbox 1854 2561 2198 2630; x_wconf 77' lang='lat' dir='ltr'><strong>1.Corimh.</strong></span> <span class='ocrx_word' id='word_1_317' title='bbox 2236 2569 2293 2630; x_wconf 82' lang='lat'><strong>7.</strong></span> <span class='ocrx_word' id='word_1_318' title='bbox 2316 2584 2456 2629; x_wconf 77' lang='lat' dir='ltr'><strong>vers</strong></span> <span class='ocrx_word' id='word_1_319' title='bbox 2484 2564 2545 2628; x_wconf 86' lang='lat'><strong>7.</strong></span> <span class='ocrx_word' id='word_1_320' title='bbox 2569 2585 2713 2628; x_wconf 88' lang='lat' dir='ltr'><strong>cum</strong></span> <span class='ocrx_word' id='word_1_321' title='bbox 2741 2565 2955 2629; x_wconf 64' lang='lat' dir='ltr'><strong>March.</strong></span> <span class='ocrx_word' id='word_1_322' title='bbox 2986 2565 3090 2629; x_wconf 88' lang='grc'><strong>19.</strong></span> 
     </span>
     <span class='ocr_line' id='line_1_26' title="bbox 155 2648 3085 2735; baseline 0.001 -22"><span class='ocrx_word' id='word_1_323' title='bbox 155 2652 258 2715; x_wconf 93' lang='grc'><strong>12.</strong></span> <span class='ocrx_word' id='word_1_324' title='bbox 311 2652 364 2717; x_wconf 67' lang='lat' dir='ltr'><strong>a</strong></span> <span class='ocrx_word' id='word_1_325' title='bbox 419 2652 479 2715; x_wconf 89' lang='lat'><strong>1.</strong></span> <span class='ocrx_word' id='word_1_326' title='bbox 539 2650 815 2716; x_wconf 76' lang='lat' dir='ltr'><strong>Corinth.</strong></span> <span class='ocrx_word' id='word_1_327' title='bbox 856 2652 956 2714; x_wconf 88' lang='lat'><strong>12.</strong></span> <span class='ocrx_word' id='word_1_328' title='bbox 987 2670 1148 2716; x_wconf 74' lang='lat' dir='ltr'><strong>vers.</strong></span> <span class='ocrx_word' id='word_1_329' title='bbox 1187 2650 1288 2713; x_wconf 91' lang='grc'><strong>11.</strong></span> <span class='ocrx_word' id='word_1_330' title='bbox 1317 2650 1542 2734; x_wconf 69' lang='lat' dir='ltr'><strong>Ephe-3.</strong></span> <span class='ocrx_word' id='word_1_331' title='bbox 1577 2651 1638 2715; x_wconf 87' lang='lat'><strong>4.</strong></span> <span class='ocrx_word' id='word_1_332' title='bbox 1676 2650 1734 2715; x_wconf 89' lang='grc'><strong>7.</strong></span> <span class='ocrx_word' id='word_1_333' title='bbox 1785 2648 1971 2715; x_wconf 88' lang='lat' dir='ltr'><strong>Unde</strong></span> <span class='ocrx_word' id='word_1_334' title='bbox 1994 2651 2287 2735; x_wconf 90' lang='lat' dir='ltr'><strong>sequitur</strong></span> <span class='ocrx_word' id='word_1_335' title='bbox 2317 2674 2458 2717; x_wconf 91' lang='lat' dir='ltr'><strong>eam</strong></span> <span class='ocrx_word' id='word_1_336' title='bbox 2488 2652 2913 2735; x_wconf 76' lang='lat' dir='ltr'><strong>inaequaliter</strong></span> <span class='ocrx_word' id='word_1_337' title='bbox 2934 2652 3085 2717; x_wconf 90' lang='lat' dir='ltr'><strong>huic</strong></span> 
     </span>
     <span class='ocr_line' id='line_1_27' title="bbox 147 2738 3086 2827; baseline 0.001 -24"><span class='ocrx_word' id='word_1_338' title='bbox 147 2744 260 2804; x_wconf 90' lang='lat' dir='ltr'><strong>aut</strong></span> <span class='ocrx_word' id='word_1_339' title='bbox 305 2738 430 2819; x_wconf 92' lang='lat' dir='ltr'><strong>illi,</strong></span> <span class='ocrx_word' id='word_1_340' title='bbox 477 2740 708 2824; x_wconf 89' lang='lat' dir='ltr'><strong>quibus</strong></span> <span class='ocrx_word' id='word_1_341' title='bbox 756 2739 1134 2824; x_wconf 85' lang='lat' dir='ltr'><strong>applicatur,</strong></span> <span class='ocrx_word' id='word_1_342' title='bbox 1189 2738 1603 2822; x_wconf 85' lang='lat' dir='ltr'><strong>impetratam</strong></span> <span class='ocrx_word' id='word_1_343' title='bbox 1649 2760 1806 2803; x_wconf 90' lang='lat' dir='ltr'><strong>esse.</strong></span> <span class='ocrx_word' id='word_1_344' title='bbox 1858 2741 1919 2803; x_wconf 89' lang='lat'><strong>3.</strong></span> <span class='ocrx_word' id='word_1_345' title='bbox 1951 2741 2138 2822; x_wconf 71' lang='lat' dir='ltr'><strong>Quia,</strong></span> <span class='ocrx_word' id='word_1_346' title='bbox 2169 2762 2249 2805; x_wconf 84' lang='lat' dir='ltr'><strong>ex</strong></span> <span class='ocrx_word' id='word_1_347' title='bbox 2274 2740 2575 2826; x_wconf 87' lang='lat' dir='ltr'><strong>analogia</strong></span> <span class='ocrx_word' id='word_1_348' title='bbox 2597 2762 2940 2827; x_wconf 90' lang='lat' dir='ltr'><strong>regnorum</strong></span> <span class='ocrx_word' id='word_1_349' title='bbox 2972 2764 3086 2807; x_wconf 91' lang='lat' dir='ltr'><strong>seu</strong></span> 
     </span>
     <span class='ocr_line' id='line_1_28' title="bbox 145 2825 3093 2914; baseline 0 -21"><span class='ocrx_word' id='word_1_350' title='bbox 145 2850 415 2912; x_wconf 88' lang='lat' dir='ltr'><strong>operum</strong></span> <span class='ocrx_word' id='word_1_351' title='bbox 439 2833 704 2893; x_wconf 89' lang='lat' dir='ltr'><strong>naturae</strong></span> <span class='ocrx_word' id='word_1_352' title='bbox 729 2831 774 2896; x_wconf 82' lang='lat'>&amp;</span> <span class='ocrx_word' id='word_1_353' title='bbox 799 2828 1068 2913; x_wconf 87' lang='lat' dir='ltr'><strong>gratiae,</strong></span> <span class='ocrx_word' id='word_1_354' title='bbox 1093 2828 1262 2891; x_wconf 90' lang='lat' dir='ltr'><strong>idem</strong></span> <span class='ocrx_word' id='word_1_355' title='bbox 1285 2826 1505 2911; x_wconf 85' lang='lat' dir='ltr'><strong>colligi</strong></span> <span class='ocrx_word' id='word_1_356' title='bbox 1527 2830 1755 2911; x_wconf 90' lang='lat' dir='ltr'><strong>potest.</strong></span> <span class='ocrx_word' id='word_1_357' title='bbox 1784 2825 1875 2892; x_wconf 92' lang='lat' dir='ltr'><strong>Ut</strong></span> <span class='ocrx_word' id='word_1_358' title='bbox 1900 2828 2071 2892; x_wconf 89' lang='lat' dir='ltr'><strong>enim</strong></span> <span class='ocrx_word' id='word_1_359' title='bbox 2094 2828 2188 2893; x_wconf 94' lang='lat' dir='ltr'><strong>ibi</strong></span> <span class='ocrx_word' id='word_1_360' title='bbox 2212 2828 2387 2895; x_wconf 90' lang='lat' dir='ltr'><strong>Deus</strong></span> <span class='ocrx_word' id='word_1_361' title='bbox 2408 2851 2537 2893; x_wconf 91' lang='lat' dir='ltr'><strong>non</strong></span> <span class='ocrx_word' id='word_1_362' title='bbox 2562 2833 2777 2895; x_wconf 88' lang='lat' dir='ltr'><strong>tamen</strong></span> <span class='ocrx_word' id='word_1_363' title='bbox 2804 2831 3093 2914; x_wconf 81' lang='lat' dir='ltr'><strong>providet</strong></span> 
     </span>
     <span class='ocr_line' id='line_1_29' title="bbox 145 2916 3089 3002; baseline 0.001 -19"><span class='ocrx_word' id='word_1_364' title='bbox 145 2918 192 2983; x_wconf 65' lang='lat' dir='ltr'><strong>a</strong></span> <span class='ocrx_word' id='word_1_365' title='bbox 239 2921 546 3001; x_wconf 85' lang='lat' dir='ltr'><strong>procurat</strong></span> <span class='ocrx_word' id='word_1_366' title='bbox 598 2922 712 2982; x_wconf 71' lang='lat' dir='ltr'><strong>sua</strong></span> <span class='ocrx_word' id='word_1_367' title='bbox 736 2917 1198 3002; x_wconf 86' lang='lat' dir='ltr'><strong>gubernatione</strong></span> <span class='ocrx_word' id='word_1_368' title='bbox 1230 2916 1403 2999; x_wconf 88' lang='lat' dir='ltr'><strong>ipsas</strong></span> <span class='ocrx_word' id='word_1_369' title='bbox 1428 2938 1551 2994; x_wconf 88' lang='lat' dir='ltr'><strong>res,</strong></span> <span class='ocrx_word' id='word_1_370' title='bbox 1578 2938 1800 2981; x_wconf 87' lang='lat' dir='ltr'><strong>causas</strong></span> <span class='ocrx_word' id='word_1_371' title='bbox 1824 2916 2107 2997; x_wconf 86' lang='lat' dir='ltr'><strong>effectus,</strong></span> <span class='ocrx_word' id='word_1_372' title='bbox 2137 2918 2247 2982; x_wconf 89' lang='lat' dir='ltr'><strong>sed</strong></span> <span class='ocrx_word' id='word_1_373' title='bbox 2271 2919 2319 2984; x_wconf 77' lang='lat'>&amp;</span> <span class='ocrx_word' id='word_1_374' title='bbox 2341 2918 2647 3001; x_wconf 87' lang='lat' dir='ltr'><strong>cujusque</strong></span> <span class='ocrx_word' id='word_1_375' title='bbox 2670 2920 2764 2983; x_wconf 92' lang='lat' dir='ltr'><strong>rei</strong></span> <span class='ocrx_word' id='word_1_376' title='bbox 2788 2940 3017 2984; x_wconf 89' lang='lat' dir='ltr'><strong>causae</strong></span> <span class='ocrx_word' id='word_1_377' title='bbox 3044 2920 3089 2985; x_wconf 79' lang='grc'><strong>81</strong></span> 
     </span>
     <span class='ocr_line' id='line_1_30' title="bbox 147 3004 3086 3093; baseline 0.001 -22"><span class='ocrx_word' id='word_1_378' title='bbox 147 3006 414 3071; x_wconf 86' lang='lat' dir='ltr'><strong>effectus</strong></span> <span class='ocrx_word' id='word_1_379' title='bbox 435 3006 708 3090; x_wconf 86' lang='lat' dir='ltr'><strong>gradum</strong></span> <span class='ocrx_word' id='word_1_380' title='bbox 730 3008 778 3073; x_wconf 76' lang='grc'><strong>81</strong></span> <span class='ocrx_word' id='word_1_381' title='bbox 797 3006 1076 3085; x_wconf 88' lang='lat' dir='ltr'><strong>modum,</strong></span> <span class='ocrx_word' id='word_1_382' title='bbox 1101 3005 1234 3069; x_wconf 88' lang='lat' dir='ltr'><strong>sive</strong></span> <span class='ocrx_word' id='word_1_383' title='bbox 1259 3005 1736 3089; x_wconf 85' lang='lat' dir='ltr'><strong>contingentem</strong></span> <span class='ocrx_word' id='word_1_384' title='bbox 1758 3004 1891 3069; x_wconf 90' lang='lat' dir='ltr'><strong>sive</strong></span> <span class='ocrx_word' id='word_1_385' title='bbox 1914 3006 2362 3071; x_wconf 89' lang='lat' dir='ltr'><strong>necessarium:</strong></span> <span class='ocrx_word' id='word_1_386' title='bbox 2389 3007 2480 3072; x_wconf 88' lang='lat' dir='ltr'><strong>sic</strong></span> <span class='ocrx_word' id='word_1_387' title='bbox 2506 3007 2700 3072; x_wconf 90' lang='lat' dir='ltr'><strong>etiam</strong></span> <span class='ocrx_word' id='word_1_388' title='bbox 2723 3008 2793 3072; x_wconf 88' lang='lat' dir='ltr'><strong>in</strong></span> <span class='ocrx_word' id='word_1_389' title='bbox 2816 3028 3015 3093; x_wconf 84' lang='lat' dir='ltr'><strong>regno</strong></span> <span class='ocrx_word' id='word_1_390' title='bbox 3040 3009 3086 3073; x_wconf 80' lang='grc'><strong>81</strong></span> 
     </span>
     <span class='ocr_line' id='line_1_31' title="bbox 145 3092 3087 3180; baseline 0.001 -22"><span class='ocrx_word' id='word_1_391' title='bbox 145 3093 450 3179; x_wconf 88' lang='lat' dir='ltr'><strong>operibus</strong></span> <span class='ocrx_word' id='word_1_392' title='bbox 473 3096 720 3179; x_wconf 82' lang='lat' dir='ltr'><strong>gratiae</strong></span> <span class='ocrx_word' id='word_1_393' title='bbox 743 3095 1062 3159; x_wconf 71' lang='lat' dir='ltr'><strong>salutaria.</strong></span> <span class='ocrx_word' id='word_1_394' title='bbox 1115 3092 1402 3159; x_wconf 74' lang='lat' dir='ltr'><strong>Becanus</strong></span> <span class='ocrx_word' id='word_1_395' title='bbox 1436 3104 1614 3161; x_wconf 77' lang='lat' dir='ltr'><strong>tract.</strong></span> <span class='ocrx_word' id='word_1_396' title='bbox 1651 3092 1714 3159; x_wconf 70' lang='grc' dir='ltr'><strong>ἃ·</strong></span> <span class='ocrx_word' id='word_1_397' title='bbox 1735 3114 1871 3179; x_wconf 83' lang='lat' dir='ltr'><strong>cap.</strong></span> <span class='ocrx_word' id='word_1_398' title='bbox 1898 3094 1995 3159; x_wconf 77' lang='lat' dir='ltr'><strong>cit.</strong></span> <span class='ocrx_word' id='word_1_399' title='bbox 2031 3106 2265 3180; x_wconf 76' lang='lat' dir='ltr'><strong>quaest.</strong></span> <span class='ocrx_word' id='word_1_400' title='bbox 2296 3094 2397 3159; x_wconf 88' lang='lat'><strong>11.</strong></span> <span class='ocrx_word' id='word_1_401' title='bbox 2424 3096 2482 3178; x_wconf 61' lang='grc' dir='ltr'><strong>ᾖ.</strong></span> <span class='ocrx_word' id='word_1_402' title='bbox 2523 3097 2622 3159; x_wconf 87' lang='grc'><strong>13.</strong></span> <span class='ocrx_word' id='word_1_403' title='bbox 2649 3096 2850 3168; x_wconf 87' lang='lat' dir='ltr'><strong>docet.</strong></span> <span class='ocrx_word' id='word_1_404' title='bbox 2878 3096 3087 3160; x_wconf 89' lang='lat' dir='ltr'><strong>homi-</strong></span> 
     </span>
     <span class='ocr_line' id='line_1_32' title="bbox 147 3182 3088 3267; baseline 0.001 -20"><span class='ocrx_word' id='word_1_405' title='bbox 147 3183 344 3248; x_wconf 87' lang='lat' dir='ltr'><strong>nibus</strong></span> <span class='ocrx_word' id='word_1_406' title='bbox 388 3183 812 3266; x_wconf 86' lang='lat' dir='ltr'><strong>inaequaliter</strong></span> <span class='ocrx_word' id='word_1_407' title='bbox 885 3185 932 3249; x_wconf 79' lang='grc'><strong>81</strong></span> <span class='ocrx_word' id='word_1_408' title='bbox 977 3182 1302 3247; x_wconf 71' lang='lat' dir='ltr'><strong>extensive</strong></span> <span class='ocrx_word' id='word_1_409' title='bbox 1349 3182 1396 3247; x_wconf 73' lang='grc'><strong>81</strong></span> <span class='ocrx_word' id='word_1_410' title='bbox 1441 3182 1756 3247; x_wconf 76' lang='lat' dir='ltr'><strong>intensive</strong></span> <span class='ocrx_word' id='word_1_411' title='bbox 1802 3183 2115 3267; x_wconf 88' lang='lat' dir='ltr'><strong>applicari</strong></span> <span class='ocrx_word' id='word_1_412' title='bbox 2144 3183 2375 3249; x_wconf 85' lang='lat' dir='ltr'><strong>merita</strong></span> <span class='ocrx_word' id='word_1_413' title='bbox 2408 3182 2682 3261; x_wconf 89' lang='lat' dir='ltr'><strong>Christi;</strong></span> <span class='ocrx_word' id='word_1_414' title='bbox 2716 3185 2827 3249; x_wconf 89' lang='lat' dir='ltr'><strong>sed</strong></span> <span class='ocrx_word' id='word_1_415' title='bbox 2850 3185 2984 3249; x_wconf 86' lang='lat' dir='ltr'><strong>illic</strong></span> <span class='ocrx_word' id='word_1_416' title='bbox 3008 3206 3088 3249; x_wconf 90' lang='lat' dir='ltr'><strong>ne</strong></span> 
     </span>
     <span class='ocr_line' id='line_1_33' title="bbox 143 3270 3089 3359; baseline 0 -22"><span class='ocrx_word' id='word_1_417' title='bbox 143 3276 263 3347; x_wconf 74' lang='grc' dir='ltr'><strong>’γρῦ</strong></span> <span class='ocrx_word' id='word_1_418' title='bbox 287 3275 637 3355; x_wconf 89' lang='lat' dir='ltr'><strong>comparet,</strong></span> <span class='ocrx_word' id='word_1_419' title='bbox 662 3272 830 3355; x_wconf 91' lang='lat' dir='ltr'><strong>quod</strong></span> <span class='ocrx_word' id='word_1_420' title='bbox 912 3272 1152 3336; x_wconf 88' lang='lat' dir='ltr'><strong>hristus</strong></span> <span class='ocrx_word' id='word_1_421' title='bbox 1183 3270 1608 3353; x_wconf 85' lang='lat' dir='ltr'><strong>inaequaliter</strong></span> <span class='ocrx_word' id='word_1_422' title='bbox 1629 3271 1896 3335; x_wconf 90' lang='lat' dir='ltr'><strong>meritus</strong></span> <span class='ocrx_word' id='word_1_423' title='bbox 1920 3270 2025 3335; x_wconf 91' lang='lat' dir='ltr'><strong>sit.</strong></span> <span class='ocrx_word' id='word_1_424' title='bbox 2053 3272 2229 3337; x_wconf 76' lang='lat' dir='ltr'><strong>Idem</strong></span> <span class='ocrx_word' id='word_1_425' title='bbox 2250 3283 2485 3359; x_wconf 74' lang='lat' dir='ltr'><strong>quaest.</strong></span> <span class='ocrx_word' id='word_1_426' title='bbox 2514 3274 2619 3337; x_wconf 86' lang='lat'><strong>12.</strong></span> <span class='ocrx_word' id='word_1_427' title='bbox 2644 3273 2874 3337; x_wconf 84' lang='lat' dir='ltr'><strong>statuit</strong></span> <span class='ocrx_word' id='word_1_428' title='bbox 2895 3294 3089 3356; x_wconf 88' lang='lat' dir='ltr'><strong>opera</strong></span> 
     </span>
     <span class='ocr_line' id='line_1_34' title="bbox 141 3358 3088 3445; baseline 0.001 -20"><span class='ocrx_word' id='word_1_429' title='bbox 141 3359 465 3443; x_wconf 87' lang='lat' dir='ltr'><strong>justorum</strong></span> <span class='ocrx_word' id='word_1_430' title='bbox 512 3359 749 3426; x_wconf 85' lang='lat' dir='ltr'><strong>habere</strong></span> <span class='ocrx_word' id='word_1_431' title='bbox 801 3360 1224 3425; x_wconf 86' lang='lat' dir='ltr'><strong>sufficientem</strong></span> <span class='ocrx_word' id='word_1_432' title='bbox 1269 3358 1652 3445; x_wconf 89' lang='lat' dir='ltr'><strong>dignitatem</strong></span> <span class='ocrx_word' id='word_1_433' title='bbox 1697 3361 1743 3425; x_wconf 79' lang='grc'><strong>81</strong></span> <span class='ocrx_word' id='word_1_434' title='bbox 1790 3359 2072 3425; x_wconf 89' lang='lat' dir='ltr'><strong>valorem</strong></span> <span class='ocrx_word' id='word_1_435' title='bbox 2095 3363 2387 3444; x_wconf 88' lang='lat' dir='ltr'><strong>respectu</strong></span> <span class='ocrx_word' id='word_1_436' title='bbox 2412 3360 2743 3445; x_wconf 87' lang='lat' dir='ltr'><strong>augmenti</strong></span> <span class='ocrx_word' id='word_1_437' title='bbox 2766 3362 3015 3445; x_wconf 88' lang='lat' dir='ltr'><strong>gratiae</strong></span> <span class='ocrx_word' id='word_1_438' title='bbox 3040 3362 3088 3427; x_wconf 65' lang='lat' dir='ltr'><strong>a</strong></span> 
     </span>
     <span class='ocr_line' id='line_1_35' title="bbox 148 3446 3087 3533; baseline 0 -20"><span class='ocrx_word' id='word_1_439' title='bbox 148 3449 420 3533; x_wconf 88' lang='lat' dir='ltr'><strong>gloriae.</strong></span> <span class='ocrx_word' id='word_1_440' title='bbox 477 3448 635 3515; x_wconf 80' lang='lat' dir='ltr'><strong>[bid.</strong></span> <span class='ocrx_word' id='word_1_441' title='bbox 662 3452 878 3514; x_wconf 88' lang='lat' dir='ltr'><strong>tamen</strong></span> <span class='ocrx_word' id='word_1_442' title='bbox 901 3450 957 3533; x_wconf 65' lang='lat' dir='ltr'><strong>g.</strong></span> <span class='ocrx_word' id='word_1_443' title='bbox 986 3450 1046 3512; x_wconf 90' lang='lat'><strong>5.</strong></span> <span class='ocrx_word' id='word_1_444' title='bbox 1071 3448 1362 3525; x_wconf 84' lang='lat' dir='ltr'><strong>labascit,</strong></span> <span class='ocrx_word' id='word_1_445' title='bbox 1387 3448 1434 3512; x_wconf 79' lang='lat'><strong>&amp;</strong></span> <span class='ocrx_word' id='word_1_446' title='bbox 1465 3446 1547 3511; x_wconf 89' lang='lat' dir='ltr'><strong>ab</strong></span> <span class='ocrx_word' id='word_1_447' title='bbox 1575 3446 1930 3512; x_wconf 86' lang='lat' dir='ltr'><strong>Autoribus</strong></span> <span class='ocrx_word' id='word_1_448' title='bbox 1960 3448 2342 3531; x_wconf 85' lang='lat' dir='ltr'><strong>quibusdam</strong></span> <span class='ocrx_word' id='word_1_449' title='bbox 2373 3449 2541 3531; x_wconf 86' lang='lat' dir='ltr'><strong>apud</strong></span> <span class='ocrx_word' id='word_1_450' title='bbox 2576 3450 2965 3515; x_wconf 77' lang='lat' dir='ltr'><strong>Zwarezium</strong></span> <span class='ocrx_word' id='word_1_451' title='bbox 2997 3450 3087 3514; x_wconf 85' lang='lat' dir='ltr'><strong>ad</strong></span> 
     </span>
     <span class='ocr_line' id='line_1_36' title="bbox 158 3535 3087 3623; baseline 0 -22"><span class='ocrx_word' id='word_1_452' title='bbox 158 3538 255 3615; x_wconf 82' lang='lat'><strong>,3.</strong></span> <span class='ocrx_word' id='word_1_453' title='bbox 283 3539 448 3622; x_wconf 77' lang='lat' dir='ltr'><strong>disp.</strong></span> <span class='ocrx_word' id='word_1_454' title='bbox 477 3539 583 3603; x_wconf 87' lang='lat'><strong>41.</strong></span> <span class='ocrx_word' id='word_1_455' title='bbox 616 3550 753 3603; x_wconf 74' lang='lat' dir='ltr'><strong>sect.</strong></span> <span class='ocrx_word' id='word_1_456' title='bbox 781 3540 844 3603; x_wconf 91' lang='lat'><strong>3.</strong></span> <span class='ocrx_word' id='word_1_457' title='bbox 869 3537 1101 3616; x_wconf 87' lang='lat' dir='ltr'><strong>citatis,</strong></span> <span class='ocrx_word' id='word_1_458' title='bbox 1126 3535 1548 3620; x_wconf 88' lang='lat' dir='ltr'><strong>probabiliter</strong></span> <span class='ocrx_word' id='word_1_459' title='bbox 1573 3537 1619 3601; x_wconf 79' lang='grc'><strong>81</strong></span> <span class='ocrx_word' id='word_1_460' title='bbox 1641 3536 1746 3620; x_wconf 92' lang='lat' dir='ltr'><strong>pie</strong></span> <span class='ocrx_word' id='word_1_461' title='bbox 1771 3540 2087 3601; x_wconf 87' lang='lat' dir='ltr'><strong>assertum</strong></span> <span class='ocrx_word' id='word_1_462' title='bbox 2112 3536 2371 3612; x_wconf 85' lang='lat' dir='ltr'><strong>fatetur,</strong></span> <span class='ocrx_word' id='word_1_463' title='bbox 2399 3541 2815 3619; x_wconf 80' lang='lat' dir='ltr'><strong>augmentum</strong></span> <span class='ocrx_word' id='word_1_464' title='bbox 2838 3537 3087 3623; x_wconf 89' lang='lat' dir='ltr'><strong>gratiae</strong></span> 
     </span>
     <span class='ocr_line' id='line_1_37' title="bbox 159 3624 3087 3711; baseline -0.001 -20"><span class='ocrx_word' id='word_1_465' title='bbox 159 3626 370 3710; x_wconf 83' lang='lat' dir='ltr'><strong>¹,quod</strong></span> <span class='ocrx_word' id='word_1_466' title='bbox 413 3627 601 3691; x_wconf 88' lang='lat' dir='ltr'><strong>datur</strong></span> <span class='ocrx_word' id='word_1_467' title='bbox 642 3626 828 3691; x_wconf 87' lang='lat' dir='ltr'><strong>nobis</strong></span> <span class='ocrx_word' id='word_1_468' title='bbox 873 3629 1134 3711; x_wconf 86' lang='lat' dir='ltr'><strong>propter</strong></span> <span class='ocrx_word' id='word_1_469' title='bbox 1177 3628 1472 3689; x_wconf 88' lang='lat' dir='ltr'><strong>nostrum</strong></span> <span class='ocrx_word' id='word_1_470' title='bbox 1516 3625 1838 3705; x_wconf 89' lang='lat' dir='ltr'><strong>meritum,</strong></span> <span class='ocrx_word' id='word_1_471' title='bbox 1886 3646 2137 3709; x_wconf 89' lang='lat' dir='ltr'><strong>semper</strong></span> <span class='ocrx_word' id='word_1_472' title='bbox 2158 3625 2364 3708; x_wconf 85' lang='lat' dir='ltr'><strong>majus</strong></span> <span class='ocrx_word' id='word_1_473' title='bbox 2396 3624 2553 3703; x_wconf 89' lang='lat' dir='ltr'><strong>dari,</strong></span> <span class='ocrx_word' id='word_1_474' title='bbox 2584 3646 2778 3709; x_wconf 90' lang='lat' dir='ltr'><strong>quam</strong></span> <span class='ocrx_word' id='word_1_475' title='bbox 2802 3626 2887 3691; x_wconf 89' lang='lat' dir='ltr'><strong>sit</strong></span> <span class='ocrx_word' id='word_1_476' title='bbox 2912 3626 3087 3689; x_wconf 90' lang='lat' dir='ltr'><strong>valor</strong></span> 
     </span>
     <span class='ocr_line' id='line_1_38' title="bbox 161 3711 3083 3798; baseline -0 -19"><span class='ocrx_word' id='word_1_477' title='bbox 161 3715 404 3793; x_wconf 84' lang='lat' dir='ltr'><strong>„nostri</strong></span> <span class='ocrx_word' id='word_1_478' title='bbox 451 3714 700 3780; x_wconf 86' lang='lat' dir='ltr'><strong>meriti:</strong></span> <span class='ocrx_word' id='word_1_479' title='bbox 751 3736 1080 3780; x_wconf 82' lang='lat' dir='ltr'><strong>excessum</strong></span> <span class='ocrx_word' id='word_1_480' title='bbox 1125 3714 1312 3779; x_wconf 91' lang='lat' dir='ltr'><strong>illum</strong></span> <span class='ocrx_word' id='word_1_481' title='bbox 1358 3714 1690 3798; x_wconf 86' lang='lat' dir='ltr'><strong>provenire</strong></span> <span class='ocrx_word' id='word_1_482' title='bbox 1713 3714 2081 3778; x_wconf 79' lang='lat' dir='ltr'><strong>immediate</strong></span> <span class='ocrx_word' id='word_1_483' title='bbox 2103 3735 2181 3778; x_wconf 85' lang='lat' dir='ltr'><strong>ex</strong></span> <span class='ocrx_word' id='word_1_484' title='bbox 2204 3712 2452 3777; x_wconf 88' lang='lat' dir='ltr'><strong>meritis</strong></span> <span class='ocrx_word' id='word_1_485' title='bbox 2477 3711 2740 3793; x_wconf 89' lang='lat' dir='ltr'><strong>Christi,</strong></span> <span class='ocrx_word' id='word_1_486' title='bbox 2767 3717 3083 3798; x_wconf 88' lang='lat' dir='ltr'><strong>quatenus</strong></span> 
     </span>
     <span class='ocr_line' id='line_1_39' title="bbox 159 3800 3087 3888; baseline -0.001 -19"><span class='ocrx_word' id='word_1_487' title='bbox 159 3826 342 3881; x_wconf 82' lang='lat' dir='ltr'><strong>,cum</strong></span> <span class='ocrx_word' id='word_1_488' title='bbox 386 3806 603 3868; x_wconf 89' lang='lat' dir='ltr'><strong>nostro</strong></span> <span class='ocrx_word' id='word_1_489' title='bbox 654 3804 886 3869; x_wconf 88' lang='lat' dir='ltr'><strong>merito</strong></span> <span class='ocrx_word' id='word_1_490' title='bbox 937 3804 1429 3888; x_wconf 82' lang='lat' dir='ltr'><strong>conjunguntur.</strong></span> <span class='ocrx_word' id='word_1_491' title='bbox 1479 3800 1657 3866; x_wconf 91' lang='lat' dir='ltr'><strong>Idem</strong></span> <span class='ocrx_word' id='word_1_492' title='bbox 1711 3802 2117 3887; x_wconf 88' lang='lat' dir='ltr'><strong>paragrapho</strong></span> <span class='ocrx_word' id='word_1_493' title='bbox 2170 3801 2577 3885; x_wconf 88' lang='lat' dir='ltr'><strong>praecedenti</strong></span> <span class='ocrx_word' id='word_1_494' title='bbox 2630 3802 2916 3867; x_wconf 88' lang='lat' dir='ltr'><strong>concedit</strong></span> <span class='ocrx_word' id='word_1_495' title='bbox 2962 3802 3087 3867; x_wconf 89' lang='lat' dir='ltr'><strong>dici</strong></span> 
     </span>
     <span class='ocr_line' id='line_1_40' title="bbox 158 3888 3087 3976; baseline -0.001 -19"><span class='ocrx_word' id='word_1_496' title='bbox 158 3913 414 3976; x_wconf 72' lang='lat' dir='ltr'><strong>¹,possset</strong></span> <span class='ocrx_word' id='word_1_497' title='bbox 461 3895 680 3956; x_wconf 89' lang='lat' dir='ltr'><strong>nostra</strong></span> <span class='ocrx_word' id='word_1_498' title='bbox 723 3893 954 3957; x_wconf 89' lang='lat' dir='ltr'><strong>merita</strong></span> <span class='ocrx_word' id='word_1_499' title='bbox 983 3914 1111 3958; x_wconf 91' lang='lat' dir='ltr'><strong>non</strong></span> <span class='ocrx_word' id='word_1_500' title='bbox 1143 3912 1280 3956; x_wconf 87' lang='lat' dir='ltr'><strong>esse</strong></span> <span class='ocrx_word' id='word_1_501' title='bbox 1304 3888 1711 3969; x_wconf 87' lang='lat' dir='ltr'><strong>sufficientia,</strong></span> <span class='ocrx_word' id='word_1_502' title='bbox 1735 3890 1860 3955; x_wconf 90' lang='lat' dir='ltr'><strong>nisi</strong></span> <span class='ocrx_word' id='word_1_503' title='bbox 1884 3891 2354 3976; x_wconf 87' lang='lat' dir='ltr'><strong>conjungantur</strong></span> <span class='ocrx_word' id='word_1_504' title='bbox 2384 3912 2529 3953; x_wconf 87' lang='lat' dir='ltr'><strong>cnm</strong></span> <span class='ocrx_word' id='word_1_505' title='bbox 2552 3890 2797 3955; x_wconf 89' lang='lat' dir='ltr'><strong>meritis</strong></span> <span class='ocrx_word' id='word_1_506' title='bbox 2822 3889 3087 3970; x_wconf 89' lang='lat' dir='ltr'><strong>Christi,</strong></span> 
     </span>
     <span class='ocr_line' id='line_1_41' title="bbox 159 3978 3087 4064; baseline -0 -20"><span class='ocrx_word' id='word_1_507' title='bbox 159 3981 260 4057; x_wconf 84' lang='lat' dir='ltr'><strong>,id</strong></span> <span class='ocrx_word' id='word_1_508' title='bbox 307 3985 428 4060; x_wconf 90' lang='lat' dir='ltr'><strong>est,</strong></span> <span class='ocrx_word' id='word_1_509' title='bbox 473 3983 694 4046; x_wconf 87' lang='lat' dir='ltr'><strong>nostra</strong></span> <span class='ocrx_word' id='word_1_510' title='bbox 723 3982 952 4046; x_wconf 88' lang='lat' dir='ltr'><strong>merita</strong></span> <span class='ocrx_word' id='word_1_511' title='bbox 981 4002 1110 4045; x_wconf 91' lang='lat' dir='ltr'><strong>non</strong></span> <span class='ocrx_word' id='word_1_512' title='bbox 1134 4002 1320 4064; x_wconf 89' lang='lat' dir='ltr'><strong>posse</strong></span> <span class='ocrx_word' id='word_1_513' title='bbox 1351 3978 1640 4063; x_wconf 89' lang='lat' dir='ltr'><strong>obligare</strong></span> <span class='ocrx_word' id='word_1_514' title='bbox 1661 3978 1872 4043; x_wconf 89' lang='lat' dir='ltr'><strong>Deum</strong></span> <span class='ocrx_word' id='word_1_515' title='bbox 1897 3979 2021 4043; x_wconf 90' lang='lat' dir='ltr'><strong>nisi</strong></span> <span class='ocrx_word' id='word_1_516' title='bbox 2046 3978 2473 4043; x_wconf 89' lang='lat' dir='ltr'><strong>intercedente</strong></span> <span class='ocrx_word' id='word_1_517' title='bbox 2496 3978 2917 4063; x_wconf 89' lang='lat' dir='ltr'><strong>promissione</strong></span> <span class='ocrx_word' id='word_1_518' title='bbox 2943 3978 3087 4059; x_wconf 91' lang='lat' dir='ltr'><strong>Dei,</strong></span> 
     </span>
     <span class='ocr_line' id='line_1_42' title="bbox 160 4065 3088 4153; baseline -0 -20"><span class='ocrx_word' id='word_1_519' title='bbox 160 4070 272 4146; x_wconf 80' lang='lat' dir='ltr'><strong>„de</strong></span> <span class='ocrx_word' id='word_1_520' title='bbox 319 4068 614 4136; x_wconf 82' lang='lat' dir='ltr'><strong>facienda</strong></span> <span class='ocrx_word' id='word_1_521' title='bbox 657 4070 1099 4148; x_wconf 87' lang='lat' dir='ltr'><strong>retributione,</strong></span> <span class='ocrx_word' id='word_1_522' title='bbox 1132 4090 1326 4153; x_wconf 88' lang='lat' dir='ltr'><strong>quam</strong></span> <span class='ocrx_word' id='word_1_523' title='bbox 1349 4067 1836 4151; x_wconf 87' lang='lat' dir='ltr'><strong>promissionem</strong></span> <span class='ocrx_word' id='word_1_524' title='bbox 1860 4067 2096 4131; x_wconf 89' lang='lat' dir='ltr'><strong>meruit</strong></span> <span class='ocrx_word' id='word_1_525' title='bbox 2116 4067 2301 4131; x_wconf 90' lang='lat' dir='ltr'><strong>nobis</strong></span> <span class='ocrx_word' id='word_1_526' title='bbox 2326 4066 2641 4133; x_wconf 88' lang='lat' dir='ltr'><strong>Christus.</strong></span> <span class='ocrx_word' id='word_1_527' title='bbox 2690 4065 2755 4133; x_wconf 88' lang='lat' dir='ltr'>N</span> <span class='ocrx_word' id='word_1_528' title='bbox 2758 4088 2828 4132; x_wconf 90' lang='lat' dir='ltr'><strong>ec</strong></span> <span class='ocrx_word' id='word_1_529' title='bbox 2850 4068 3088 4133; x_wconf 88' lang='lat' dir='ltr'><strong>mirum</strong></span> 
     </span>
     <span class='ocr_line' id='line_1_43' title="bbox 160 4153 3089 4241; baseline 0 -20"><span class='ocrx_word' id='word_1_530' title='bbox 160 4157 408 4241; x_wconf 85' lang='lat' dir='ltr'><strong>,ipsum</strong></span> <span class='ocrx_word' id='word_1_531' title='bbox 453 4157 790 4224; x_wconf 86' lang='lat' dir='ltr'><strong>fluctuare:</strong></span> <span class='ocrx_word' id='word_1_532' title='bbox 845 4159 1022 4223; x_wconf 86' lang='lat' dir='ltr'><strong>aliud</strong></span> <span class='ocrx_word' id='word_1_533' title='bbox 1071 4158 1241 4223; x_wconf 89' lang='lat' dir='ltr'><strong>enim</strong></span> <span class='ocrx_word' id='word_1_534' title='bbox 1289 4178 1416 4221; x_wconf 92' lang='lat' dir='ltr'><strong>non</strong></span> <span class='ocrx_word' id='word_1_535' title='bbox 1439 4160 1652 4239; x_wconf 89' lang='lat' dir='ltr'><strong>potest</strong></span> <span class='ocrx_word' id='word_1_536' title='bbox 1676 4178 1753 4221; x_wconf 80' lang='lat' dir='ltr'><strong>ex</strong></span> <span class='ocrx_word' id='word_1_537' title='bbox 1776 4156 1943 4220; x_wconf 88' lang='lat' dir='ltr'><strong>falsa</strong></span> <span class='ocrx_word' id='word_1_538' title='bbox 1964 4157 2012 4221; x_wconf 65' lang='lat' dir='ltr'><strong>c&amp;</strong></span> <span class='ocrx_word' id='word_1_539' title='bbox 2036 4153 2598 4241; x_wconf 85' lang='lat' dir='ltr'><strong>Semi-Pelagiana</strong></span> <span class='ocrx_word' id='word_1_540' title='bbox 2621 4154 2985 4240; x_wconf 85' lang='lat' dir='ltr'><strong>hypothesi,</strong></span> <span class='ocrx_word' id='word_1_541' title='bbox 3011 4158 3089 4222; x_wconf 91' lang='lat' dir='ltr'><strong>de</strong></span> 
     </span>
     <span class='ocr_line' id='line_1_44' title="bbox 151 4240 3085 4332; baseline 0 -23"><span class='ocrx_word' id='word_1_542' title='bbox 151 4244 410 4311; x_wconf 89' lang='lat' dir='ltr'><strong>Christo</strong></span> <span class='ocrx_word' id='word_1_543' title='bbox 455 4269 570 4331; x_wconf 87' lang='lat' dir='ltr'><strong>pro</strong></span> <span class='ocrx_word' id='word_1_544' title='bbox 602 4247 896 4312; x_wconf 88' lang='lat' dir='ltr'><strong>omnibus</strong></span> <span class='ocrx_word' id='word_1_545' title='bbox 919 4250 966 4314; x_wconf 78' lang='grc'><strong>81</strong></span> <span class='ocrx_word' id='word_1_546' title='bbox 991 4246 1268 4332; x_wconf 89' lang='lat' dir='ltr'><strong>singulis</strong></span> <span class='ocrx_word' id='word_1_547' title='bbox 1289 4250 1561 4320; x_wconf 84' lang='lat' dir='ltr'><strong>mortu0,</strong></span> <span class='ocrx_word' id='word_1_548' title='bbox 1591 4244 1792 4328; x_wconf 89' lang='lat' dir='ltr'><strong>deque</strong></span> <span class='ocrx_word' id='word_1_549' title='bbox 1816 4244 2029 4329; x_wconf 85' lang='lat' dir='ltr'><strong>gratia</strong></span> <span class='ocrx_word' id='word_1_550' title='bbox 2053 4240 2409 4308; x_wconf 86' lang='lat' dir='ltr'><strong>Servatoris</strong></span> <span class='ocrx_word' id='word_1_551' title='bbox 2441 4244 2809 4325; x_wconf 85' lang='lat' dir='ltr'><strong>universali,</strong></span> <span class='ocrx_word' id='word_1_552' title='bbox 2835 4244 3085 4310; x_wconf 85' lang='lat' dir='ltr'><strong>indiffe-</strong></span> 
     </span>
     <span class='ocr_line' id='line_1_45' title="bbox 151 4330 3085 4421; baseline -0.001 -23"><span class='ocrx_word' id='word_1_553' title='bbox 151 4340 368 4400; x_wconf 88' lang='lat' dir='ltr'><strong>renter</strong></span> <span class='ocrx_word' id='word_1_554' title='bbox 411 4336 705 4401; x_wconf 88' lang='lat' dir='ltr'><strong>omnibus</strong></span> <span class='ocrx_word' id='word_1_555' title='bbox 729 4339 776 4402; x_wconf 76' lang='grc'><strong>81</strong></span> <span class='ocrx_word' id='word_1_556' title='bbox 806 4336 1078 4421; x_wconf 86' lang='lat' dir='ltr'><strong>singulis</strong></span> <span class='ocrx_word' id='word_1_557' title='bbox 1102 4333 1494 4419; x_wconf 89' lang='lat' dir='ltr'><strong>applicabili.</strong></span> <span class='ocrx_word' id='word_1_558' title='bbox 1541 4330 1680 4398; x_wconf 86' lang='lat' dir='ltr'><strong>Nec</strong></span> <span class='ocrx_word' id='word_1_559' title='bbox 1705 4332 2002 4417; x_wconf 86' lang='lat' dir='ltr'><strong>expedire</strong></span> <span class='ocrx_word' id='word_1_560' title='bbox 2026 4353 2094 4396; x_wconf 88' lang='lat' dir='ltr'><strong>se</strong></span> <span class='ocrx_word' id='word_1_561' title='bbox 2118 4335 2405 4415; x_wconf 84' lang='lat' dir='ltr'><strong>possunt,</strong></span> <span class='ocrx_word' id='word_1_562' title='bbox 2438 4332 2550 4416; x_wconf 91' lang='lat' dir='ltr'><strong>qui</strong></span> <span class='ocrx_word' id='word_1_563' title='bbox 2572 4338 2827 4398; x_wconf 88' lang='lat' dir='ltr'><strong>caetera</strong></span> <span class='ocrx_word' id='word_1_564' title='bbox 2850 4332 3085 4398; x_wconf 90' lang='lat' dir='ltr'><strong>Ortho-</strong></span> 
     </span>
    </p>
   </div>
   <div class='ocr_carea' id='block_1_3' title="bbox 152 4419 3088 4575">
    <p class='ocr_par' dir='ltr' id='par_1_3' title="bbox 152 4419 3088 4575">
     <span class='ocr_line' id='line_1_46' title="bbox 152 4419 3087 4522; baseline -0 -35"><span class='ocrx_word' id='word_1_565' title='bbox 152 4422 298 4489; x_wconf 83' lang='lat' dir='ltr'><strong>doxi</strong></span> <span class='ocrx_word' id='word_1_566' title='bbox 343 4429 770 4491; x_wconf 85' lang='lat' dir='ltr'><strong>commentum</strong></span> <span class='ocrx_word' id='word_1_567' title='bbox 816 4425 1066 4511; x_wconf 87' lang='lat' dir='ltr'><strong>gratiae</strong></span> <span class='ocrx_word' id='word_1_568' title='bbox 1103 4422 1482 4489; x_wconf 88' lang='lat' dir='ltr'><strong>universal-is</strong></span> <span class='ocrx_word' id='word_1_569' title='bbox 1505 4443 1879 4506; x_wconf 84' lang='lat' dir='ltr'><strong>quocunque</strong></span> <span class='ocrx_word' id='word_1_570' title='bbox 1902 4421 2129 4502; x_wconf 86' lang='lat' dir='ltr'><strong>colore,</strong></span> <span class='ocrx_word' id='word_1_571' title='bbox 2154 4419 2201 4486; x_wconf 78' lang='lat'><strong>&amp;</strong></span> <span class='ocrx_word' id='word_1_572' title='bbox 2224 4420 2434 4505; x_wconf 88' lang='lat' dir='ltr'><strong>figura</strong></span> <span class='ocrx_word' id='word_1_573' title='bbox 2456 4421 2841 4488; x_wconf 88' lang='lat' dir='ltr'><strong>obtrudunt:</strong></span> <span class='ocrx_word' id='word_1_574' title='bbox 2868 4443 3087 4522; x_wconf 78' lang='lat' dir='ltr'><strong>quarn·</strong></span> 
     </span>
     <span class='ocr_line' id='line_1_47' title="bbox 2989 4530 3088 4575; baseline 0 -2"><span class='ocrx_word' id='word_1_575' title='bbox 2989 4530 3088 4575; x_wconf 77' lang='lat' dir='ltr'><strong>vis</strong></span> 
     </span>
    </p>
   </div>
  </div>
 </body>
</html>
