3694 4871
1066 285 2214 352 Au'ronl'rAsScRIP‘rUnAE.
3019 286 3103 353 23

168 479 327 558 post.
381 473 805 558 Quascunque
826 469 993 534 enim
1022 474 1337 552 materias,
1369 473 1720 550 sententias,
1755 473 2020 556 phrases
2051 474 2452 556 scripserunt,
2489 475 2612 558 ipsi
2642 474 3098 553 intellexerunt,

170 581 277 628 nec
318 573 665 646 potuerunt
720 561 1077 644 iquorantia
1105 574 1215 628 aut
1240 563 1622 627 dubitatione
1644 563 1805 625 circa
1828 583 1932 626 eas
1956 561 2239 628 laborare
2254 587 2273 626 .·
2296 563 2579 649 alioquin
2609 565 2960 646 scripturae
2981 584 3101 630 au-

170 651 381 714 toritas
426 650 745 733 neqanda,
788 648 850 714 a
890 647 1019 731 ipsi
1057 651 1225 733 Spir.
1275 650 1339 716 S.
1387 672 1487 714 6ο3
1532 651 1619 716 ad
1641 650 2040 717 scribendum
2063 651 2369 730 excitanti,
2403 652 2465 716 ἃ·
2487 653 2782 716 continuo
2805 653 3106 736 dirigenti

166 752 345 825 atque
392 739 789 804 illuminanti
834 738 1193 821 iqnorantia
1240 751 1349 804 aut
1396 739 1696 804 dubitatio
1734 739 2064 804 tribuenda
2087 750 2256 803 esset.
2305 739 2403 804 Ad
2423 761 2514 818 ea,
2539 761 2700 826 quae
2727 741 3106 824 objiciuntur

162 829 336 910 apud
390 825 715 890 Thomam
764 828 867 890 22.
896 847 1021 908 quo
1072 827 1217 890 173.
1266 831 1387 890 art.
1422 829 1483 892 4.
1516 825 1579 892 ἃ
1601 828 1771 910 apud
1796 827 1858 891 A
1882 827 2125 902 castre,
2160 850 2236 889 ex
2269 825 2546 912 August.
2575 829 2684 891 lib.
2722 829 2780 891 7.
2806 829 2883 892 de
2909 826 3094 892 Civit.

164 915 280 978 Dei
333 935 385 980 c.
440 917 547 978 13.
597 937 673 978 ex
706 914 1047 978 Ambrosio
1094 916 1169 979 de
1218 915 1550 980 Abraham
1603 917 1659 978 l.
1684 937 1735 980 c.
1769 917 1829 980 8.
1870 914 2131 998 &apud
2156 916 2400 979 Canum
2425 914 2536 980 lib.
2567 917 2628 980 2.
2653 917 2844 980 locor.
2876 913 3102 983 Theol.

162 1025 291 1088 cap.
320 1005 381 1068 4.
408 1003 475 1069 st
497 1026 575 1067 ea·
598 1004 742 1068 locis
776 1003 830 1065 l.
856 1002 1021 1066 Petr.
1051 1003 1110 1066 5.
1143 1005 1247 1066 12.
1283 1004 1341 1067 2.
1363 1001 1647 1068 Corinth.
1680 1005 1781 1066 11.
1810 1005 1872 1066 5.
1904 1003 2004 1066 17.
2040 1004 2093 1067 1.
2123 1002 2408 1067 Corinth.
2453 1003 2510 1067 7.
2540 1003 2646 1068 40.
2680 1003 2960 1069 Johann.
2994 1006 3098 1069 21.

162 1095 265 1156 25.
321 1091 463 1176 (ubi
500 1092 749 1157 videtur
791 1091 1005 1175 opinio
1028 1104 1143 1157 aut
1174 1093 1474 1157 dubitatio
1505 1091 1906 1177 scriptoribus
1931 1091 2144 1170 tribui)
2178 1091 2358 1176 facile
2379 1103 2464 1156 est
2495 1093 2837 1176 responsio.
2903 1093 3106 1158 Videri

158 1193 346 1264 potest
372 1180 673 1244 Kelletus
698 1180 833 1244 loco
860 1181 965 1242 cit.
999 1201 1078 1244 ne
1100 1193 1309 1246 actum
1332 1201 1541 1265 aqam.
1591 1181 1771 1265 [pag.
1806 1180 1926 1266 46]

246 1268 387 1332 XX.
438 1269 548 1334 An
592 1270 877 1341 wlentes,
916 1287 1004 1332 an
1032 1291 1169 1334 vero
1194 1269 1374 1334 inviti
1396 1270 1482 1332 ad
1503 1269 1902 1353 scriptionem
1928 1269 2234 1352 compulsi
2253 1270 2614 1353 scripserint
2643 1270 2973 1354 scriptores
2995 1291 3100 1336 sa-

160 1358 248 1421 cri
265 1359 297 1421 ?
328 1357 528 1441 Resp.
570 1357 694 1420 Aff.
721 1379 813 1440 pr.
848 1355 1013 1442 Neg.
1040 1361 1203 1441 post.
1272 1359 1411 1422 Vide
1430 1378 1547 1441 per
1568 1358 2028 1423 distinctionem
2053 1358 2166 1423 hoc
2185 1359 2596 1440 explicantem
2619 1357 2948 1424 Kelletum
2980 1359 3098 1424 loc.

160 1445 262 1510 cit.
286 1469 349 1528 p.
380 1446 487 1510 76.
514 1447 618 1510 ἀρ.
2605 1445 2608 1449 ’

244 1533 419 1599 XXI.
470 1536 576 1600 An
612 1545 970 1618 conceptum
1007 1533 1069 1599 ἃ·
1100 1535 1469 1599 memoriam
1504 1555 1742 1612 eorum,
1767 1555 1927 1620 quae
1947 1547 2132 1598 antea
2155 1535 2518 1612 didicerant,
2545 1549 2658 1601 aut
2677 1557 2794 1621 per
2815 1538 3097 1601 revelati-

161 1645 337 1687 onem
385 1627 753 1707 roy-norant,
792 1623 867 1686 de
896 1643 1055 1688 novo
1093 1622 1497 1687 scribentibus
1536 1623 1854 1706 inqesserit
1890 1623 2058 1706 Spir.
2108 1623 2174 1686 S.
2209 1621 2287 1687 R.
2316 1622 2443 1686 Aff.
2469 1645 2615 1690 cum
2655 1625 2771 1689 hac
2793 1625 3100 1690 distincti-

162 1733 307 1776 one:
335 1724 401 1776 ut
426 1713 562 1776 scil.
588 1732 718 1775 non
744 1722 991 1776 tantum
1016 1711 1411 1776 habitualiter
1432 1713 1677 1795 coynita
1696 1731 1813 1795 per
1836 1712 2220 1800 infusionem
2249 1712 2649 1778 charismatis
2677 1713 3094 1800 infallibilita-

163 1803 236 1864 tis
284 1799 344 1865 a
378 1801 649 1865 luminis
694 1801 1201 1882 supernaturalis
1247 1799 1446 1884 (qued
1490 1801 1575 1864 ad
1619 1801 1884 1864 modum
1939 1800 2184 1864 habitus
2219 1801 2634 1884 concipimus)
2667 1801 3100 1868 immediatam

166 1890 631 1972 impressionem
681 1888 787 1952 sed
810 1889 995 1952 ctiam
1017 1889 1345 1953 actualiter
1366 1889 1629 1973 coquita,
1655 1889 1729 1952 de
1752 1908 1912 1952 novo
1947 1889 2265 1970 inqesserit
2287 1889 2457 1974 quod
2475 1891 2561 1954 ad
2583 1901 2941 1973 conceptum
2963 1893 3098 1975 sor-

169 1979 387 2042 malem
450 1979 582 2042 scil.
636 1974 699 2042 ἃ·
742 1977 1043 2042 actualem
1074 1976 1562 2041 recordationem
1584 1999 1608 2052 ;
1638 1997 1773 2040 non
1796 1997 1938 2041 vero
1962 1977 2129 2062 quod
2152 1977 2238 2041 ad
2259 1978 2732 2062 impressionem
2753 1980 3098 2062 specierum

164 2066 644 2148 intelliqibilium
660 2089 681 2129 .·
706 2065 847 2130 illas
868 2065 1035 2129 enim
1060 2068 1243 2130 semel
1261 2066 1600 2148 impressas
1623 2076 1928 2148 putamus
1952 2085 2224 2138 manere,
2257 2065 2320 2130 tr
2343 2086 2472 2130 non
2497 2067 2584 2130 ad
2606 2067 2866 2131 modum
2882 2088 3096 2132 eorus-

164 2157 416 2218 cationis
470 2153 749 2218 accedere
794 2165 905 2218 aut
951 2155 1240 2218 recedere.
1296 2155 1375 2218 Et
1422 2153 1538 2218 hac
1590 2153 1827 2218 ratione
1859 2154 2012 2217 satis
2059 2155 2344 2218 salvatur
2391 2156 2702 2220 autoritas
2746 2156 3100 2238 scripturae

165 2243 575 2302 sumata-ros.
624 2239 856 2308 Contra
878 2244 1152 2324 periculo
1176 2243 1533 2324 exponitur,
1562 2243 1619 2306 si
1641 2242 1927 2305 dicamus
1951 2262 2092 2306 cum
2121 2241 2307 2306 Corn.
2334 2245 2371 2306 ὲ
2395 2240 2632 2325 Lapide
2660 2242 2727 2307 in
2755 2243 2814 2306 2.
2848 2244 3004 2308 Tim.
3033 2247 3093 2308 3.

172 2331 265 2393 16.
295 2333 437 2398 Non
461 2331 665 2415 fuisse
685 2331 1099 2395 necessarium
1125 2330 1415 2395 historias
1440 2329 1501 2394 ii·
1524 2330 1795 2394 moralia
1808 2351 1968 2415 quae
1982 2341 2166 2395 antea
2182 2329 2294 2395 aa.
2315 2331 2686 2409 dedicerant,
2705 2332 3018 2414 inspirari
3035 2331 3096 2396 ec

166 2419 379 2485 dietari
402 2421 445 2483 a
475 2419 646 2502 Spir.
673 2419 726 2484 S
766 2419 876 2484 ‹ft-c.
904 2440 1059 2484 nam
1076 2420 1201 2504 (uti
1211 2429 1424 2503 postea
1442 2440 1505 2483 se
1520 2417 1814 2503 explicat)
1832 2422 2208 2502 conceptum
2226 2419 2656 2485 &memoriam
2673 2442 2914 2496 eorum,
2931 2443 3094 2507 quae

167 2508 465 2585 sciebant,
512 2530 641 2571 non
698 2507 779 2572 iis
832 2507 1101 2592 ingessit
1148 2506 1315 2591 Spir.
1356 2506 1423 2571 S.
1450 2508 1570 2573 Sed
1594 2510 1789 2573 mate:
1814 2506 2084 2572 sciebant
2110 2508 2372 2593 quidam
2396 2510 2810 2575 materialiter
2833 2509 2939 2573 sed
2962 2528 3096 2573 non

166 2597 529 2678 formaliter,
578 2616 688 2661 seu
734 2596 850 2660 sub
899 2596 1159 2680 formali
1205 2596 1597 2660 immediatae
1620 2596 2010 2660 revelationis
2031 2596 2316 2660 divinae:
2353 2597 2629 2661 humane
2651 2597 2937 2676 sciebant,
2963 2617 3096 2662 non

166 2684 391 2748 divine:
438 2696 725 2767 poterant
767 2705 839 2748 ea
884 2683 1173 2759 oblivisci,
1230 2685 1301 2749 in
1352 2686 1609 2768 repetita
1655 2685 2062 2766 conceptione,
2119 2682 2181 2749 ἃ
2211 2684 2544 2770 scriptione
2571 2706 2811 2764 eoru-m,
2837 2697 2907 2751 ut
2939 2684 3000 2749 a·
3025 2686 3092 2751 in

166 2773 575 2857 applicatione
618 2772 703 2837 ad
750 2793 882 2836 rem
922 2784 1308 2855 praesentem
1331 2772 1641 2849 aberra-re,
1668 2771 1989 2848 haesitare,
2022 2772 2324 2838 dubitare.
2373 2774 2616 2840 Rectius
2639 2794 2783 2856 erqo
2814 2773 2876 2839 ἃ
2899 2775 3094 2839 tutius

166 2880 223 2923 se
243 2862 543 2944 esan-essit
568 2861 779 2926 Estius
804 2862 873 2925 in
888 2873 1289 2925 commentar.
1316 2862 1401 2925 ad
1426 2862 1534 2925 loc.
1560 2861 1658 2925 cit.
1688 2860 1745 2923 2.
1791 2860 2055 2925 Timoth.
2083 2864 2142 2925 3.
2170 2859 2272 2925 Ita
2295 2861 2597 2925 nimirum
2640 2865 2713 2926 ut
2737 2883 2862 2924 non
2887 2862 3094 2925 solum

167 2950 535 3022 sententiae,
588 2948 697 3012 sed
742 2950 787 3013 δι
814 2949 1006 3013 verba
1042 2949 1317 3033 singula,
1343 2950 1389 3013 s
1413 2949 1751 3013 verborum
1774 2948 1948 3026 ord0,
1973 2970 2046 3013 ao
2069 2952 2206 3013 tota
2230 2949 2560 3033 dispositio
2583 2950 2670 3013 sit
2694 2952 2732 3013 ὲ.
2755 2949 2914 3029 Dee,
2939 2953 3084 3013 tan-

169 3056 347 3120 quam
374 3059 494 3120 per
514 3037 926 3119 semetipsum
954 3037 1251 3121 loquente
1284 3040 1398 3101 aut
1422 3036 1760 3101 scribente.

248 3123 454 3189 XXII.
500 3127 603 3190 An
650 3126 1082 3209 Euanqelistae
1132 3146 1367 3199 omnes,
1414 3126 1623 3210 qualis
1668 3124 2024 3202 Barnabas,
2087 3124 2278 3204 Titus,
2345 3126 2718 3205 Timotheus,
2751 3126 3090 3211 Sylvanus,

170 3212 653 3295 Epaphroditus,
695 3212 803 3277 ‹fit-c.
838 3214 1077 3295 suerint
1118 3214 1520 3273 θεὸπνευστεϋ
1541 3212 2039 3295 &linfallibilesf’
2069 3210 2262 3297 Resp.
2293 3216 2432 3281 Non
2455 3215 2629 3279 video
2653 3215 2958 3279 rationem
2983 3216 3094 3281 hoc

170 3301 557 3386 animandi.
604 3302 735 3365 Hoc
753 3302 1075 3385 privileyio
1101 3300 1557 3366 &charismate
1578 3300 1851 3382 Apostoli
1880 3300 1956 3363 ab
1983 3302 2112 3365 illis
2135 3301 2408 3367 distincti
2431 3310 2635 3368 erant.

250 3386 487 3453 XXIII.
542 3388 711 3467 Quid
747 3390 1125 3453 censendum
1178 3390 1255 3453 de
1292 3390 1462 3454 Luca
1492 3387 1554 3454 a
1586 3390 1795 3452 Marco
1820 3388 1852 3451 ?
1883 3386 2076 3471 Resp.
2130 3391 2270 3456 Non
2291 3391 2486 3466 video,
2512 3411 2629 3455 cur
2649 3392 2724 3455 de
2747 3392 2869 3457 illis
2891 3393 3086 3477 assir-

174 3477 471 3543 mandum
525 3496 657 3540 non
694 3477 793 3552 sit,
822 3489 1129 3563 tanquam
1152 3476 1558 3561 scriptoribus
1592 3476 1900 3540 librorum
1929 3478 2410 3543 Canonicorum.
2463 3479 2647 3561 Quod
2665 3480 2836 3543 enim
2860 3479 3089 3544 dicitur

172 3564 285 3629 illis
312 3566 537 3629 dictata
566 3586 693 3629 esse
722 3566 1072 3649 Euanqelia
1094 3565 1173 3629 ab
1198 3565 1522 3648 Apostolis,
1550 3565 1637 3628 ita
1660 3576 1729 3629 ut
1753 3575 1997 3629 tantam
2020 3565 2292 3649 fuissent
2313 3586 2774 3643 amanuenses;
2797 3567 3084 3631 nondum

173 3652 329 3716 video
352 3654 505 3717 satis
526 3652 886 3735 probatum.

252 3738 303 3803 X
318 3738 483 3805 xlv.
533 3740 703 3813 Quid
748 3740 823 3805 de
867 3741 1358 3805 amanuensibus
1392 3742 1878 3825 Prophetarum,
1925 3757 2039 3809 aut
2072 3744 2532 3826 Apostolorum,
2573 3764 2666 3807 ex.
2690 3762 2786 3825 qr.
2813 3742 3086 3819 Baruch,

174 3826 229 3890 ἃ·
254 3826 487 3905 Tertio,
536 3828 804 3893 Roman.
844 3830 944 3891 16.
964 3830 1070 3893 22.
1105 3827 1297 3912 Resp.
1324 3829 1488 3894 Sunt
1510 3852 1585 3893 ex
1610 3832 1956 3920 Pontificiis
1985 3834 2098 3917 qui
2128 3851 2229 3895 eos
2269 3831 2688 3912 infallibiliter
2710 3833 2750 3893 ὰ
2774 3830 2880 3913 Sp.
2905 3831 2968 3895 S.
2991 3830 3084 3895 di·

175 3928 345 3980 rectos
380 3918 595 3981 volunt
620 3917 773 4001 (vid.
806 3921 1332 3981 commentatores
1356 3918 1436 3981 ad
1460 3917 1643 3981 Rom.
1676 3922 1811 4004 16.)
1840 3945 1856 3997 3
1883 3942 1992 3985 nec
2013 3922 2259 3987 alienus
2279 3919 2527 3983 videtur
2547 3918 2622 3982 ab
2647 3919 2764 3983 hac
2787 3919 3088 3983 sententia

174 4000 446 4067 Kelletus
491 4004 607 4069 loc.
654 4004 762 4068 cit.
821 4005 946 4070 Sed
974 4025 1106 4070 non
1128 4005 1303 4069 video
1342 4006 1447 4070 illo
1470 4007 1671 4089 maqis
1696 4009 1978 4073 debuisse
1999 4029 2127 4073 esse
2149 4005 2525 4088 infallibiles,
2551 4027 2746 4092 quam
2769 4006 3086 4072 Librarios

180 4088 235 4153 ἃ·
271 4093 727 4177 Ίῃρορναρὴοε,
773 4094 887 4179 qui
914 4095 1059 4177 jam
1098 4093 1245 4158 inde
1280 4093 1358 4157 ab
1390 4095 1697 4177 Apostolis
1721 4118 1841 4183 usq
1850 4116 1924 4163 ue
1945 4098 2016 4161 in
2048 4098 2218 4161 hunc
2239 4094 2402 4159 diem
2427 4094 2612 4160 biblia
2639 4096 2914 4160 Ecclesiis
2936 4114 3081 4178 pro-

176 4192 406 4246 want.

252 4266 447 4332 XXV.
494 4270 597 4335 An
640 4270 825 4334 verba
872 4270 987 4335 illa
1026 4266 1293 4333 Roman.
1356 4269 1456 4333 16.
1485 4272 1587 4335 22.
1616 4274 1743 4337 sint
1766 4272 2123 4339 autentica?
2144 4270 2336 4354 Resp.
2375 4272 2615 4353 Quidni
2623 4296 2644 4338 .-
2668 4272 2902 4359 quippe
2922 4291 3084 4357 quae

180 4353 411 4421 Patdus
434 4358 625 4423 inseri
654 4355 718 4423 ἃ·
740 4358 925 4423 scribi
936 4358 1149 4441 jussit.
2841 4444 3082 4511 XXVI·
