3694 4871
891 332 2263 399 Doan'rlsnsSS.'l'a1N1'rA'1-s.
2960 332 3043 395 89

157 524 358 603 filium,
401 526 444 589 &-
490 523 643 607 spir.
699 546 771 598 S.,
821 522 1042 605 paucis
1103 526 1250 587 ante
1294 522 1542 586 obitum
1575 522 1796 585 diebus
1823 522 1904 585 ab
1929 520 2069 604 ipso
2093 522 2381 605 scriptas.
2414 518 2780 584 Voluissem
2805 518 3037 583 librum

161 612 396 679 Gisberti
417 612 787 678 Schevicavii
809 611 939 676 Soc.
965 614 1109 677 les-u,
1131 612 1207 675 de
1240 614 1296 676 T
1288 612 1544 676 rinitate
1566 611 2020 695 cognoscenda,
2055 610 2347 687 amanda,
2373 609 2704 683 laudanda,
2724 607 2876 671 olim
2893 629 3041 671 con—

156 706 434 785 spectum,
459 722 845 785 percurrere,
874 701 930 764 si
953 700 1118 765 forte
1143 700 1498 785 symbolam
1525 700 1807 782 aliquam
1833 699 1959 763 huc
1983 698 2381 763 contulisset:
2410 699 2519 762 sed
2550 720 2716 761 nunc
2734 698 2867 781 ejus
2884 694 3046 759 mihi

157 812 265 853 non
311 794 400 854 est
441 790 638 873 copia.
691 790 968 855 Lorinus
1023 790 1092 853 in
1119 800 1443 853 comment.
1472 789 1557 853 ad
1581 788 1937 872 Sapientiae
1958 809 2091 872 cap.
2126 788 2181 850 7.
2215 808 2273 851 v.
2302 788 2407 850 22.
2436 788 2541 850 23.
2566 786 2774 850 multa
2799 783 3048 868 colligit

159 879 440 943 attributa
486 880 636 963 spir.
685 902 734 941 S.
777 900 938 959 quae
973 878 1052 941 ad
1083 878 1332 961 praxim
1367 877 1615 961 piarum
1643 876 2149 953 meditationum,
2178 882 2222 938 δι
2246 875 2616 939 concionum
2642 896 2825 937 usum
2851 894 3039 937 suum

159 971 452 1051 praestare
475 967 743 1051 possint.
771 965 951 1030 Adde
984 966 1281 1032 Ludovici
1303 968 1378 1031 de
1406 969 1597 1031 Ponte
1619 966 2065 1043 meditationes,
2091 966 2162 1029 in
2187 964 2527 1030 Introduct.
2553 965 2588 1049 ἓ
2618 964 2673 1026 1.
2708 961 2770 1027 ἃ·
2794 962 2854 1026 5.

235 1053 302 1125 4.
340 1056 754 1139 Exceptiones
803 1054 1392 1120 Remonstrantium
1443 1055 1511 1119 in
1557 1054 1854 1139 apologia
1878 1076 1937 1137 p.
1976 1054 2079 1117 53.
2112 1076 2281 1119 nunc
2304 1052 2740 1117 removendae.
2774 1052 2832 1116 1.
2868 1052 3047 1124 Usus,

161 1144 448 1227 inquiunt,
481 1146 802 1210 doct-rinae
847 1144 922 1208 de
949 1144 1080 1209 Deo
1103 1144 1444 1227 praemissi
1465 1146 1726 1227 suerunt
1758 1144 1869 1209 ac.
1896 1163 2070 1208 nunc
2102 1154 2347 1208 tantum
2371 1142 2485 1207 hoc
2506 1142 2701 1226 capite
2729 1140 3052 1217 asseritur,

161 1233 348 1298 muni
373 1234 546 1298 illam
577 1254 642 1297 se
661 1233 1014 1317 patefecisse
1039 1232 1154 1297 sub
1183 1233 1382 1299 trib-us
1402 1233 1687 1317 personis
1713 1253 1822 1297 seu
1845 1231 2301 1317 hypostasibus.
2346 1232 2522 1314 Quis,
2549 1231 2679 1294 nisi
2700 1250 2907 1294 vecors
2938 1248 3053 1291 no-

161 1342 255 1385 ros
304 1343 444 1387 usas
495 1322 596 1386 hic
639 1324 856 1409 finqat.
911 1320 1278 1408 Quicunque
1323 1322 1490 1387 enim-
1524 1322 1623 1386 hic
1644 1324 1951 1409 finqenter
1972 1341 2150 1399 usu-3,
2176 1320 2379 1385 iinon
2400 1322 2706 1407 fivzyenter
2727 1317 2841 1383 sub
2869 1316 3052 1403 [pag.

163 1410 308 1495 486]
349 1412 468 1475 alio
508 1422 820 1494 concepta,
848 1430 1040 1495 quam
1065 1411 1180 1475 sub
1211 1423 1506 1495 concepta
1530 1410 1814 1476 Deitatis,
1855 1412 2135 1473 Persona
2164 1420 2235 1473 ut
2262 1429 2533 1493 persona
2556 1420 2663 1485 est,
2696 1406 3057 1490 simpliciter

165 1520 330 1564 usum
351 1498 636 1583 praebere
665 1520 797 1564 aon
820 1511 1035 1582 potest,
1063 1500 1188 1563 nisi
1219 1512 1528 1585 quaten-as
1547 1519 1822 1584 persona
1854 1498 2073 1563 divina
2096 1510 2204 1562 est.
2246 1499 2429 1581 Hesp.
2486 1498 2544 1561 1.
2572 1496 2739 1572 Quid
2763 1518 2877 1579 per
2908 1516 3055 1577 per-

165 1610 358 1651 sonam
401 1588 772 1673 intelligant
816 1610 940 1650 non
967 1588 1124 1651 satis
1149 1588 1350 1673 capio.
1383 1588 1724 1653 Personam
1762 1586 1883 1650 filii
1914 1609 2059 1650 cum
2084 1586 2351 1651 dicimus
2378 1590 2489 1650 aut
2521 1584 2899 1671 cogitamus,
2926 1605 3055 1646 non

167 1677 630 1759 praescindimus
686 1676 1008 1754 deitatem,
1043 1677 1151 1741 sed
1176 1680 1222 1743 δι
1246 1676 1768 1760 personalitatem
1792 1675 1892 1738 illi
1916 1675 2239 1759 propriam
2266 1678 2311 1741 &
2338 1675 2679 1739 essentiam
2718 1672 2842 1737 Dei
2867 1671 3058 1735 simul

171 1765 582 1850 intelligimus,
606 1765 726 1829 hoc
751 1769 865 1843 est,
887 1764 1095 1829 Deum
1122 1766 1348 1829 filium.
1375 1766 1418 1830 J
1421 1789 1524 1829 am
1550 1788 1628 1829 au
1639 1770 1764 1829 tem
1789 1787 1942 1828 usus
1967 1786 2124 1847 quos
2148 1764 2255 1828 hic
2286 1764 2749 1840 annotavimus,
2777 1760 2887 1825 alii
2911 1763 3061 1824 sunt

172 1875 336 1937 quam
381 1876 538 1937 quos
593 1854 670 1917 de
717 1850 884 1937 Spir.
913 1876 997 1929 S.3
1038 1854 1164 1918 alio
1190 1854 1358 1919 enim
1385 1857 1689 1937 conceptu
1715 1852 2103 1937 intelligitur
2129 1850 2296 1936 Spir.
2322 1875 2371 1916 S.
2398 1852 2444 1917 δι
2476 1852 2602 1916 alio
2634 1851 2839 1927 filius;
2865 1848 3061 1913 immo

171 1942 276 2025 ipsi
321 1946 462 2005 sunt
507 1964 730 2007 revera
775 1942 940 2005 alius
989 1945 1034 2009 δι
1066 1942 1249 2007 alius,
1277 1944 1338 2006 2.
1366 1942 1436 2007 Si
1460 1941 1840 2006 Trinitatem
1870 1964 1981 2005 seu
2006 1945 2136 2005 tres
2168 1963 2469 2024 personas
2494 1940 2705 2016 simul,
2730 1942 2843 2002 aut
2867 1960 3061 2001 unam

169 2053 232 2093 ex
255 2030 376 2095 illis
399 2031 662 2095 seorsim
689 2031 928 2115 cogite-s
949 2054 963 2107 3
1013 2032 1150 2115 jam
1173 2031 1428 2096 illarum
1457 2030 1725 2115 praecisi
1749 2034 2087 2113 conceptus
2111 2051 2237 2094 non
2262 2032 2412 2093 sunt
2437 2032 2775 2111 conceptus
2804 2024 3061 2090 deitatis

171 2122 230 2181 ut
269 2120 352 2183 sic
376 2123 420 2185 ἃ
454 2118 736 2203 praecice
760 2119 1223 2183 consideratae:
1251 2142 1458 2204 neque
1485 2119 1653 2183 enim
1685 2118 1861 2182 notio
1886 2120 1931 2184 &
1955 2123 2291 2201 conceptus
2316 2116 2539 2181 triadis
2564 2140 2675 2181 seu
2708 2113 3061 2179 multitudi-

171 2206 253 2271 nis
297 2210 338 2274 δι
391 2207 816 2271 distinctionis
874 2212 968 2271 est
993 2212 1330 2292 conceptus
1357 2209 1622 2273 unitatis
1647 2230 1754 2271 seu
1783 2206 2059 2271 unionis.
2084 2205 2152 2271 Si
2178 2228 2331 2290 ergo
2356 2206 2574 2271 eodem
2598 2207 2905 2287 conceptu
2930 2202 3061 2266 for-

173 2296 302 2359 mali
347 2319 466 2361 non
517 2296 829 2380 intelligis
855 2296 1078 2374 filium,
1105 2302 1218 2361 aut
1243 2297 1408 2381 Spir.
1436 2320 1482 2361 s.
1512 2296 1822 2379 quomodo
1846 2318 1972 2359 non
1997 2295 2284 2379 proprios
2308 2318 2459 2359 usus
2486 2293 2794 2378 practicos
2826 2312 3063 2376 sugge-

173 2390 296 2450 rent
341 2386 530 2450 effata
577 2384 726 2449 illa:
785 2384 1006 2453 Colo-ss.
1063 2388 1122 2451 1.
1168 2408 1226 2451 v.
1284 2387 1388 2450 15.
1443 2384 1544 2450 16.
1593 2385 1691 2448 17.
1725 2384 1998 2448 18.·eun1
2024 2383 2210 2451 Hebr.
2243 2384 2385 2466 L2.
2421 2384 2480 2447 3.
2508 2384 2583 2448 de
2607 2382 2775 2459 fili03
2804 2382 2849 2448 &
2872 2380 3065 2445 effata

177 2475 377 2539 lohan.
409 2475 508 2538 14.
543 2475 646 2538 16.
679 2475 776 2538 17,
806 2477 851 2540 δι
879 2475 980 2538 15.
1008 2477 1114 2539 26.
1147 2476 1222 2540 de
1253 2475 1498 2560 Spiritu
1523 2474 1610 2551 S.,
1643 2474 1688 2539 δι
1717 2475 1791 2537 de
1816 2477 1998 2558 patre
2023 2473 2301 2540 doliana.
2330 2473 2387 2535 5.
2416 2473 2462 2538 δι
2491 2472 2591 2536 16.
2620 2493 2676 2537 υ.
2708 2472 2808 2535 15.
2834 2467 3063 2534 23.27.

178 2565 216 2628 ἃ
241 2563 332 2626 17.
358 2565 462 2626 26.
496 2565 596 2627 11.
623 2563 670 2627 81
695 2563 772 2626 de
801 2563 1008 2628 tribus
1041 2565 1078 2626 2
1113 2566 1388 2629 Corinth.
1423 2565 1519 2628 13.
1555 2565 1655 2626 13.
1683 2563 1809 2628 Cur
1836 2584 1990 2648 ergo
2006 2563 2320 2646 scriptura
2336 2561 2675 2625 distinxit?
2693 2559 2839 2624 Nisi
2856 2558 3068 2622 dicant

181 2653 368 2716 omnia
391 2653 503 2716 illa
526 2652 764 2716 inferre
797 2652 1232 2717 distinctiones
1257 2657 1416 2737 pure
1438 2652 1811 2726 nominaleS,
1838 2655 1951 2715 aut
1974 2652 2052 2714 ad
2070 2673 2389 2716 summum
2407 2650 2669 2715 rationis
2687 2647 3069 2713 ratiocinan-

180 2739 270 2804 tis.
293 2739 432 2804 Non
463 2745 562 2805 est
593 2744 808 2803 autem
835 2741 1002 2822 quod
1024 2741 1130 2804 hic
1161 2746 1535 2824 praetexant
1557 2739 2027 2823 metaphysicos
2050 2739 2357 2804 terminos
2382 2741 2429 2806 δι
2451 2737 2920 2803 distinctiones:
2947 2734 3071 2820 ipsi

184 2829 328 2892 enim
371 2829 552 2893 nobis
599 2833 907 2912 praeeunt
937 2853 951 2904 ;
1007 2853 1120 2894 suo
1160 2843 1490 2915 quatenus,
1525 2833 1570 2897 δι
1596 2829 1710 2895 sub
1735 2841 2045 2912 conceptu,
2081 2830 2126 2894 a
2156 2829 2409 2893 realiter
2430 2828 2739 2893 distincta.
2768 2827 2827 2889 3.
2855 2823 3070 2908 Siqui-

185 2916 306 2980 dem
329 2923 579 3002 propter
603 2921 1020 3000 conceptuum
1054 2919 1577 3002 conjunctionem,
1613 2923 1725 2982 aut
1747 2922 2039 2982 mutuam
2066 2939 2139 2981 ac
2162 2916 2580 2981 necessariam
2607 2917 2687 2980 ad
2710 2938 2777 2979 se
2801 2913 3072 2978 invicem

195 3005 538 3070 relationem
595 3006 807 3090 (juxta
836 3006 996 3070 illud
1019 3006 1442 3072 Nazianzeni:
1468 3005 1555 3068 Οὐ
1584 3007 1792 3087 φθάνω
1819 3003 1891 3064 τὲ
1927 3005 1987 3064 ἓν
2019 3014 2214 3073 νοῆσαι
2240 3005 2337 3064 καὶ
2356 3014 2479 3074 τοῖς
2494 3005 2647 3079 τρισὶ
2672 3004 2799 3088 810.)
2829 3003 3073 3067 nullam

187 3115 374 3158 eorum
399 3093 870 3159 distinctionem
888 3095 1234 3178 patiantur,
1263 3119 1373 3180 per
1397 3095 1684 3180 proprios
1709 3117 1781 3159 ac
1805 3093 2157 3178 peculiares
2174 3095 2390 3158 modos
2408 3095 2453 3158 δι
2469 3097 2791 3176 respectus
2808 3092 3037 3156 saltem
3057 3114 3072 3167 3

185 3203 289 3246 non
311 3184 484 3247 video
507 3183 662 3266 quid
688 3181 970 3247 Sabellio
1003 3185 1367 3268 responsuri
1391 3185 1520 3248 sint
1537 3189 1567 3248 Ρ
1593 3183 1756 3260 Quid
1788 3183 2011 3248 itidem
2036 3182 2165 3246 illis
2190 3183 2301 3266 qui
2318 3183 2617 3266 ignorant
2641 3185 2753 3245 aut
2778 3180 3074 3244 dissimu-

186 3269 300 3334 lant
334 3276 459 3336 tres
483 3293 808 3357 personaS,
835 3271 1146 3354 siquidem
1169 3278 1566 3357 praetexant,
1593 3295 1660 3336 se
1685 3295 1880 3336 unum
1914 3271 2111 3336 Deum
2150 3271 2503 3335 confitendo
2535 3269 2743 3334 triada
2772 3270 2901 3354 jam
2926 3290 3075 3332 con-

185 3357 376 3436 fessos,
433 3361 586 3444 quia
633 3360 792 3424 trias
840 3383 967 3425 non
1020 3361 1412 3446 concipiatur
1465 3362 1588 3425 uisi
1639 3362 1756 3426 sub
1813 3365 2119 3444 conceptu
2167 3360 2389 3423 unicae
2447 3358 2754 3423 essentiae
2801 3357 3076 3421 divinae.

189 3449 237 3510 4.
260 3447 490 3513 Verum
531 3448 788 3532 quidem
829 3453 926 3513 est
957 3450 1164 3514 triada
1187 3473 1322 3514 esse
1349 3473 1537 3514 unam
1567 3449 1926 3526 essentiam,
1946 3451 1989 3514 ἃ
2015 3471 2207 3513 unam
2232 3447 2571 3512 essentiam
2596 3469 2731 3510 esse
2754 3446 2961 3509 triada
2986 3443 3077 3530 (in

189 3557 348 3600 sensu
373 3538 504 3602 scil.
534 3537 831 3615 mention,
859 3538 968 3601 sed
991 3561 1116 3602 non
1143 3539 1208 3602 in
1235 3561 1422 3603 sensu
1448 3538 1729 3620 formali)
1751 3560 1764 3602 :
1792 3539 1903 3602 sed
1926 3538 2066 3602 ideo
2090 3541 2427 3620 conceptus
2442 3535 2593 3600 illus
2608 3557 2736 3599 non
2753 3539 2851 3598 est
2865 3533 3077 3615 hujuS,

187 3645 280 3688 nec
321 3627 450 3692 vice
499 3647 715 3690 versa:
767 3631 1068 3709 sequetur
1115 3628 1284 3691 enim
1333 3627 1617 3692 Gentiles
1664 3649 1776 3710 per
1807 3627 2022 3690 lumen
2056 3629 2320 3690 naturae
2346 3627 2793 3709 cognoscentes
2825 3621 3079 3685 unicam

189 3709 290 3778 Dei
331 3715 692 3791 essentiam,
733 3715 1101 3799 cognovisse
1125 3719 1253 3779 tres
1279 3739 1599 3800 personas.
1627 3714 1732 3781 Sic
1757 3715 1950 3779 etiam
1980 3737 2195 3778 verum
2224 3717 2340 3792 est,
2364 3717 2495 3777 tres
2517 3733 2817 3797 personas
2841 3732 3000 3774 unas
3033 3709 3080 3774 ἃ

193 3802 378 3867 unitas
402 3825 540 3868 esse
564 3802 632 3866 in
655 3802 842 3866 unius
868 3802 1124 3867 deitatis
1157 3805 1628 3869 communione:
1657 3827 1772 3869 nec
1795 3807 2011 3868 tamen
2034 3825 2151 3886 nep
2164 3803 2417 3880 andum,
2444 3823 2549 3865 eas
2573 3799 2831 3864 realiter
2854 3797 3079 3863 distin-

189 3891 282 3974 gui
324 3891 490 3956 inter
537 3915 624 3968 se,
663 3913 788 3974 qua
821 3913 1142 3974 personas
1167 3891 1294 3956 Hic
1318 3915 1470 3978 ergo
1497 3916 1646 3957 usus
1671 3898 1933 3956 eatenus
1958 3891 2241 3956 distincti
2266 3893 2311 3957 &
2336 3889 2575 3974 proprii
2599 3892 2748 3952 sunt
2772 3887 3081 3952 constitu-

190 3979 331 4057 endi,
369 3984 688 4064 quatenus
721 3979 766 4044 ἃ
792 4002 1120 4064 quousque
1145 3985 1483 4065 conceptus
1507 3981 1708 4045 nostri
1734 3980 2015 4046 distincti
2042 3983 2222 4044 sunt:
2268 3977 2637 4062 Sequuntur
2660 3976 2829 4040 enim
2854 3997 3081 4060 praxes

187 4065 314 4132 illae
359 4068 670 4132 mentales
718 4068 764 4133 δι
812 4069 1198 4151 spirituales,
1225 4075 1564 4154 conceptus
1589 4070 1790 4134 nostri
1816 4069 2199 4133 intellectus.
2236 4065 2399 4131 Vide
2423 4066 2701 4133 Arminii
2726 4064 3082 4130 distinctio-

189 4177 311 4220 nem
331 4161 748 4241 conceptuum
778 4156 884 4221 hic
909 4157 1145 4222 factam
1170 4159 1236 4223 in
1262 4159 1426 4244 disp.
1453 4159 1739 4243 proxime
1759 4158 2041 4242 praeced.
2069 4157 2145 4221 de
2168 4153 2457 4232 αἰτοὲεῴ.
2510 4155 2569 4219 5.
2599 4153 2779 4230 Quod
2805 4153 3080 4218 addunt:

189 4263 429 4324 persona
489 4257 558 4310 ut
609 4265 878 4329 persona
917 4259 1025 4326 est,
1050 4248 1412 4332 simpliciter
1437 4269 1628 4313 usum
1649 4246 1943 4332 praebere
1962 4265 2093 4312 non
2109 4256 2309 4332 potest
2331 4245 2459 4311 nisi
2480 4254 2791 4332 quatenus
2810 4262 3086 4328 persona

194 4331 380 4398 divim
427 4346 549 4399 est:
597 4335 946 4400 divinitatis
989 4348 1199 4401 autem
1247 4349 1594 4422 conceptus,
1643 4357 1800 4422 quos
1844 4355 2007 4400 usus
2046 4333 2337 4419 praebeat
2354 4335 2499 4419 jam
2529 4345 2675 4398 ante
2694 4332 3088 4417 praecedente

199 4423 364 4506 cupite
408 4423 513 4510 (de
559 4421 683 4488 Dei
730 4445 814 4489 sc.
841 4421 1093 4490 Natura
1119 4427 1164 4492 ἃ
1189 4427 1490 4510 essentia)
1513 4425 1864 4491 indicatum
1887 4433 2017 4489 erat
2032 4447 2052 4487 :
2082 4445 2210 4487 non
2232 4444 2361 4488 uno
2390 4422 2575 4488 modo
2600 4421 3083 4572 absurdumNest.

2984 4527 3087 4570 am
