3694 4871
618 248 745 316 182
814 245 1243 317 Dwnvll.
1290 198 1962 315 Pnonnsnux
2006 267 2104 312 nn
2149 245 2504 315 Mum-1⁸0
2553 248 2946 314 Culusa-1
2989 248 3221 315 Pius
3265 246 3364 314 IL

614 436 843 501 saltem
864 438 1067 501 totum
1094 432 1258 499 hoc
1238 454 1305 499 ιιι
1332 432 1543 499 medio
1562 432 1922 517 relinquere
1946 455 2062 499 nec
2083 454 2277 517 supra
2301 434 2626 499 decretum
2649 436 2698 501 e
2719 433 2990 499 liberam
3011 432 3135 498 Dei
3153 434 3550 499 voluntatem

615 544 954 609 assurgere
1000 522 1317 600 videntur,
1363 525 1437 586 ut
1487 522 1772 588 Rollocus
1816 522 1895 587 de
1954 522 2288 600 Vocatione,
2325 523 2577 589 Tilenus
2608 524 2680 588 in
2708 523 3129 608 SgsntaqmatQ
3157 522 3546 600 Melanthea,

616 612 923 691 Pezelius,
974 609 1253 679 Solmius
1305 607 1419 676 oste.
1462 607 1603 675 Nec
1646 610 2112 694 praetereundi,
2161 610 2269 693 qui
2315 611 2606 694 quamvis
2630 632 2753 675 non
2783 613 2996 674 totum
3016 610 3222 676 autin
3245 610 3503 674 totum‘
3481 634 3550 673 ιιι

612 700 822 765 medio
842 699 1228 781 relinquant,
1251 697 1365 762 illo
1394 700 1611 761 tamen
1640 701 1948 780 tempore,
1974 698 2022 765 δι
2044 698 2172 762 ista
2200 720 2398 763 occas
2383 722 2524 763 .one
2547 699 2614 763 in
2639 698 2846 764 medio
2876 697 3153 781 relinqui
3185 698 3550 763 consultum

612 790 941 888 putarunt.
966 785 1419 851 Constantinus
1441 786 1465 849 l
1469 785 1882 869 ’‘Empereur
1863 807 1930 849 m
1953 784 2339 850 refutatione
2360 786 2504 852 Don
2529 784 2690 851 Isac.
2725 785 3192 857 Abrabanielis,
3219 786 3334 849 ubi
3357 786 3548 851 satis-

614 873 909 940 factionis
955 872 1196 939 Christi
1241 873 1497 957 plenam
1542 872 1894 938 doctrinam
1938 895 2006 937 se
2051 873 2352 939 exhibere
2383 874 2536 939 dicit
2567 875 2660 960 (in
2685 874 2836 938 libri
2858 874 3310 957 frontispicio),
3332 874 3424 939 sic
3451 875 3548 937 lo-

617 962 867 1046 quitur:
926 962 1203 1041 Quaerit,
1251 981 1341 1026 an
1382 962 1675 1049 infinitus
1696 981 1945 1027 seware
1964 982 2096 1027 non
2114 962 2313 1045 possit
2334 962 2564 1048 absque
2587 964 2798 1038 λπρῳ.
2831 962 3212 1050 Respondeo,
3237 962 3552 1048 quidquid
3672 998 3676 1049 i

614 1050 693 1116 sit
717 1051 794 1117 de
815 1050 1091 1152 potentia
1114 1050 1178 1116 ἃ·
1184 1050 1337 1134 jure
1359 1050 1615 1125 divium
1637 1050 1942 1116 voluntati
1960 1050 2113 1135 ejus,
2138 1071 2336 1136 quam
2357 1050 2561 1116 Exod.
2594 1051 2699 1115 34.
2731 1051 2792 1115 7.
2817 1048 3100 1115 Nahum.
3129 1050 3191 1113 1.
3219 1052 3284 1118 3.
3307 1071 3380 1115 ac
3399 1050 3552 1115 alibi
3672 1052 3676 1119 ἓ

614 1139 931 1225 expressit,
976 1138 1319 1203 necessario
1332 1138 1625 1238 satisfieri
1646 1136 1946 1203 debuisse.
1972 1136 2207 1202 Contra
2229 1142 2444 1203 tamen
2463 1138 2892 1202 affirmantem
2915 1138 3306 1203 sententiam
3329 1142 3550 1203 tenent
3672 1124 3676 1221 Ξ

614 1227 971 1328 complures
1016 1226 1418 1305 recentioreS,
1443 1225 1555 1309 qui
1578 1247 1657 1289 ex
1679 1224 1964 1309 professo
1987 1223 2356 1290 Socinianos
2381 1230 2494 1290 aut
2515 1225 3042 1291 Remonstrantes
3066 1231 3544 1311 oppugnarunt,

614 1318 727 1380 aut
751 1315 861 1398 qui
883 1318 1029 1398 post
1052 1313 1367 1379 detectam
1390 1334 1465 1378 ac
1486 1313 1862 1378 ventilatam
1887 1310 2100 1378 Socini
2125 1312 2420 1379 haeresin
2441 1313 2612 1379 locos
2627 1336 3011 1393 communeS,
3029 1314 3267 1393 theses„
3287 1314 3546 1378 elencti-

620 1424 725 1469 cos
768 1404 1079 1467 tractatus
1124 1401 1474 1465 ediderunt.
1524 1399 1758 1476 Quales
1802 1405 1953 1465 sunt
1995 1400 2162 1466 inter
2207 1402 2366 1467 alios
2413 1402 2524 1485 qui
2559 1424 2728 1467 nunc
2748 1401 2912 1467 mihi
2925 1406 3268 1467 occurrunt
3301 1404 3548 1467 Zame-

617 1491 822 1557 vecius
866 1491 943 1557 de
982 1489 1439 1575 satisfactione5
1479 1490 1773 1555 Parcus'
1744 1509 1819 1555 in
1847 1500 2250 1555 commentar.
2289 1490 2376 1555 ad
2405 1492 2670 1556 Roman.
2699 1491 2760 1555 1.
2787 1490 3117 1555 Piscator
3091 1512 3164 1555 ιη
3185 1490 3481 1571 thesibus,
3503 1492 3550 1556 ἃ
3673 1500 3676 1505 “

618 1579 686 1643 in
710 1577 958 1662 seriptis
980 1588 1197 1642 eontra
1226 1574 1577 1653 Vorstium;
1603 1578 2188 1661 Βαυ3η3ρ3ν93νιι3·
2163 1598 2235 1642 ιη
2243 1579 2486 1662 judicio
2501 1579 2578 1643 de
2599 1578 2758 1643 libro
2785 1579 2988 1644 Grotii
3007 1578 3086 1641 de
3105 1578 3552 1663 satisfactionae

620 1666 977 1732 Sibi-andus
998 1664 1351 1732 Lmubertus
1327 1686 1399 1731 m
1420 1665 1668 1749 seriptis
1690 1676 1908 1730 eontra
1943 1667 2293 1742 Vorstium;
2313 1666 2620 1750 Synopsis
2644 1667 2711 1732 D
2731 1668 2816 1733 D.
2843 1666 3549 1751 ProfessorumLeiden-

621 1754 831 1831 sium;
876 1753 1216 1819 eorundem
1269 1751 1550 1820 Censura
1594 1752 1851 1839 confess.
1899 1754 2270 1830 Remonstrs
2294 1755 2544 1820 Rivetus
2575 1756 2644 1818 in
2669 1755 2850 1839 [pag.
2877 1754 3042 1839 240]
3065 1755 3442 1821 considerat.
3465 1754 3552 1819 ad

624 1841 946 1928 Synopsin
983 1840 1058 1905 de
1078 1852 1317 1906 natura
1344 1838 1408 1907 ἃ·
1427 1840 1633 1925 qratia
1656 1860 1789 1925 cap.
1817 1841 1880 1903 6.
1881 1842 2000 1912 δι’
1976 1861 2047 1905 m
2068 1843 2302 1925 epistol.
2334 1843 2421 1908 ad
2447 1844 2590 1909 Gul.
2617 1842 2906 1909 Ribetum
2925 1862 3074 1927 paq.
3103 1842 3209 1907 78.
3234 1844 3550 1907 lohannes
3673 1842 3676 1847 ’

620 1929 897 1997 lunius
872 1950 943 1994 m
965 1930 1216 2016 refutat.
1236 1930 1625 2029 praelection.
1648 1928 1852 1994 Sosin.
1875 1949 2008 2012 cap.
2041 1930 2142 1993 16.
2171 1930 2555 1995 Maccovius'
2531 1951 2602 1996 m
2616 1931 2823 2014 dispp.
2839 1930 3197 2015 Altinqius
3171 1952 3246 1995 m
3270 1931 3552 2015 leeoloy.

619 2020 824 2085 eleuet.
871 2018 973 2084 δι’
947 2038 1019 2083 ιη
1041 2017 1294 2101 exposit.
1326 2016 1621 2082 Cateclzes.
1648 2028 1884 2101 quaest.
1916 2018 2020 2081 11.
2051 2014 2114 2081 ἃ·
2152 2018 2252 2081 12.
2279 2018 2342 2084 ἃ·
2367 2016 2472 2081 40.
2499 2017 2760 2083 Ι3ιια3ιι3
2789 2018 3079 2083 Junius
3055 2039 3127 2083 m
3149 2020 3553 2119 antapoloqia

620 2126 756 2191 cap.
805 2106 869 2171 2.
926 2106 1198 2171 Vedelius
1252 2105 1323 2169 in
1374 2105 1713 2189 opusculis,
1767 2104 1972 2189 colley.
1997 2105 2160 2188 disp.
2189 2111 2248 2169 5.
2289 2104 2352 2171 ἃ·
2376 2106 2481 2169 33.
2513 2106 2601 2170 Et
2633 2118 2867 2192 quaest.
2891 2106 2969 2171 de
2987 2106 3122 2171 Deo
3151 2106 3217 2173 ἃ·
3243 2108 3552 2171 creatione

619 2206 851 2280 quaest.
880 2194 985 2259 27.
1013 2194 1119 2258 28.
1145 2192 1467 2259 Diestius‘
1443 2213 1513 2257 m
1533 2192 1894 2258 Enehiridio
1929 2193 2206 2279 Theoloq.
2238 2194 2462 2260 Christ.
2491 2196 2599 2259 loc.
2631 2195 2744 2257 15.
2753 2194 3258 2259 Steehmannus'
3231 2216 3305 2259 m
3333 2194 3554 2261 Photi-

622 2282 942 2349 nianismo
994 2282 1155 2365 disp.
1206 2281 1312 2346 22.
1351 2292 1583 2366 quaest.
1610 2281 1672 2346 3.
1714 2279 2122 2347 Wendelinus
2145 2282 2246 2346 lib.
2284 2282 2342 2345 l.
2379 2282 2653 2369 Theoloq.
2680 2302 2815 2365 cap.
2838 2283 2896 2345 1.
2923 2282 3078 2347 thesi
3099 2283 3208 2346 36.
3253 2284 3555 2349 Essenius

626 2383 842 2438 contra
868 2369 1163 2438 Crellium
1187 2369 1262 2434 de
1284 2370 1581 2455 satisfaet.
1608 2368 1711 2434 lib.
1736 2369 1793 2431 1.
1816 2380 1955 2434 sect.
1981 2370 2042 2432 2.
2067 2389 2203 2456 cap.
2233 2370 2291 2432 1.
2323 2367 2387 2435 ἃ·
2411 2371 2471 2433 2.
2488 2371 2671 2455 Disp.
2693 2370 3129 2456 Bezaest‘Faji
3143 2368 3336 2437 Anno
3359 2371 3555 2438 1591.

624 2458 913 2525 Genevae
930 2458 1159 2538 editae,
1175 2458 1470 2523 videntur
1484 2457 1682 2524 etiam
1693 2457 1821 2523 huc
1834 2457 2140 2523 inclinare
2159 2459 2322 2542 disp.
2327 2460 2432 2523 26.
2451 2457 3020 2543 EtHemminqius
2995 2480 3068 2524 tn
3083 2459 3415 2546 Syntaqm.
3417 2481 3556 2546 cap.

628 2549 703 2613 de
752 2547 995 2614 Christo
1038 2546 1347 2613 sacerdote
1391 2547 1448 2630 §-
1482 2547 1587 2610 26.
1614 2545 1719 2610 27.
1748 2547 1852 2612 28.
1877 2544 2202 2631 Imprimis
2226 2547 2577 2611 notandum
2599 2547 2853 2624 Bezam,
2886 2547 2998 2631 qui
3018 2547 3172 2612 huic
3193 2551 3554 2614 sententiae

623 2657 750 2700 non
793 2636 887 2700 ita
930 2635 1103 2700 visus
1146 2634 1382 2699 alicubi
1428 2633 1663 2713 favere,
1710 2635 1864 2720 (quo
1907 2633 2160 2699 nomine
2204 2656 2661 2718 nonnunquam
2706 2636 2787 2698 ab
2813 2633 3264 2720 Antagonistis
3286 2637 3552 2720 citatur)

624 2726 870 2788 exserte
914 2745 984 2788 re
1029 2721 1257 2787 melius
1304 2727 1632 2806 perpensa,
1680 2721 2024 2787 asseruisse
2067 2721 2136 2785 in
2175 2721 2458 2786 homiliis
2483 2723 2560 2787 de
2585 2722 3070 2789 Resurrectione
3093 2723 3359 2802 Christi,
3385 2746 3550 2789 anno

628 2811 818 2876 1593.
846 2810 1087 2876 Gallice
1110 2810 1388 2894 primum
1410 2810 1630 2876 editis.
1664 2809 1776 2875 ubi
1798 2809 2022 2875 homil.
2048 2810 2108 2874 9.
2135 2831 2281 2894 pag.
2309 2811 2460 2874 221.
2484 2810 2634 2875 edit.
2661 2811 2772 2875 lat.
2803 2811 2874 2874 in
2899 2811 2962 2876 8.
2985 2811 3106 2878 Sed
3133 2813 3280 2877 aliis
3300 2813 3552 2879 omissis

623 2899 925 2978 articulis,
971 2900 1048 2964 de
1089 2897 1203 2964 hoc
1244 2899 1487 2985 oliqmd
1528 2889 1809 2984 amplius
1831 2899 2057 2976 dicam,
2089 2899 2166 2962 de
2187 2918 2313 3000 quo
2337 2899 2436 2964 hic
2456 2899 2729 2985 quaestio
2757 2901 3056 2984 apitatur,
3081 2900 3374 2966 homines
3397 2901 3554 2986 puta

624 2987 863 3052 servari
904 3006 1035 3052 non
1085 3007 1268 3071 posse
1308 2987 1441 3052 alia
1483 2989 1725 3052 ratione
1774 2987 1970 3087 quam
2012 3007 2126 3070 per
2175 2987 2438 3052 unicum
2483 2987 2888 3067 Servatorem,
2919 2989 3172 3073 qualem
3193 2988 3556 3072 Scripturas

622 3075 853 3152 docent,
901 3095 1121 3140 verum
1154 3077 1362 3140 Deum
1396 3073 1463 3141 ἃ·
1482 3096 1701 3142 verum
1731 3074 2071 3153 hominem,
2094 3073 2435 3155 hominem,
2460 3075 2746 3161 inquam,
2767 3075 3128 3159 passibilem
3157 3095 3230 3140 re
3251 3077 3420 3161 ipsa,
3441 3077 3551 3144 auc

625 3163 763 3241 Illa,
788 3163 1053 3249 inquam
1090 3163 1306 3228 omnia
1334 3183 1483 3229 vera
1504 3184 1647 3243 3333,
1672 3163 1736 3229 ἃ·
1758 3165 1842 3228 ita
1866 3163 2006 3264 fieri
2027 3163 2392 3248 oportuisse,
2415 3163 2819 3229 naturalibus
2844 3164 3180 3248 principiis
3197 3165 3469 3248 probari
3487 3185 3556 3231 ac

624 3249 1044 3317 demonstrari
1062 3263 1347 3353 possunt,
1369 3263 1483 3318 aut
1502 3251 1789 3337 alioquin
1813 3250 2175 3316 hontinibus
2196 3252 2596 3334 pereundum
2619 3251 2832 3336 tuisse,
2849 3263 2966 3317 aut
2981 3253 3192 3318 Deum
3207 3272 3348 3317 non
3361 3255 3556 3340 fuisse

622 3341 831 3406 Dema
848 3341 1035 3426 (quae
1049 3339 1324 3405 nimium
1338 3339 1619 3405 absurda
1644 3339 1822 3422 sunt)
1846 3339 1960 3404 hoc
1979 3340 2166 3403 unico
2185 3340 2384 3422 posito
2407 3358 2479 3403 ac
2500 3359 2801 3418 concesso,
2825 3341 3035 3406 Deum
3051 3345 3302 3406 summe
3311 3343 3556 3423 justum

620 3449 745 3494 esse
764 3447 837 3492 ac
858 3432 1105 3496 summe
1126 3428 1609 3506 misericordem,
1640 3425 1703 3492 ἃ·
1723 3447 1939 3492 omnes
1961 3425 2244 3492 homines
2266 3447 2393 3492 esse
2411 3438 2788 3529 peccatores.-
2812 3448 2972 3513 quae
2991 3448 3196 3508 neme,
3219 3429 3354 3494 nisi
3371 3449 3554 3514 pror-

624 3535 735 3582 sus
775 3516 1064 3595 insa-nus,
1104 3516 1378 3582 audeat
1354 3536 1425 3580 ιη
1424 3516 1643 3604 fictari
1691 3517 1791 3581 En
1814 3515 2012 3600 iqitur
2031 3515 2436 3580 certissimam
2458 3516 3037 3581 ratiocinationem.-
3079 3517 3295 3582 Deum
3323 3528 3557 3602 oportet

620 3605 876 3689 quando
898 3605 1147 3690 quidem
1173 3607 1419 3670 summe
1426 3606 1647 3689 ¹pastus
1667 3615 1773 3682 est,
1798 3603 2134 3669 hominum
2148 3613 2392 3690 peccata
2419 3615 2724 3688 tanquam
2749 3605 2957 3671 Deum
2977 3604 3323 3682 vindicare,
3337 3605 3554 3690 poenis

621 3691 933 3758 nimirum
977 3693 1263 3780 infinitae
1304 3693 1438 3777 ejus
1484 3692 1788 3776 Majestati
1831 3689 2377 3774 respondentibus.
2423 3693 2593 3777 quod
2635 3713 2688 3756 st
2679 3692 2966 3777 ‘fecerit'
2941 3713 3014 3756 tn
3035 3692 3322 3777 singulos
3343 3696 3556 3760 anim·-

619 3779 963 3860 advertens,
988 3781 1498 3867 quandoquidem
1522 3779 1759 3865 sinyuli
1776 3799 1992 3845 omnes
2011 3790 2372 3862 peccatores,
2395 3779 2639 3845 nullius
2654 3779 3064 3844 miserebitur.-
3079 3780 3142 3846 ἃ·
3158 3782 3250 3845 ita
3265 3783 3554 3885 sinqulos

622 3868 917 3952 oportebit
964 3870 1036 3934 in
1054 3869 1470 3953 perditionem
1494 3867 1683 3933 abire.
1729 3867 1846 3934 Sin
1869 3879 2078 3932 autem
2125 3868 2416 3933 omnium
2459 3867 2809 3946 miseretur,
2827 3869 3293 3968 perfectissima
3315 3871 3556 3955 illaju-

619 3955 789 4022 stitia
803 3958 923 4022 sud
941 3956 1004 4022 ἃ·
1017 3956 1270 4043 quidem
1286 3957 1546 4046 infinita
1559 3956 1890 4040 spoliatur,
1909 3975 1984 4020 ae
1993 3956 2262 4040 proinde
2275 3973 2408 4019 non
2423 3956 2705 4058 amplius
2717 3957 2844 4020 nisi
2833 3955 3192 4022 'bantinum
3207 3958 3554 4024 moreDeus

622 4055 729 4110 est.
781 4045 952 4110 Idem
995 4057 1117 4110 esto
1164 4046 1403 4111 dietum
1443 4043 1519 4110 de
1560 4045 1745 4110 unico
1768 4043 2038 4122 homine,
2069 4044 2125 4107 si
2141 4044 2274 4128 ejus
2298 4044 2384 4108 sic
2405 4045 2793 4122 misereatur,
2817 4055 2889 4109 ut
2917 4043 2990 4108 in
3010 4064 3156 4109 eum
3185 4065 3324 4110 non
3344 4049 3554 4112 anim·-

620 4133 902 4198 advertat
924 4145 1227 4219 tanquam
1251 4134 1444 4199 Deus.
1473 4132 1751 4215 Quinam
1774 4143 1986 4198 autem
2005 4131 2253 4233 aliquis,
2279 4133 2562 4218 quisquis
2585 4133 2689 4197 ille
2709 4133 2810 4211 sit,
2833 4132 3028 4198 simul
3047 4132 3259 4197 eodem
3285 4145 3556 4220 tempore

622 4221 694 4285 in
715 4232 1042 4288 aeternum
1062 4233 1269 4305 pereat
1292 4222 1357 4288 ἃ
1380 4222 1705 4288 servetur?
1750 4221 2041 4304 Superest
2074 4220 2269 4304 i9itur
2293 4221 2544 4303 ipsemet
2568 4219 2753 4285 debiti
2779 4222 3225 4305 persolutorem
3249 4243 3316 4286 se
3338 4223 3554 4288 eonsti-

627 4318 781 4388 tuat,
811 4309 883 4373 in
910 4329 1035 4394 quo
1056 4327 1311 4373 summa
1334 4329 1467 4392 epus
1476 4309 1749 4392 justitia,
1774 4326 2151 4392 summaque
2171 4308 2599 4375 misericordia
2619 4309 2817 4375 simul
2835 4309 3226 4390 conveniant,
3247 4312 3478 4377 vadem
3497 4329 3555 4376 se

3487 4420 3556 4466 ac
