3694 4871
611 282 740 345 344
1275 276 2889 371 Dlsr.XII.Dnanan'1-E9Ancn1.10.

609 466 894 535 foederis.
917 467 1186 553 gratiae,
1227 464 1486 545 Christi,
1528 464 1696 544 fidei,
1745 462 1973 529 salutis
2026 462 2209 527 nobis
2263 484 2447 549 pares
2508 462 2771 530 fuerunt
2820 462 3023 531 Galat.
3074 460 3138 525 3.
3192 480 3249 525 v.
3296 458 3354 523 6.
3378 457 3437 519 7.
3462 457 3523 522 8.

611 555 802 621 Hebr.
857 556 960 619 11.
1010 576 1066 620 v.
1119 556 1182 617 2.
1230 554 1290 617 2.
1346 554 1484 619 Gor.
1535 553 1597 615 4.
1645 574 1702 618 v.
1743 554 1846 616 13.
1883 552 2087 617 Actor.
2119 553 2301 617 l5.v.
2340 553 2441 615 11.
2491 550 2667 617 Η666
2690 554 2909 616 autem
2930 550 2998 614 in
3020 548 3157 614 solo
3182 544 3523 631 Euangeho

612 644 892 709 revelata
939 643 986 709 ἃ
1033 642 1342 727 promissa
1388 646 1570 719 sunt3
1615 663 1767 727 ergo
1797 640 2165 705 habuerunt
2188 640 2235 705 ἃ
2258 640 2384 706 fuit
2416 644 2568 705 tunc
2590 639 2897 724 temporis
2922 637 3363 723 Euangelinm.
3406 632 3525 699 Sed

614 732 933 797 ob'icitur.

701 754 762 883 ll.
819 820 1040 904 Objecl.
1101 819 1298 902 Atqui
1349 819 1728 902 complures,
1785 818 1839 882 si
1877 838 2005 881 non
2028 817 2315 901 plerique
2340 822 2555 883 textus
2588 817 2668 883 V.
2704 817 2780 884 Τ.
2806 818 2861 881 31
2886 818 3209 903 legantur,
3238 840 3345 903 per
3366 840 3429 881 se
3450 817 3523 881 de

615 908 854 973 Christi
876 930 1166 992 persona,
1197 906 1427 987 officie,-
1453 912 1723 990 utroque
1749 910 1922 971 statu
1948 906 2055 971 vix
2082 907 2375 971 videntur
2400 908 2601 991 accipi
2626 930 2830 991 posse,
2856 906 2911 971 si
2931 908 3253 971 literalem
3266 928 3523 983 sensum,

614 998 726 1081 qui
748 997 920 1061 solus
947 1000 1046 1061 est
1071 995 1627 1075 demonstrativus,
1661 996 2107 1079 respiciamus:
2140 996 2262 1060 nisi
2294 995 2377 1061 N.
2406 995 2481 1060 Τ.
2510 996 2819 1061 autoritas
2844 996 2891 1060 a
2916 996 3257 1080 explicatio
3288 995 3519 1060 accede-

615 1090 732 1150 ret.
781 1084 965 1169 Resp.
995 1086 1052 1147 1.
1079 1082 1300 1149 Manet
1325 1084 1575 1164 saltem,
1609 1088 1847 1149 certam
1880 1087 1927 1151 &
1952 1084 2309 1165 evidentem
2333 1106 2469 1150 esse
2492 1084 2779 1149 locorum
2808 1082 2887 1149 V.
2917 1083 2992 1148 T.
3026 1082 3521 1169 explicationem,

615 1175 783 1258 apud
829 1195 1044 1237 omnes
1068 1174 1178 1257 qui
1203 1172 1566 1237 Christiano
1591 1173 1844 1237 nomine
1878 1172 2326 1257 comprehendi
2360 1174 2582 1239 volunt
2613 1175 2660 1239 81
2684 1172 3091 1237 autoritatem
3121 1173 3419 1237 librorum
3440 1169 3519 1235 N.

616 1262 690 1326 T.
718 1263 1097 1327 admittunt:
1125 1261 1345 1345 quales
1379 1265 1526 1325 sunt
1549 1258 1873 1325 Sociniani
1899 1264 1944 1328 81
1970 1260 2515 1326 RemonstranteS.
2552 1260 2733 1337 Quod
2757 1262 2837 1325 ad
2860 1260 2905 1325 J
2906 1262 3161 1337 6116603,
3190 1262 3465 1345 aliosque
3484 1263 3519 1323 a

618 1351 738 1414 fide
790 1351 970 1437 [pag.
1021 1350 1140 1436 21]
1196 1353 1549 1429 extraneOS,
1576 1350 1875 1414 cumillis
1904 1351 2220 1434 agendum
2246 1350 2543 1415 methodo
2568 1350 2875 1414 hactenus
2900 1349 3054 1414 trita
3080 1352 3127 1417 &
3151 1354 3395 1433 recepta
3422 1348 3517 1434 (de

617 1444 742 1522 qua
771 1439 836 1503 in
870 1440 924 1503 1.
947 1451 1113 1523 part.
1137 1440 1322 1503 select.
1353 1438 1556 1523 dispp.
1593 1439 1681 1503 ιίι.
1711 1438 1784 1503 de
1807 1439 2095 1504 Adventu
2121 1440 2395 1524 Mes-siae,
2420 1438 2481 1504 ἃ·
2504 1439 2579 1503 de
2602 1438 2996 1525 Judaism.o);
3022 1439 3105 1502 ad
3128 1460 3320 1522 quam
3342 1437 3518 1502 etiam

615 1528 934 1593 Sociniani
966 1528 1011 1592 81
1041 1526 1561 1591 Remonstrantes
1586 1527 1666 1591 ob
1693 1527 2061 1592 affectatum
2086 1528 2131 1593 81
2156 1532 2509 1592 assumtum
2536 1527 2797 1591 titulum
2822 1525 3297 1591 Christianismi
3316 1530 3519 1591 tenen·

617 1622 742 1680 tur.
795 1618 972 1699 Hesp.
1025 1616 1082 1677 2.
1137 1613 1206 1679 Si
1252 1615 1516 1693 concise,
1564 1638 1680 1679 nec
1733 1620 1869 1679 tam
1917 1617 2239 1681 evidenter
2285 1620 2477 1699 atque
2502 1616 2797 1695 ubertim,
2831 1636 2905 1679 ac
2927 1616 2995 1678 in
3020 1612 3206 1680 libris
3230 1614 3311 1679 N.
3344 1613 3411 1677 T.
3435 1612 3519 1676 ibi

623 1704 862 1787 scripta
908 1708 1090 1779 sunt;
1115 1702 1286 1765 hunc
1317 1707 1528 1767 tamen
1555 1705 1909 1787 genuinum
1932 1727 2069 1769 esse
2093 1726 2347 1769 sensum
2374 1727 2450 1768 ex
2474 1704 2810 1768 ordinariis
2838 1726 2964 1767 non
2986 1708 3242 1768 tantum
3274 1702 3521 1767 doctori-

619 1794 738 1855 bus
787 1792 1081 1876 (Malach.
1107 1792 1164 1852 2.
1193 1810 1248 1854 v.
1287 1792 1351 1877 7)
1385 1792 1493 1854 sed
1515 1791 1831 1874 imprimis
1858 1793 2055 1857 etiam
2086 1792 2152 1855 in
2178 1816 2326 1857 casu
2353 1792 2769 1857 dubitationis
2794 1813 2873 1856 ex
2898 1793 3041 1856 viva
3072 1814 3224 1856 voce
3250 1793 3294 1857 82
3320 1794 3518 1855 extra-

619 1880 936 1945 ordinario
986 1878 1445 1962 prophetarum
1491 1879 1845 1945 ministerio
1900 1882 2117 1946 fideles
2145 1881 2380 1959 habere
2406 1884 2777 1964 potuerant:
2806 1880 2983 1963 cujus
3008 1880 3369 1945 assistentia
3390 1882 3523 1963 post

621 1990 946 2034 excessum
1005 1967 1456 2051 Apostolorum
1509 1968 1683 2033 deest
1725 1969 2048 2035 Ecclesiae
2072 1968 2158 2033 N.
2184 1968 2259 2033 T.
2286 1972 2693 2053 compensata
2716 1968 2851 2033 scil.
2878 1990 2991 2052 per
3014 1969 3459 2047 extensionem,
3482 1966 3522 2033 81
3645 2010 3647 2055 5

621 2056 1074 2123 evidentiorem
1121 2055 1400 2134 canonis,
1448 2077 1561 2139 per
1599 2078 1918 2122 accessum
1942 2058 2253 2122 librorum
2278 2056 2361 2121 N.
2396 2056 2471 2121 T.
2504 2058 3150 2122 consummationem:
3176 2057 3359 2121 sicuti
3386 2078 3523 2120 con·

623 2145 892 2211 tractius
947 2147 992 2209 &
1043 2144 1252 2208 minus
1301 2143 1555 2208 evidens
1603 2146 1861 2210 canonis
1920 2144 1999 2210 V.
2048 2145 2121 2210 T.
2171 2147 2410 2225 lumen,
2434 2168 2550 2230 per
2572 2144 2776 2209 facem
2804 2146 3262 2229 prophetarum
3290 2147 3336 2211 ἃ
3358 2145 3523 2207 vivae

621 2235 790 2298 vocis
815 2233 1089 2307 oracula,
1114 2231 1400 2314 aequalis
1425 2232 1739 2316 scriptura
1766 2235 2149 2314 autoritatis,
2182 2236 2661 2317 compensatum
2690 2234 2834 2298 fuit.

712 2324 772 2387 2.
827 2321 1046 2405 Objecl.
1093 2318 1241 2384 Non
1288 2324 1536 2384 constat
1581 2321 1927 2386 formulam
1979 2323 2126 2387 fidei
2174 2322 2573 2387 Christianae
2622 2326 2841 2386 11016111
2864 2326 2977 2386 661
2999 2326 3321 2406 receptam
3342 2319 3524 2385 fuisse

621 2409 1012 2475 Patriarchis
1037 2411 1083 2476 &-
1106 2408 1408 2474 Ecclesiis
1435 2408 2011 2476 patriarchalibus:
2042 2412 2205 2477 unde
2232 2412 2402 2476 enim
2424 2411 2543 2476 hoc
2561 2432 2635 2476 ex
2654 2410 2877 2495 primis
2894 2410 3213 2496 capitibus
3230 2409 3525 2476 Geneseos

619 2498 958 2564 historiam
1004 2498 1305 2562 ecclesiae
1345 2499 1481 2582 jam
1504 2499 1650 2562 inde
1677 2502 1714 2564 a
1736 2500 1922 2582 lapsu
1950 2523 2148 2584 usque
2180 2501 2260 2564 ad
2289 2499 2729 2564 Abrahamum
2760 2499 3259 2577 continentibus,
3284 2497 3523 2584 probari

621 2592 855 2674 posset.
881 2588 1059 2671 Hesp.
1089 2587 1163 2651 de
1193 2585 1470 2650 formula
1495 2589 1542 2653 &
1565 2588 1686 2651 fide
1710 2588 2221 2672 patriarcharum
2245 2589 2572 2654 indefinite
2605 2587 2714 2666 ibi,
2748 2588 2998 2652 collatis
3028 2589 3311 2654 textibus
3333 2585 3419 2654 N.
3442 2585 3523 2664 T.,

625 2677 842 2762 (Hebr.
895 2675 996 2738 11.
1047 2675 1322 2741 Jolumn.
1366 2675 1427 2739 8.
1453 2678 1578 2754 816.)
1603 2676 1758 2740 36113
1783 2676 2052 2742 historia
2076 2699 2189 2742 nos
2215 2678 2463 2742 edocet:
2490 2677 2601 2742 sed
2623 2676 2763 2760 ipsa
2788 2677 2943 2741 fides
2966 2699 3207 2756 eorum,
3234 2699 3345 2741 seu
3372 2679 3525 2741 cate-

624 2764 868 2830 chesios
917 2767 1029 2828 aut
1075 2762 1487 2828 confessionis
1535 2764 1812 2830 formula
1835 2766 1903 2830 in
1928 2765 2134 2849 specie
2160 2772 2202 2827 &
2228 2765 2485 2830 definite
2516 2787 2589 2829 66
2619 2787 2731 2848 per
2754 2769 2971 2848 partes
3002 2787 3129 2829 non
3156 2764 3521 2848 explicatur:

623 2853 747 2917 hoc
795 2852 964 2915 enim
1001 2851 1262 2934 'proprie
1306 2873 1432 2915 non
1481 2859 1576 2917 est
1613 2853 1922 2917 historici.
1974 2853 2155 2919 Unde
2182 2853 2562 2939 colligimuS,
2586 2874 2713 2917 non
2737 2854 2893 2918 satis
2918 2855 3100 2918 caute
3123 2855 3170 2919 81
3194 2853 3475 2918 accurate
3494 2854 3523 2913 ὲ

564 2987 568 2992 -
623 2940 949 3004 nonnullis
1007 2939 1200 3004 videri
1247 2941 1673 3024 praesupponi
1719 2946 1832 3006 aut
1856 2943 2075 3020 statui,
2109 2943 2299 3007 fidem
2324 2964 2398 3006 ac
2428 2941 2857 3027 cognitionem
2888 2942 3239 3006 salutarem
3264 2939 3522 3006 Patriar-

627 3029 892 3093 charum
938 3027 1191 3106 Adami,
1226 3026 1429 3106 Sethi,
1455 3029 1826 3108 Enoch,·&c.
1853 3030 2163 3115 paulatim
2192 3053 2268 3095 ex
2292 3030 2505 3114 parvis
2538 3032 2583 3096 &
2606 3029 2889 3094 obscuris
2912 3029 3115 3094 initiis
3146 3049 3521 3116 progressam

627 3116 974 3182 successive
1020 3116 1287 3180 crevisse
1335 3119 1380 3182 &
1428 3121 1753 3182 extensam
1799 3142 1958 3197 esse,
2006 3122 2196 3204 prout
2224 3141 2328 3184 res
2352 3119 2715 3196 credendae,
2741 3119 2817 3182 de
2841 3118 3075 3202 quibus
3098 3122 3319 3184 tacent
3340 3118 3521 3202 priora

627 3205 840 3289 capita
866 3203 1200 3283 GeneseOS,
1224 3204 1537 3288 paulatim
1563 3208 1975 3289 sequentibus
2008 3207 2343 3291 capitibus,
2376 3211 2448 3270 ut
2472 3206 2668 3270 etiam
2690 3207 3103 3289 sequentibus
3130 3207 3335 3285 libris,
3374 3205 3521 3270 modo

625 3294 778 3359 illae
801 3294 984 3357 modo
1015 3291 1176 3356 istae
1201 3314 1314 3376 per
1344 3294 1734 3359 occasionem
1756 3296 2018 3360 fuerunt
2049 3296 2331 3360 detectae
2364 3295 2411 3360 &
2434 3295 2769 3360 revelatae.
2794 3294 2975 3370 Quod
3006 3295 3059 3358 si
3084 3294 3231 3378 quis
3254 3293 3523 3358 articulos

627 3382 775 3447 fidei
822 3383 868 3448 8⁵
921 3380 1243 3465 euangelii
1294 3384 1368 3444 ut
1415 3384 1911 3468 &cognitionem
1938 3383 2455 3448 patriarcharum
2478 3405 2620 3447 cum
2645 3382 2914 3447 historia
2938 3404 3157 3448 eorum
3182 3379 3521 3466 compendio

627 3469 852 3555 primis
879 3491 1058 3553 capp.
1087 3469 1403 3533 Geneseos
1418 3471 1758 3553 perstricta
1783 3473 1923 3556 pari
1952 3494 2143 3557 passu
2174 3473 2266 3537 ire
2290 3473 2336 3538 81
2360 3472 2675 3556 reciproce
2700 3471 2982 3536 converti
3006 3472 3183 3551 velit,
3210 3471 3396 3556 quasi
3414 3467 3521 3534 scil.

627 3559 793 3622 nihil
839 3557 1140 3621 sciverint
1185 3562 1296 3620 aut
1319 3559 1718 3640 crediderint,
1745 3565 1857 3625 aut
1880 3563 2058 3626 nulla
2086 3560 2335 3636 γνωστὰ
2360 3563 2406 3627 81
2436 3557 2725 3620 marein&
2747 3559 2903 3644 ipsis
2934 3560 3263 3644 proposita
3294 3557 3519 3636 fuerint,

630 3669 824 3730 quam
848 3667 1009 3729 quae
1026 3645 1450 3710 11131011611116
1473 3654 1802 3714 enumerat
1827 3652 1872 3715 81
1896 3649 2230 3734 indigitat:
2251 3651 2387 3734 jam
2410 3649 2579 3714 idem
2604 3649 2679 3713 de
2704 3649 3061 3734 cognitione
3086 3648 3281 3734 Legis
3298 3644 3521 3713 moralis

636 3739 799 3800 esset
845 3734 1310 3798 affirmandum.
1361 3734 1540 3811 Quod
1565 3738 2090 3803 absurdissimum
2121 3742 2237 3804 est.
2288 3737 2442 3814 Quis
2475 3738 2643 3802 enim
2677 3760 2752 3802 ex
2777 3737 3045 3802 historia
3074 3735 3518 3802 antediluviami

633 3827 670 3889 a
697 3825 910 3890 Genes.
938 3823 998 3887 4.
1026 3845 1226 3906 usque
1251 3823 1310 3886 9.
1340 3823 1552 3889 1116363
1576 3826 1949 3910 principalis
1974 3849 2114 3892 cum
2141 3827 2603 3912 hypothesibus
2627 3826 2673 3891 &
2690 3825 3095 3890 consectariis
3116 3827 3250 3890 suis
3276 3825 3517 3890 61111666-

631 3913 850 3996 logum
898 3912 1288 3994 pertinentes
1343 3913 1775 3979 demonstrare
1827 3919 2071 3999 queat?
2117 3915 2203 3980 Ε1
2250 3920 2467 3979 tamen
2496 3914 2677 3979 nefas
2710 3918 2877 3978 esset
2902 3914 3130 3992 dicere,
3154 3915 3323 3979 tales
3356 3931 3515 3978 asser·

631 4001 836 4064 tiones
883 3997 1100 4149 SefthO,
1149 3999 1429 4076 EnochO,
1484 4001 1770 4084 NoachO,
1818 4025 2161 4088 eorumque
2207 4003 2535 4088 discipulis
2580 4003 2627 4068 81
2676 4001 2956 4067 ecclesiis
3008 4003 3269 4088 ignotas
3292 4007 3517 4067 autnon

630 4091 916 4171 receptas
979 4087 1160 4152 uisse.

727 4179 784 4241 3.
818 4175 1038 4259 Object.
1084 4174 1328 4242 Saltem
1351 4199 1478 4243 non
1500 4183 1712 4263 potest
1735 4181 1993 4265 probari
2021 4181 2211 4246 fidem
2232 4179 2577 4266 Euangelii
2600 4201 2713 4244 seu
2736 4179 2804 4243 in
2836 4177 3163 4244 Christum
3188 4179 3515 4244 mandatam

633 4265 829 4332 fuisse
853 4265 922 4328 in
946 4263 1028 4331 V.
1053 4263 1128 4329 T.
1153 4266 1221 4331 Si
1246 4265 1388 4349 quis
1410 4268 1578 4332 dicat
1605 4271 1968 4336 mandatam
1993 4293 2149 4348 esse,
2173 4269 2535 4354 proferatur
2557 4269 2748 4334 locus,
2774 4266 2845 4332 Si
2871 4267 3005 4332 fere
3028 4267 3513 4333 Remonstrantoe

633 4355 700 4418 in
744 4353 978 4438 scripto
1026 4353 1286 4440 Belgico
1332 4359 1553 4420 contra
1575 4357 1893 4444 Excerpta
1914 4359 2057 4426 DD.
2084 4357 2521 4424 Professorum
2546 4357 2729 4444 [pag.
2756 4357 2875 4444 22]
2898 4355 3513 4510 Leidensiumvliesp·

3387 4445 3518 4511 iden·
