3694 4871
556 272 684 335 350
1223 267 2827 339 D1sP.XII.DsLEor·:erUAncsmo.

555 460 836 522 velatum
861 457 936 521 de
963 456 1266 521 miraculo
1289 456 1396 523 hic
1420 461 1464 525 δι
1488 485 1658 528 nunc
1683 458 1941 538 edendo,
1974 463 2089 523 aut
2111 458 2183 523 dc·
2211 459 2591 542 quibusdam
2616 461 2805 526 rebus
2830 459 3085 539 futuriS,
3112 460 3329 544 deque
3356 480 3507 543 par-

555 546 808 611 ticulari
833 545 1048 628 aliqua
1073 570 1140 609 re
1171 545 1462 612 facienda
1495 556 1606 614 aut
1637 547 1991 615 omittenda
2018 550 2093 632 (e.
2126 569 2223 631 gr.
2254 550 2312 611 2.
2342 548 2513 613 Sam.
2546 548 2603 611 7.
2630 570 2682 612 v.
2718 550 2817 612 13.
2845 550 3045 615 Actor.
3084 550 3122 613 8
3158 570 3215 613 υ.
3256 548 3371 611 26.
3402 547 3509 624 29,

557 638 602 701 δι
657 636 753 698 16.
811 654 867 698 υ.
921 634 1014 709 (5.)
1062 658 1186 698 non
1234 636 1618 703 tenebantur
1669 639 1792 702 fide
1839 659 1955 700 sua
2001 636 2065 699 in
2091 636 2251 700 illud
2282 636 2599 721 objectum
2633 640 2778 701 actu
2804 636 2978 714 ferri,
3004 636 3165 701 illud
3188 638 3509 720 recipcre,

557 724 739 807 eique
789 745 1116 787 assensum
1163 746 1348 788 suum
1395 727 1754 809 applicare;
1797 725 1907 788 sed
1945 724 2155 809 posita
2180 724 2567 789 revelatione
2592 726 2729 806 jam
2752 725 3043 789 absolute
3070 725 3513 798 tenebantur:

556 812 742 878 sicuti
792 815 979 874 antea
1031 815 1282 874 tantum
1328 812 1740 897 hypothetice
1787 815 1832 879 ἃ
1872 813 2257 897 generaliter
2282 812 2683 889 tenebantur,
2718 813 2771 878 si
2804 814 2938 878 scil.
2974 812 3149 878 Deus
3174 814 3316 878 tale
3350 812 3511 897 quid

557 901 961 986 peculiariter
1006 899 1160 982 ipsis
1209 902 1538 982 revelaret,
1565 909 1696 983 aut,
1724 902 2139 986 quodcunque
2162 901 2337 966 Deus
2362 902 2523 965 mihi
2548 902 2831 966 revelare
2864 902 3157 980 voluerit,
3183 902 3355 967 illud
3384 901 3511 965 fide

560 990 772 1053 divina
796 992 1057 1071 paratus
1086 1010 1226 1052 sum
1257 990 1554 1074 recipere,
1583 993 1628 1057 St
1655 990 1957 1073 recipiam
1986 990 2121 1054 sine
2148 990 2279 1053 ulla
2307 990 2695 1073 exceptione.
2736 989 2896 1079 Cum
2920 991 3313 1074 particulare
3338 990 3509 1053 illud

559 1078 954 1151 credendum,
983 1077 1333 1141 revelatum
1361 1084 1528 1143 esset
1553 1079 1900 1145 Zachariae
1924 1080 2069 1143 Luc.
2106 1078 2163 1142 1.
2190 1079 2531 1143 tenebatur
2554 1080 2827 1156 credere,
2855 1082 3043 1143 antea
3066 1102 3194 1144 non
3226 1079 3507 1144 teneba-

558 1173 682 1231 tur.
735 1164 910 1230 Idem
957 1164 1288 1229 dieendum
1329 1171 1425 1231 est
1456 1168 1532 1232 de
1557 1167 1929 1253 particulari
1947 1167 2061 1231 illa
2089 1167 2376 1245 veritate,
2410 1168 2487 1231 de
2512 1166 2949 1231 aedificatione
2973 1169 3201 1251 templi
3226 1192 3345 1252 per
3370 1165 3503 1233 Sa-

497 1335 502 1339 ,
559 1257 893 1332 lomonem,
925 1275 1068 1317 -non
1113 1276 1226 1336 per
1264 1254 1576 1321 Davidem
1616 1258 1652 1319 2
1685 1256 1857 1325 Sam.
1889 1257 1946 1319 7.
1978 1254 2265 1319 Conierri
2291 1255 2486 1319 etiam
2510 1259 2721 1339 potest
2746 1256 3070 1320 distinctio
3096 1257 3245 1321 fidei
3270 1257 3341 1321 in
3376 1256 3501 1320 im-

556 1343 844 1427 plicitam
890 1342 936 1407 &
985 1342 1352 1424 explicitam
1398 1366 1552 1409 sano
1599 1368 1786 1410 sensu
1820 1348 2113 1427 accepta:
2160 1344 2255 1407 uti
2279 1346 2449 1408 recte
2484 1366 2625 1408 eam
2650 1344 2924 1427 explicat
2946 1344 3237 1410 Amasim
3270 1347 3340 1409 in
3364 1344 3498 1410 Me-

559 1433 736 1499 dulla
759 1431 863 1497 lib.
901 1432 957 1494 1.
984 1451 1062 1495 ca·
1105 1480 1118 1494 .
1147 1431 1208 1495 3.
2470 1484 2481 1497 .

644 1519 764 1586 III.
817 1519 1036 1605 Object.
1055 1452 1551 1603 pResipiseentia
1575 1522 1933 1606 Euangelio
1970 1520 2390 1605 praecipitur:
2422 1520 2600 1604 Ergo
2624 1520 3056 1605 Euangelium
3080 1521 3279 1586 habet
3304 1544 3494 1606 prae-

557 1613 760 1693 cepta.
814 1609 990 1692 Resp.
1043 1608 1102 1669 1.
1149 1606 1217 1671 Si
1264 1610 1407 1673 laxe
1447 1610 1716 1694 accipias
1767 1633 1981 1675 vocem
2036 1609 2380 1694 Euangelii
2426 1632 2541 1693 pro
2584 1612 2715 1673 tota
2747 1609 3031 1674 doctrina
3061 1611 3351 1685 salutari,
3380 1614 3495 1673 aut

560 1697 841 1762 strictius
881 1718 994 1779 pro
1034 1696 1320 1761 doctrina
1349 1698 1598 1776 salutiS,
1649 1699 1742 1762 uti
1776 1698 2083 1781 peculiari
2129 1698 2313 1761 modo
2365 1720 2439 1761 ea
2472 1698 2837 1781 dispensata
2860 1696 2987 1761 fuit
3012 1721 3125 1781 per
3147 1698 3491 1782 Apostolos

561 1787 677 1850 sub
707 1784 785 1849 N.
821 1782 916 1858 T..
944 1784 1339 1848 conceditur:
1369 1786 1477 1849 sed
1503 1787 1576 1849 de
1603 1786 1720 1850 tali
1743 1786 2103 1871 Euangelio
2130 1786 2237 1849 hic
2260 1808 2389 1850 non
2422 1786 2770 1869 quaeritur.
2820 1785 2933 1849 Sin
2974 1787 3195 1851 stricte
3218 1787 3489 1871 accipias

561 1897 673 1957 pro
704 1873 818 1936 illa
845 1874 1031 1955 parte'
1049 1872 1369 1937 doctrinae
1395 1876 1713 1950 salutaris,
1743 1898 1905 1957 quae
1954 1874 2160 1956 specie
2210 1876 2255 1941 δι
2288 1874 2653 1939 definitione
2686 1875 2855 1957 apud
2882 1874 3214 1960 theologos
3240 1882 3488 1941 nost-‚ros

563 1968 598 2027 Ξ).
622 1963 764 2047 lege
791 1961 1098 2046 distingui
1122 1962 1311 2025 solet:
1339 1963 1626 2027 absolute
1657 1965 1804 2048 Ney'.
1831 1964 1877 2027 ἃ
1904 1963 2169 2027 dicimus
2194 1964 2274 2026 ad
2300 1962 2575 2045 primum
2601 1962 2887 2047 decalogi
2914 1970 3323 2047 praeceptum
3346 1984 3486 2029 eam

563 2051 994 2127 referendam3
1043 2072 1170 2113 non
1214 2050 1422 2115 minus
1469 2074 1658 2135 quam
1705 2051 2195 2136 abnegationem
2242 2051 2443 2115 nostri
2489 2051 2709 2133 ipsiuS,
2746 2052 3173 2116 sublationem
3197 2053 3414 2130 cruci8‚
3440 2052 3485 2116 ἃ

563 2140 961 2225 patientiam,
1009 2142 1230 2203 contra
1262 2138 1649 2210 Socinianos,
1683 2138 2229 2217 RemonstranteS,
2271 2139 2557 2220 aliosque
2582 2140 2883 2203 sectarios
2910 2143 2984 2202 eo
3015 2140 3374 2205 referenda-s
3402 2140 3482 2203 ab

563 2227 928 2293 orthodoxis
951 2228 1369 2291 contenditur.
1419 2228 1506 2291 Et
1531 2228 1585 2291 si
1617 2228 1727 2311 qui
1753 2229 1986 2293 alicubi
2012 2228 2087 2291 de
2126 2227 2565 2310 resipiscentia
2589 2228 2781 2311 paulo
2822 2227 3011 2291 aliter
3034 2229 3211 2311 loqui
3238 2230 3483 2294 videan-

565 2324 689 2395 tur,
736 2316 924 2380 facile
971 2314 1294 2378 conciliari
1339 2321 1622 2399 possunt,
1672 2339 1744 2380 ac
1785 2317 2039 2393 debent,
2094 2338 2207 2400 per
2252 2316 2419 2380 vocis
2450 2316 2584 2379 scil.
2632 2316 2968 2399 Euanyelii
2999 2317 3479 2382 distinctionem.

565 2406 744 2492 [pag.
795 2404 912 2489 29]
968 2402 1144 2488 Hesp.
1199 2406 1256 2466 2.
1309 2402 1794 2488 Resipiscentia,
1827 2405 1924 2470 uti
1965 2408 2002 2470 a
2028 2404 2341 2469 catechesi
2364 2408 2583 2470 nostra
2604 2424 2707 2494 qu.
2739 2406 2843 2469 89.
2873 2405 2977 2468 90.
3004 2407 3051 2472 a
3074 2406 3483 2472 communiter

564 2497 644 2559 ab
692 2492 1058 2558 orthodoxis
1105 2493 1478 2576 explicatur,
1525 2494 1592 2556 in
1639 2517 1704 2559 sc
1761 2495 2039 2560 continet
2080 2499 2259 2557 actus
2305 2494 2447 2557 illos
2480 2495 2526 2560 a
2556 2495 2821 2558 affectus
2846 2517 3047 2558 novae
3072 2499 3387 2560 creaturae
3420 2495 3479 2578 X:3

571 2586 705 2650 Cor.
739 2584 795 2646 7.
829 2603 884 2646 v.
929 2583 1020 2645 10.
1053 2581 1152 2644 11.
1177 2582 1342 2646 desa.
1379 2584 1428 2644 1.
1459 2604 1516 2646 v.
1551 2583 1646 2645 16.
1689 2583 1820 2664 17.)
1852 2583 2017 2646 vitae
2045 2583 2485 2647 emendatione
2510 2605 2576 2646 se
2610 2585 2992 2647 exserentes.
3050 2583 3253 2667 Atqui
3276 2583 3328 2647 si
3350 2605 3479 2648 om·

568 2695 678 2737 nes
724 2670 823 2735 illi
861 2669 1244 2734 mandantur
1289 2669 1667 2755 EuangeliO,
1719 2673 1762 2737 ἃ
1811 2693 1933 2734 non
1976 2672 2149 2756 lege;
2178 2671 2329 2753 quid
2354 2675 2493 2734 tum
2518 2671 2915 2753 relinquetur
2940 2671 3119 2756 legi?
3144 2671 3481 2746 Add0‚hac

565 2760 809 2824 ratione
833 2759 1029 2822 etiam
1061 2759 1393 2824 caritatem
1418 2780 1571 2843 erga
1596 2759 1802 2824 Deum
1835 2761 1881 2826 &
1914 2759 2272 2843 proximum
2305 2762 2343 2822 a
2369 2759 2509 2843 lege
2544 2759 2622 2822 ad
2645 2759 3070 2843 Euangelium
3108 2759 3478 2824 transferen-

569 2851 747 2913 dam:
796 2846 1306 2931 quandoquidem
1343 2847 1442 2910 illi
1467 2847 1576 2931 qui
1602 2848 1938 2912 admittere
1966 2849 2279 2926 videntur,
2319 2848 2506 2911 fidem
2534 2849 2579 2914 δι
2610 2847 3111 2930 resipiscentiam
3136 2847 3479 2934 Euangelio

571 2935 935 3022 praescribi,
971 2935 1016 2999 &
1063 2958 1190 2998 non
1234 2936 1398 3020 lege,
1447 2936 1658 3012 iidem,
1701 2937 1985 3020 inquam,
2018 2937 2116 3000 illi
2143 2937 2335 3000 etiam
2366 2937 2718 3014 caritatem,
2745 2958 2859 3020 per
2882 2957 3075 3020 quam
3099 2937 3255 3002 fides
3281 2938 3415 3002 viva
3436 2937 3477 3002 ἃ

567 3024 916 3110 justificans
973 3022 1197 3088 efficax
1245 3028 1360 3102 est,
1413 3024 1756 3089 conditioni
1787 3024 1954 3102 fidei,
2000 3047 2187 3108 quam
2222 3025 2323 3088 lex
2350 3025 2630 3107 postulat
2656 3026 2700 3090 St
2724 3024 3101 3107 praescribit
3126 3027 3251 3112 (uti
3272 3048 3477 3092 conce·

571 3115 716 3178 dere
767 3111 1080 3194 videntur)
1125 3112 1385 3191 includi,
1433 3112 1626 3177 immo
1681 3115 1726 3179 δι
1767 3113 2259 3196 resipiscentiae,
2286 3113 2623 3177 admittere
2647 3118 2980 3197 coguntur.
3006 3111 3144 3178 Nos
3168 3137 3296 3178 non
3324 3115 3479 3178 vide-

571 3225 732 3278 muS‚
759 3200 1070 3284 quomodo
1099 3203 1388 3265 accurate
1414 3203 1622 3266 &tuto
1648 3224 1859 3281 causa,
1884 3206 2103 3266 contra
2127 3202 2427 3266 sectarios
2448 3223 2645 3285 usque
2671 3202 2751 3272 ad
2774 3200 2965 3265 finem
2989 3202 3247 3267 defendi
3268 3207 3481 3286 queat3

571 3289 882 3377 siquidem
915 3290 1164 3352 tantum
1189 3289 1318 3353 illis
1343 3291 1737 3355 concedatur.
2242 3290 2251 3300 ’

661 3378 774 3444 IV.
829 3377 1050 3462 Ohjecl.
1100 3376 1334 3442 Contra
1365 3379 1530 3460 quod
1563 3380 2048 3444 committuntur
2072 3382 2348 3462 peccata,
2398 3378 2555 3443 illud
2604 3377 2901 3462 prohibet
2924 3383 3204 3462 peccata,
3232 3381 3277 3446 &
3302 3402 3479 3464 oppo-

571 3470 727 3536 sitas
783 3468 1050 3530 virtutes
1097 3466 1422 3550 praecipit.
1487 3465 1610 3531 Sed
1657 3472 1877 3532 contra
1930 3467 2359 3551 Euangelium
2414 3467 2897 3532 committuntur
2949 3472 3231 3550 peccata.
3300 3468 3482 3552 Ergo·

573 3557 785 3623 Minor
807 3555 1054 3620 videtur
1079 3555 1388 3619 affirmari
1414 3557 1451 3618 a
1477 3556 1666 3619 variis
1700 3555 2048 3640 Theologis
2081 3555 2393 3639 practicis.
2444 3553 2611 3630 Quin
2658 3556 2703 3620 Sc
2743 3555 3009 3640 liturgia
3032 3561 3251 3620 nostra
3273 3556 3341 3620 iu
3362 3555 3479 3620 ior·

574 3648 767 3725 mula,
824 3645 898 3708 de
946 3643 1382 3708 benedictione
1423 3644 1812 3708 matrimonii
1839 3645 2089 3708 videtur
2121 3648 2457 3727 praecepta
2491 3644 2566 3708 de
2590 3644 2832 3708 mutuis
2866 3643 3093 3708 officiis
3126 3645 3477 3729 conjugato·

573 3758 716 3802 rum
747 3732 1106 3817 Euangelio
1129 3732 1410 3796 tribuere
1439 3736 1467 3795 P
1511 3734 1686 3816 Hesp.
1721 3737 1831 3797 aut
1862 3732 2207 3817 Euangelii
2236 3754 2449 3796 vocem
2474 3733 2615 3796 laxe
2634 3731 2991 3815 accipiunt:
3038 3737 3155 3797 aut
3179 3733 3235 3797 si
3258 3733 3476 3808 stricte,

568 3828 702 3912 jam
753 3821 1181 3905 Euangelium
1226 3843 1350 3884 non
1398 3819 1644 3884 faciunt
1674 3843 1964 3886 normam
1998 3821 2363 3904 quorumvis
2390 3822 2698 3884 bonorum
2723 3842 2989 3904 operum
3012 3820 3081 3885 in
3104 3820 3478 3906 particulari,

575 3934 688 3980 seu
717 3913 928 3994 legem
951 3912 1433 3992 praeceptorum
1464 3909 1774 3994 (alioquin
1799 3911 1976 3975 nulla
2007 3909 2137 3974 Lex
2161 3913 2519 3973 remaneret
2548 3910 2629 3973 ab
2656 3908 3015 3992 Euangelio
3040 3909 3357 3985 distincta,
3382 3907 3476 3973 sed

574 4006 712 4067 tota
737 4001 902 4064 esset
925 3997 1440 4080 supervacanea,)
1467 3997 1574 4061 sed
1599 3997 1842 4062 faciunt
1871 4003 1981 4063 aut
2005 3999 2321 4081 objectum
2346 3997 2603 4062 virtutis
2634 4001 3029 4081 praeceptae,
3056 4005 3171 4062 aut
3196 3999 3477 4063 excitato-

575 4091 764 4166 rium,
791 4089 836 4153 ὦ
861 4087 1162 4150 mott'vum
1196 4108 1304 4150 seu
1339 4085 1650 4150 rationem
1673 4091 2067 4161 moventem3
2096 4088 2140 4152 &
2165 4086 2253 4150 sic
2286 4085 2547 4169 practici
2564 4085 2985 4150 communiter
3030 4085 3095 4150 in
3122 4087 3389 4152 materia
3414 4085 3477 4148 de

576 4178 759 4262 praxi
785 4173 1254 4256 resipiscentiae
1285 4175 1331 4238 δῦ
1357 4173 1837 4252 emendationiS,
1866 4175 2159 4239 distincte
2185 4175 2493 4238 adhibent
2520 4176 2747 4240 motiva
2776 4176 3175 4258 Euanyelica,
3202 4179 3249 4242 a
3277 4174 3478 4241 motiva

579 4266 822 4349 leqalia.
870 4259 1108 4324 Vocem
1155 4265 1369 4325 autem
1413 4272 1630 4326 contra
1677 4286 1802 4327 non
1827 4267 2077 4327 tantum
2102 4285 2390 4327 normam
2419 4265 2464 4329 δι
2490 4264 2699 4348 legem
2723 4263 3268 4345 praescribentem
3298 4263 3477 4346 respi-

583 4373 742 4428 cere,
759 4349 868 4412 sed
886 4350 931 4413 &
947 4347 1260 4428 objectum
1280 4371 1389 4412 seu
1408 4349 1742 4414 materiam
1762 4350 1823 4413 in
1845 4355 1969 4433 qua
1987 4355 2097 4415 aut
2115 4351 2279 4414 circa
2296 4374 2485 4434 quam
2504 4351 2739 4416 bonum
2757 4371 2917 4434 opus
2934 4352 3075 4436 lege
3091 4357 3477 4436 praeceptum

3327 4459 3483 4507 excr-
