3694 4871
635 339 717 402 50
1219 327 2743 402 D1s12.11[.D2Juunr.oeJnsr1v1A
2793 325 2977 394 Dal.

633 523 766 588 sive
789 521 1020 608 gratia,
1039 520 1170 585 sive
1193 519 1624 584 misericordia
1646 518 2031 604 appelletur)
2058 518 2404 582 secundum
2428 519 2598 606 quod
2622 519 2795 582 Deus
2813 517 3063 581 debitor
3074 516 3241 582 est&
3268 515 3589 601 obligatur

635 616 960 676 creaturae
992 608 1310 686 rationali,
1345 609 1426 672 ad
1465 613 1792 692 peccatum
1826 607 2028 691 ipsius
2060 606 2553 690 impediendum,
2596 609 2642 673 ἃ
2681 608 2759 671 ad
2784 606 3063 690 gratiam
3088 627 3161 668 ac
3186 605 3485 689 gloriam
3510 605 3587 668 illi

635 700 1077 765 destinandam
1102 721 1174 762 ac
1198 696 1718 781 praeparandam,
1749 698 1795 762 δι
1818 696 1885 760 in
1910 699 2196 778 tempore
2219 694 2685 760 conferendam.
2711 695 2895 760 Unde
2922 695 3289 758 necessario
3306 693 3589 777 sequitur

631 811 760 852 non
786 811 922 852 esse
941 788 1016 851 de
1041 785 1307 851 decretis
1333 785 1462 849 illis
1493 783 1613 849 Dei
1637 784 1944 849 electione
1968 784 2102 848 scil.
2131 785 2177 850 ἃ
2202 784 2645 866 reprobatione
2670 783 3105 866 comparativa
3128 783 3584 866 quaerendum,

638 900 720 942 an
738 879 914 960 justa
946 877 1096 954 sint,
1137 897 1218 938 an
1243 872 1416 938 Deus
1448 873 1538 937 sic
1561 873 1841 957 potuerit
1866 875 2199 936 decernere
2223 872 2465 956 absque
2496 877 2947 950 προσωποληψίᾳ
2970 873 3017 936 ἃ
3042 871 3297 956 absque
3324 871 3587 935 laesione

631 965 922 1052 justitiae
948 987 1122 1042 suae,
1149 962 1301 1049 quia
1323 962 1486 1026 falso
1511 965 1730 1026 contra
1757 963 2021 1027 Roman.
2054 962 2155 1025 11.
2185 981 2337 1025 vers.
2366 963 2469 1024 35.
2496 958 3031 1044 praesupponitur
3054 960 3323 1024 decreta
3350 961 3467 1023 illa
3482 959 3583 1024 Dei

637 1077 751 1119 seu
782 1053 1058 1118 actiones
1081 1052 1204 1117 Dei
1227 1051 1648 1115 immanentes
1673 1073 1809 1114 esse
1834 1049 2191 1114 formaliter
2214 1054 2393 1114 actus
2410 1049 2700 1134 justitiae
2725 1048 3193 1127 distributivae,
3221 1049 3403 1113 sicut
3426 1053 3581 1112 actus

637 1142 734 1207 illi
761 1146 1148 1219 emanantes,
1174 1140 1406 1224 quibus
1429 1138 1603 1204 Deus
1619 1140 1792 1223 juste
1817 1161 2005 1204 suum
2030 1138 2255 1224 cuique
2286 1139 2517 1202 tribuit
2540 1161 2617 1202 ex
2642 1137 3054 1201 antecedente
3082 1137 3290 1219 ipsius
3320 1137 3578 1221 permis-

639 1232 835 1310 sione,
860 1228 1182 1295 &foedere
1208 1251 1350 1293 cum
1376 1226 1630 1291 Christo
1653 1230 1700 1294 ἃ
1724 1249 1869 1291 cum
1896 1227 2197 1291 membris
2224 1225 2461 1290 Christi
2488 1226 2555 1290 in
2578 1225 2831 1290 Christo
2856 1225 3055 1289 initae
3080 1226 3276 1290 Hebr.
3304 1228 3373 1290 6.
3408 1228 3501 1288 10.
3526 1227 3576 1288 2.

651 1321 858 1386 Thess,
889 1319 945 1383 1.
988 1320 1050 1382 6.
1087 1317 1145 1381 7.
1179 1317 1320 1381 coll.
1354 1339 1495 1380 cum
1531 1317 1710 1382 Rom.
1735 1317 1795 1378 8.
1820 1337 1979 1380 vers.
2012 1317 2112 1380 18.
2142 1314 2279 1379 Hoc
2309 1316 2516 1380 solum
2542 1315 2701 1380 velle
2730 1314 3048 1378 eruditiss,
3076 1314 3227 1378 illos
3252 1315 3575 1398 theologos

637 1408 972 1473 indubium
1011 1407 1133 1471 erit
1163 1405 1280 1481 illi,
1322 1403 1433 1489 qui
1471 1427 1750 1488 scopum,
1791 1405 1975 1468 filum
2006 1407 2051 1470 ἃ
2084 1404 2551 1468 conclusionem
2590 1405 2786 1467 totius
2828 1404 3285 1486 disputationis
3312 1403 3573 1487 penitius

638 1495 1052 1582 perspexerit.
1093 1494 1181 1559 Et
1213 1516 1355 1558 cum
1386 1493 1511 1576 ipsi
1549 1516 1662 1577 per
1699 1492 1822 1557 Dei
1845 1492 2124 1578 gratiam
2148 1493 2499 1557 etiamnum
2529 1493 2904 1576 superstites
2928 1492 3081 1570 sint,
3109 1497 3425 1575 poterunt
3446 1493 3575 1554 data

642 1585 968 1650 occasione
992 1584 1331 1662 declarare,
1357 1604 1440 1646 an
1464 1605 1538 1646 eo
1563 1605 1678 1654 sua
1705 1581 1880 1646 trahi
1921 1582 2138 1660 velint,
2163 1605 2288 1666 quo
2316 1585 2353 1644 a
2384 1579 2839 1646 recentioribus
2864 1581 3051 1644 modo
3076 1581 3185 1644 cit.
3214 1581 3573 1645 trahuntur.

729 1671 802 1743 4.
829 1672 1217 1737 Accedamus
1241 1693 1406 1735 nunc
1431 1671 1511 1734 ad
1533 1693 1799 1735 examen
1823 1674 2367 1755 argumentorum.
2394 1668 2443 1733 I.
2471 1671 2732 1755 Aryium.
2758 1669 2827 1732 Si
2852 1669 3135 1734 fluerunt
3158 1671 3386 1754 aliqua
3412 1691 3575 1753 prae-

642 1767 826 1846 cepta
851 1785 929 1826 ex
953 1765 1182 1825 natura
1205 1759 1348 1840 Dei,
1372 1763 1512 1823 tum
1539 1759 1830 1824 voluntas
1856 1758 1978 1823 Dei
2006 1781 2128 1822 non
2154 1762 2320 1822 esset
2337 1759 2543 1842 prima
2567 1759 2790 1844 regula
2804 1759 3098 1842 justitia:
3134 1760 3248 1822 sed
3276 1758 3573 1842 posterius

645 1851 1025 1925 absurdum3
1059 1849 1210 1933 quia
1254 1847 1538 1912 omnium
1585 1871 1795 1912 rerum
1827 1847 1910 1911 ad
1939 1852 2151 1911 exstra
2191 1851 2283 1910 est
2315 1848 2556 1931 regula.
2588 1848 2767 1931 Hesp.
2802 1849 2859 1909 1.
2888 1846 3209 1911 Voluntas
3235 1848 3443 1911 libera
3468 1868 3573 1910 uon

646 1944 744 2005 est
777 1938 982 2024 prima
1007 1937 1232 2023 regula
1255 1936 1580 2010 bonitatiS,
1599 1935 1911 2020 justitiae,
1938 1936 2163 2019 &juris
2192 1935 2255 1998 in
2274 1934 2429 2007 Deo:
2467 1958 2580 2000 nec
2606 1937 2673 1998 in
2698 1935 3056 2000 actionibus
3081 1935 3162 1998 ad
3196 1937 3373 2000 intra
3398 1933 3573 2020 (quod

645 2029 942 2094 adversae
967 2025 1321 2091 sententiae
1345 2029 1598 2088 autores
1624 2025 1859 2089 directe
1885 2024 2215 2106 fatentur3)
2240 2046 2355 2088 nec
2384 2024 2577 2088 etiam
2611 2024 2675 2086 in
2708 2024 3065 2088 actionibus
3092 2024 3173 2088 ad
3200 2029 3404 2088 extra:
3426 2023 3575 2108 quod

645 2117 800 2182 alibi
825 2122 1006 2181 extra
1028 2115 1194 2179 hanc
1217 2113 1736 2197 disceptationem
1763 2136 1888 2176 non
1912 2113 2294 2187 diffitentur;
2327 2113 2395 2176 in
2420 2112 2789 2196 quaestione
2814 2113 3057 2177 scilicet
3096 2113 3173 2176 de
3213 2112 3575 2176 necessitate

645 2227 885 2291 poenae
924 2207 971 2271 a
1019 2201 1472 2268 satisfactionis
1518 2224 1633 2285 pro
1679 2206 1973 2286 peccato:
2004 2201 2115 2264 ubi
2152 2200 2427 2283 primam
2457 2201 2749 2286 regulam
2791 2202 2857 2264 in
2899 2206 3223 2266 momento
3248 2207 3511 2264 naturae
3538 2203 3577 2265 ἃ

647 2295 831 2380 signo
863 2293 1148 2372 rationiS,
1198 2291 1442 2354 faciunt
1474 2290 1879 2354 essentialem
1924 2289 2048 2354 Dei
2071 2288 2389 2373 justitiam
2414 2289 2791 2373 punitivam,
2820 2311 3017 2373 quam
3042 2295 3368 2376 sequatur,
3394 2291 3445 2354 ἃ
3468 2311 3575 2352 non

649 2384 849 2468 possit
896 2404 1019 2447 non
1068 2380 1246 2468 sequi
1289 2378 1410 2443 Dei
1450 2379 1790 2452 decretum,
1817 2382 1865 2444 δι
1890 2401 1965 2443 ex
1992 2378 2242 2443 decreto
2266 2379 2657 2457 mandatum,
2686 2401 2758 2442 ac
2782 2378 3226 2455 comminati03
3251 2379 3577 2443 secundum

648 2495 842 2557 quam
866 2471 1041 2535 Deus
1059 2474 1204 2534 actu
1229 2468 1476 2552 puniat.
1505 2468 1607 2532 Ad
1630 2468 1788 2532 haec
1805 2468 1871 2531 in
1885 2468 2253 2553 quaestione
2278 2467 2352 2531 de
2378 2468 2746 2532 adoratione
2774 2467 2911 2531 Deo
2934 2468 3151 2531 debita
3175 2468 3221 2532 a
3238 2468 3577 2540 tribuenda,

650 2583 842 2647 quam
880 2558 1055 2623 Deus
1090 2558 1372 2642 postulat
1393 2562 1431 2620 a
1455 2562 1744 2622 creatura
1769 2555 2087 2635 rationali,
2114 2555 2225 2620 ubi
2249 2560 2469 2620 contra
2493 2554 2882 2634 SocinianOS,
2910 2556 3195 2639 primum
3219 2555 3578 2620 fundamen·

648 2655 786 2714 tum
815 2652 1127 2726 statuunt,
1152 2668 1280 2710 non
1303 2644 1425 2709 Dei
1451 2646 1844 2709 voluntatem
1870 2643 2058 2729 signi,
2086 2648 2199 2708 aut
2224 2644 2625 2727 beneplaciti;
2652 2645 2761 2708 sed
2786 2644 3325 2723 adorabilitatem,
3348 2667 3457 2709 seu
3480 2666 3578 2707 ex-

653 2735 1170 2802 cellentissimam
1196 2737 1241 2800 &
1262 2733 1786 2818 perfectissimam
1815 2737 2111 2797 naturam
2136 2732 2276 2810 Dei,
2305 2755 2467 2815 quae
2494 2733 2573 2796 ab
2600 2736 2857 2797 aeterno
2890 2733 2957 2796 in
2980 2738 3313 2798 aeternum
3334 2756 3455 2797 non
3479 2754 3579 2816 po·

650 2830 777 2889 test
791 2846 917 2902 non
936 2822 1070 2888 Deo
1085 2826 1464 2906 competere,
1483 2824 1528 2887 δι
1539 2823 1885 2886 secundum
1902 2844 2094 2907 quam
2112 2843 2237 2885 non
2249 2821 2447 2885 libere
2464 2822 2925 2901 antecedenter,
2942 2823 3056 2886 sed
3073 2822 3275 2886 libere
3286 2819 3576 2886 concomi-

652 2917 865 2978 tanter
886 2911 1060 2976 Deus
1083 2916 1410 2976 creaturae
1433 2911 1732 2975 rationali
1756 2910 2039 2975 officium
2062 2910 2365 2973 adorandi
2393 2910 2668 2974 decrevit
2694 2910 3059 2994 praecipere
3082 2910 3131 2975 ἃ
3148 2910 3573 2994 praescribere.

655 3002 864 3085 Supra
903 3000 1280 3065 Maccovium
1319 2999 1654 3063 citavimus
1686 2999 2035 3075 docentem,
2076 3002 2433 3063 creaturam
2474 2998 2851 3063 rationalem
2882 2999 3243 3064 necessario
3276 2999 3409 3062 Deo
3431 2996 3573 3061 obli-

654 3090 815 3177 gari.
853 3091 935 3155 Il.
960 3092 1109 3173 Arq.
1137 3087 1206 3152 Si
1231 3087 1472 3173 aliquid
1497 3092 1664 3152 esset
1689 3088 1927 3153 bonum
1950 3088 2257 3171 &justum
2284 3088 2729 3152 antecedenter
2754 3088 2834 3149 ad
2862 3086 2982 3150 Dei
3010 3088 3421 3151 voluntatem:
3454 3091 3571 3150 tum

657 3178 830 3243 Deus
861 3202 934 3242 ex
981 3176 1371 3262 obligatione
1419 3178 1465 3243 δι
1512 3176 1724 3241 officio
1773 3176 1933 3240 illud
1982 3176 2142 3240 velle
2182 3176 2228 3240 δῦ
2268 3174 2476 3240 facere
2501 3180 2844 3240 teneretur.
2878 3175 3087 3261 Atqui
3112 3176 3233 3241 hoc
3258 3176 3571 3240 absurdum

657 3268 840 3355 [pag.
891 3266 1052 3351 373]
1104 3264 1275 3329 Deus
1307 3265 1478 3328 enim
1521 3265 1700 3328 nullo
1723 3265 1909 3329 modo
1934 3264 2144 3329 officio
2170 3268 2283 3327 aut
2300 3264 2677 3349 obligationi
2705 3265 2932 3331 morali
2958 3264 3201 3329 subest.
3230 3267 3403 3349 Hesp.
3428 3262 3573 3326 Deus

657 3379 780 3420 non
822 3356 1041 3431 subest
1078 3354 1287 3418 officio
1325 3353 1440 3416 ulli
1479 3354 1705 3417 morali
1744 3354 1824 3417 ab
1860 3357 2059 3431 extra,
2108 3352 2258 3435 quia
2280 3353 2518 3417 nemini
2545 3353 2791 3416 debitor
2816 3357 2933 3432 est,
2960 3353 3273 3436 nullaque
3294 3375 3473 3417 causa
3494 3352 3573 3414 est

655 3449 836 3510 extra
860 3443 1088 3522 Deum,
1115 3464 1276 3526 quae
1301 3441 1484 3506 illum
1513 3442 1710 3525 possit
1733 3441 2009 3525 obligari
2036 3446 2147 3504 aut
2172 3441 2615 3507 determinare.
2640 3440 2765 3506 Sed
2790 3441 2871 3504 ab
2897 3442 3071 3506 intra
3092 3443 3383 3527 obligare
3394 3442 3569 3526 potoet

657 3534 778 3619 (ita
808 3534 1055 3617 loquar)
1080 3553 1209 3596 non
1235 3552 1380 3593 vero
1405 3530 1688 3593 subesse:
1733 3530 1838 3612 qui
1867 3528 1990 3593 sibi
2016 3529 2139 3613 ipsi
2165 3534 2262 3593 est
2286 3530 2554 3609 debitor,
2579 3553 2695 3594 nec
2718 3534 2929 3614 potest
2954 3531 3239 3615 seipsum
3263 3531 3566 3615 abnegare-

655 3621 760 3687 Sic
805 3625 988 3706 pater
1031 3622 1100 3683 in
1131 3617 1362 3682 divinis
1398 3618 1723 3702 obligatur
1767 3620 1846 3681 ad
1885 3619 2227 3681 amandum
2268 3618 2492 3697 filium,
2540 3641 2664 3683 non
2710 3622 2925 3702 potest
2957 3620 3129 3683 enim
3174 3643 3301 3685 non
3348 3638 3569 3687 amare;

657 3710 827 3773 filius
851 3710 1176 3794 obligatur
1193 3729 1269 3771 ex
1295 3706 1668 3771 necessitate
1689 3710 1955 3771 naturae
1972 3707 2224 3770 divinae
2248 3707 2328 3770 ad
2352 3708 2737 3791 operandum
2772 3710 2809 3771 a
2834 3712 3037 3790 patre,
3052 3731 3179 3773 non
3206 3712 3411 3792 potest
3430 3705 3571 3769 enim

660 3820 782 3862 non
824 3798 1071 3881 operari
1105 3800 1144 3860 a
1176 3800 1377 3880 patre,
1413 3796 1907 3878 quotiescunque
1942 3794 2227 3878 operatio
2260 3798 2439 3859 extra
2475 3795 2682 3859 Deum
2712 3796 3107 3860 instituenda
3134 3802 3253 3861 est.
3278 3796 3379 3861 Sic
3408 3794 3567 3859 etiam

663 3888 726 3949 in
752 3886 1046 3950 actionib.
1075 3886 1154 3949 ad
1171 3888 1371 3963 extra,
1391 3883 1598 3967 posito
1623 3883 1995 3967 productam
2023 3906 2159 3947 esse
2183 3888 2562 3964 creaturam,
2587 3883 2760 3948 Deus
2786 3884 3113 3967 obligatur
3138 3908 3280 3949 eam
3302 3888 3569 3969 perpetua

665 3974 1142 4038 manutenentia
1176 3995 1290 4035 sua
1322 3994 1394 4035 ac
1437 3973 1734 4036 continuo
1768 3971 2015 4035 influxu
2046 3994 2415 4037 conservare
2454 3973 2783 4057 (quamdiu
2816 3995 2953 4036 eam
2982 3996 3122 4037 esse
3156 3974 3319 4055 vult)
3350 3974 3569 4054 insuper

664 4062 926 4125 eandem
957 4066 1256 4144 tanquam
1284 4060 1527 4144 primus
1567 4065 1774 4124 motor
1807 4082 2079 4140 movere,
2111 4062 2157 4125 δι
2182 4062 2541 4145 gubernare
2567 4061 2647 4124 ad
2676 4084 2857 4125 suam
2889 4062 3167 4145 gloriam
3195 4062 3383 4129 Prov.
3411 4058 3497 4123 16.
3518 4056 3565 4117 4.

667 4150 843 4215 Rom.
896 4151 995 4212 ll.
1042 4171 1198 4214 vers.
1246 4152 1354 4213 ult.
1407 4147 1543 4213 Hoc
1587 4148 2077 4212 immutabiliter
2108 4149 2344 4213 bonurn
2371 4152 2417 4215 Sc
2436 4150 2681 4233 justum
2705 4154 2825 4228 est,
2851 4150 3029 4232 cujus
3054 4152 3411 4234 oppositum
3436 4145 3567 4211 velle

666 4259 796 4301 non
843 4242 1070 4319 potest.
1097 4236 1212 4301 III.
1239 4240 1382 4323 Arq.
1411 4235 1480 4300 Si
1506 4238 1656 4320 quid
1681 4240 1849 4302 esset
1874 4237 2213 4302 intrinsece
2236 4238 2481 4320 justum
2509 4240 2554 4304 a
2582 4238 2819 4302 bonum
2844 4238 2923 4324 ad
2946 4238 3413 4322 beneplacitum
3432 4231 3567 4299 Dei:

669 4328 806 4388 tum
839 4326 1189 4389 necessario
1221 4325 1613 4406 regularetur
1661 4325 2130 4408 beneplacitum
2179 4327 2257 4389 ad
2282 4326 2443 4390 illud
2470 4327 2825 4391 volendum.
2853 4325 2956 4390 Ad
2983 4325 3109 4391 Dei
3139 4324 3567 4411 beneplacitum

671 4415 769 4477 est
813 4412 1020 4497 prima
1052 4414 1293 4497 regula,
1327 4434 1488 4494 quae
1514 4418 1550 4477 a
1575 4414 1748 4477 nullo
1773 4414 1982 4498 primo
2007 4414 2364 4500 regulatur:
2396 4415 2555 4479 alias
2587 4438 2711 4479 non
2738 4420 2903 4480 esset
2931 4414 3104 4479 Deus
3130 4416 3375 4480 infinite
3390 4414 3568 4499 justus

3322 4504 3367 4569 ἃ
3396 4502 3569 4566 bonus
