<?xml version="1.0" encoding="UTF-8"?>
<!DOCTYPE html PUBLIC "-//W3C//DTD XHTML 1.0 Transitional//EN"
    "http://www.w3.org/TR/xhtml1/DTD/xhtml1-transitional.dtd">
<html xmlns="http://www.w3.org/1999/xhtml" xml:lang="en" lang="en">
 <head>
  <title>
</title>
<meta http-equiv="Content-Type" content="text/html;charset=utf-8" />
  <meta name='ocr-system' content='tesseract 3.04.00' />
  <meta name='ocr-capabilities' content='ocr_page ocr_carea ocr_par ocr_line ocrx_word'/>
</head>
<body>
  <div class='ocr_page' id='page_1' title='image "./selectarumdispu00kuypgoog_0043.png"; bbox 0 0 3694 4871; ppageno 0'>
   <div class='ocr_carea' id='block_1_1' title="bbox 537 303 2820 381">
    <p class='ocr_par' dir='ltr' id='par_1_1' title="bbox 537 303 2820 381">
     <span class='ocr_line' id='line_1_1' title="bbox 537 303 2820 381; baseline -0.002 -8"><span class='ocrx_word' id='word_1_1' title='bbox 537 308 618 373; x_wconf 84' lang='lat'>12</span> <span class='ocrx_word' id='word_1_2' title='bbox 1175 304 1414 369; x_wconf 70' lang='lat' dir='ltr'>D1s12.</span> <span class='ocrx_word' id='word_1_3' title='bbox 1500 303 1608 368; x_wconf 91' lang='lat' dir='ltr'>II.</span> <span class='ocrx_word' id='word_1_4' title='bbox 1679 304 2145 381; x_wconf 61' lang='lat' dir='ltr'>Quousque</span> <span class='ocrx_word' id='word_1_5' title='bbox 2213 327 2302 368; x_wconf 75' lang='lat' dir='ltr'>sn</span> <span class='ocrx_word' id='word_1_6' title='bbox 2369 326 2820 370; x_wconf 65' lang='grc'><strong>1111511011,-</strong></span> 
     </span>
    </p>
   </div>
   <div class='ocr_carea' id='block_1_2' title="bbox 533 471 3694 4472">
    <p class='ocr_par' dir='ltr' id='par_1_2' title="bbox 533 471 3694 4472">
     <span class='ocr_line' id='line_1_2' title="bbox 625 471 3506 576; baseline 0 -20"><span class='ocrx_word' id='word_1_7' title='bbox 625 496 689 556; x_wconf 88' lang='lat'>3.</span> <span class='ocrx_word' id='word_1_8' title='bbox 712 490 1059 574; x_wconf 89' lang='lat' dir='ltr'>Rejicimus</span> <span class='ocrx_word' id='word_1_9' title='bbox 1086 495 1300 554; x_wconf 89' lang='lat' dir='ltr'>autem</span> <span class='ocrx_word' id='word_1_10' title='bbox 1326 471 1679 553; x_wconf 85' lang='lat' dir='ltr'>sententiae</span> <span class='ocrx_word' id='word_1_11' title='bbox 1704 489 1854 553; x_wconf 88' lang='lat' dir='ltr'>huic</span> <span class='ocrx_word' id='word_1_12' title='bbox 1879 493 2136 554; x_wconf 83' lang='lat' dir='ltr'>nostrae</span> <span class='ocrx_word' id='word_1_13' title='bbox 2190 490 2618 574; x_wconf 77' lang='lat' dir='ltr'>repugnantia</span> <span class='ocrx_word' id='word_1_14' title='bbox 2671 489 2902 573; x_wconf 87' lang='lat' dir='ltr'>partim</span> <span class='ocrx_word' id='word_1_15' title='bbox 2961 491 3028 555; x_wconf 92' lang='lat' dir='ltr'>in</span> <span class='ocrx_word' id='word_1_16' title='bbox 3085 492 3350 576; x_wconf 81' lang='lat' dir='ltr'>Disput.</span> <span class='ocrx_word' id='word_1_17' title='bbox 3435 494 3506 556; x_wconf 83' lang='lat'>3.</span> 
     </span>
     <span class='ocr_line' id='line_1_3' title="bbox 535 577 3512 682; baseline 0 -36"><span class='ocrx_word' id='word_1_18' title='bbox 535 584 715 682; x_wconf 77' lang='lat' dir='ltr'>[pag.</span> <span class='ocrx_word' id='word_1_19' title='bbox 781 581 899 664; x_wconf 85' lang='lat'>32]</span> <span class='ocrx_word' id='word_1_20' title='bbox 955 578 1029 645; x_wconf 88' lang='lat' dir='ltr'>de</span> <span class='ocrx_word' id='word_1_21' title='bbox 1081 577 1525 644; x_wconf 85' lang='lat' dir='ltr'>Insotubitibus</span> <span class='ocrx_word' id='word_1_22' title='bbox 1562 578 1926 662; x_wconf 84' lang='lat' dir='ltr'>Scripturae</span> <span class='ocrx_word' id='word_1_23' title='bbox 1985 578 2159 643; x_wconf 82' lang='lat' dir='ltr'>Thes.</span> <span class='ocrx_word' id='word_1_24' title='bbox 2217 579 2280 642; x_wconf 89' lang='lat'>3.</span> <span class='ocrx_word' id='word_1_25' title='bbox 2326 578 2657 657; x_wconf 87' lang='lat' dir='ltr'>recensita,</span> <span class='ocrx_word' id='word_1_26' title='bbox 2704 579 2944 662; x_wconf 86' lang='lat' dir='ltr'>partim</span> <span class='ocrx_word' id='word_1_27' title='bbox 2966 579 3072 644; x_wconf 90' lang='lat' dir='ltr'>hic</span> <span class='ocrx_word' id='word_1_28' title='bbox 3094 582 3512 646; x_wconf 82' lang='lat' dir='ltr'>recensenda</span> 
     </span>
     <span class='ocr_line' id='line_1_4' title="bbox 534 664 3504 767; baseline -0.001 -32"><span class='ocrx_word' id='word_1_29' title='bbox 534 669 675 735; x_wconf 86' lang='lat' dir='ltr'>vel</span> <span class='ocrx_word' id='word_1_30' title='bbox 657 692 723 732; x_wconf 92' lang='lat' dir='ltr'>1n</span> <span class='ocrx_word' id='word_1_31' title='bbox 750 669 999 733; x_wconf 86' lang='lat' dir='ltr'>defectu</span> <span class='ocrx_word' id='word_1_32' title='bbox 1024 669 1285 767; x_wconf 80' lang='lat' dir='ltr'>peccant</span> <span class='ocrx_word' id='word_1_33' title='bbox 1310 665 1457 730; x_wconf 85' lang='lat' dir='ltr'>vel</span> <span class='ocrx_word' id='word_1_34' title='bbox 1440 689 1507 730; x_wconf 88' lang='lat' dir='ltr'>m</span> <span class='ocrx_word' id='word_1_35' title='bbox 1539 687 1815 730; x_wconf 86' lang='lat' dir='ltr'>excessu.</span> <span class='ocrx_word' id='word_1_36' title='bbox 1866 664 1940 730; x_wconf 93' lang='lat' dir='ltr'>In</span> <span class='ocrx_word' id='word_1_37' title='bbox 1967 665 2216 731; x_wconf 87' lang='lat' dir='ltr'>defectu</span> <span class='ocrx_word' id='word_1_38' title='bbox 2248 670 2510 749; x_wconf 87' lang='lat' dir='ltr'>peccant</span> <span class='ocrx_word' id='word_1_39' title='bbox 2533 667 2770 750; x_wconf 88' lang='lat' dir='ltr'>placita</span> <span class='ocrx_word' id='word_1_40' title='bbox 2795 689 3014 733; x_wconf 87' lang='lat' dir='ltr'>eorum</span> <span class='ocrx_word' id='word_1_41' title='bbox 3053 668 3164 752; x_wconf 90' lang='lat' dir='ltr'>qui</span> <span class='ocrx_word' id='word_1_42' title='bbox 3189 669 3504 734; x_wconf 78' lang='lat' dir='ltr'>authen-</span> 
     </span>
     <span class='ocr_line' id='line_1_5' title="bbox 533 754 3508 840; baseline -0.001 -17"><span class='ocrx_word' id='word_1_43' title='bbox 533 759 693 824; x_wconf 88' lang='lat' dir='ltr'>tiam</span> <span class='ocrx_word' id='word_1_44' title='bbox 740 757 1091 839; x_wconf 73' lang='lat' dir='ltr'>scripturae</span> <span class='ocrx_word' id='word_1_45' title='bbox 1131 755 1323 818; x_wconf 90' lang='lat' dir='ltr'>nimis</span> <span class='ocrx_word' id='word_1_46' title='bbox 1368 756 1729 819; x_wconf 86' lang='lat' dir='ltr'>coarctant:</span> <span class='ocrx_word' id='word_1_47' title='bbox 1757 755 1979 839; x_wconf 89' lang='lat' dir='ltr'>quales</span> <span class='ocrx_word' id='word_1_48' title='bbox 2003 758 2172 819; x_wconf 88' lang='lat' dir='ltr'>sunt.</span> <span class='ocrx_word' id='word_1_49' title='bbox 2230 756 2284 817; x_wconf 87' lang='lat'>1.</span> <span class='ocrx_word' id='word_1_50' title='bbox 2305 754 2416 838; x_wconf 88' lang='lat' dir='ltr'>qui</span> <span class='ocrx_word' id='word_1_51' title='bbox 2441 755 2810 819; x_wconf 74' lang='lat' dir='ltr'>methodum</span> <span class='ocrx_word' id='word_1_52' title='bbox 2835 778 2947 821; x_wconf 89' lang='lat' dir='ltr'>seu</span> <span class='ocrx_word' id='word_1_53' title='bbox 2973 755 3508 840; x_wconf 82' lang='lat' dir='ltr'>dispositionem,</span> 
     </span>
     <span class='ocr_line' id='line_1_6' title="bbox 538 840 3508 929; baseline 0 -18"><span class='ocrx_word' id='word_1_54' title='bbox 538 846 777 911; x_wconf 82' lang='lat' dir='ltr'>adhaec</span> <span class='ocrx_word' id='word_1_55' title='bbox 826 843 1322 920; x_wconf 71' lang='lat' dir='ltr'>exornationem,</span> <span class='ocrx_word' id='word_1_56' title='bbox 1374 840 1689 920; x_wconf 71' lang='grc' dir='ltr'>ἑρμηνείαν,</span> <span class='ocrx_word' id='word_1_57' title='bbox 1744 842 2032 927; x_wconf 80' lang='lat' dir='ltr'>phrasin,</span> <span class='ocrx_word' id='word_1_58' title='bbox 2089 845 2134 910; x_wconf 78' lang='grc'>81</span> <span class='ocrx_word' id='word_1_59' title='bbox 2193 843 2433 928; x_wconf 85' lang='lat' dir='ltr'>stylum</span> <span class='ocrx_word' id='word_1_60' title='bbox 2481 843 2836 927; x_wconf 71' lang='lat' dir='ltr'>scripturae</span> <span class='ocrx_word' id='word_1_61' title='bbox 2884 844 3164 910; x_wconf 87' lang='lat' dir='ltr'>humano</span> <span class='ocrx_word' id='word_1_62' title='bbox 3210 845 3508 929; x_wconf 83' lang='lat' dir='ltr'>ingenio</span> 
     </span>
     <span class='ocr_line' id='line_1_7' title="bbox 536 930 3508 1018; baseline 0 -19"><span class='ocrx_word' id='word_1_63' title='bbox 536 939 731 1018; x_wconf 87' lang='lat' dir='ltr'>atque</span> <span class='ocrx_word' id='word_1_64' title='bbox 775 932 1133 996; x_wconf 88' lang='lat' dir='ltr'>industriae</span> <span class='ocrx_word' id='word_1_65' title='bbox 1179 930 1542 996; x_wconf 89' lang='lat' dir='ltr'>attribuunt</span> <span class='ocrx_word' id='word_1_66' title='bbox 1587 931 1633 996; x_wconf 76' lang='grc'>81</span> <span class='ocrx_word' id='word_1_67' title='bbox 1678 955 1805 996; x_wconf 86' lang='grc'><strong>11011</strong></span> <span class='ocrx_word' id='word_1_68' title='bbox 1852 931 2217 996; x_wconf 76' lang='lat' dir='ltr'>immediate</span> <span class='ocrx_word' id='word_1_69' title='bbox 2263 935 2454 1012; x_wconf 89' lang='lat' dir='ltr'>atque</span> <span class='ocrx_word' id='word_1_70' title='bbox 2501 930 2832 996; x_wconf 78' lang='lat' dir='ltr'>infallibili</span> <span class='ocrx_word' id='word_1_71' title='bbox 2875 933 3249 998; x_wconf 80' lang='lat' dir='ltr'>revelationi</span> <span class='ocrx_word' id='word_1_72' title='bbox 3297 932 3508 1017; x_wconf 88' lang='lat' dir='ltr'>Spir.</span> 
     </span>
     <span class='ocr_line' id='line_1_8' title="bbox 536 1019 3506 1105; baseline 0 -18"><span class='ocrx_word' id='word_1_73' title='bbox 536 1023 602 1087; x_wconf 83' lang='lat' dir='ltr'>S.</span> <span class='ocrx_word' id='word_1_74' title='bbox 650 1023 817 1086; x_wconf 88' lang='lat' dir='ltr'>inter</span> <span class='ocrx_word' id='word_1_75' title='bbox 863 1043 1021 1104; x_wconf 88' lang='lat' dir='ltr'>quos</span> <span class='ocrx_word' id='word_1_76' title='bbox 1070 1021 1301 1084; x_wconf 89' lang='lat' dir='ltr'>emicat</span> <span class='ocrx_word' id='word_1_77' title='bbox 1352 1019 1619 1085; x_wconf 84' lang='lat' dir='ltr'>Castalio</span> <span class='ocrx_word' id='word_1_78' title='bbox 1666 1021 1737 1085; x_wconf 87' lang='lat' dir='ltr'>in</span> <span class='ocrx_word' id='word_1_79' title='bbox 1782 1021 2012 1105; x_wconf 76' lang='lat' dir='ltr'>dialoq.</span> <span class='ocrx_word' id='word_1_80' title='bbox 2067 1022 2128 1085; x_wconf 89' lang='lat'>2.</span> <span class='ocrx_word' id='word_1_81' title='bbox 2175 1021 2252 1085; x_wconf 83' lang='lat' dir='ltr'>de</span> <span class='ocrx_word' id='word_1_82' title='bbox 2295 1021 2630 1096; x_wconf 79' lang='lat' dir='ltr'>Electione-;</span> <span class='ocrx_word' id='word_1_83' title='bbox 2671 1041 2739 1105; x_wconf 91' lang='lat' dir='ltr'>p.</span> <span class='ocrx_word' id='word_1_84' title='bbox 2772 1022 2920 1086; x_wconf 83' lang='lat'><strong>132.</strong></span> <span class='ocrx_word' id='word_1_85' title='bbox 2957 1022 3105 1086; x_wconf 87' lang='lat'><strong>103.</strong></span> <span class='ocrx_word' id='word_1_86' title='bbox 3138 1021 3281 1085; x_wconf 88' lang='grc'><strong>107.</strong></span> <span class='ocrx_word' id='word_1_87' title='bbox 3317 1023 3506 1088; x_wconf 84' lang='grc'><strong>113.</strong></span> 
     </span>
     <span class='ocr_line' id='line_1_9' title="bbox 538 1107 3504 1193; baseline -0 -17"><span class='ocrx_word' id='word_1_88' title='bbox 538 1111 647 1176; x_wconf 82' lang='grc'><strong>11111</strong></span> <span class='ocrx_word' id='word_1_89' title='bbox 698 1110 977 1174; x_wconf 89' lang='lat' dir='ltr'>Paulum</span> <span class='ocrx_word' id='word_1_90' title='bbox 1017 1109 1221 1173; x_wconf 90' lang='lat' dir='ltr'>locum</span> <span class='ocrx_word' id='word_1_91' title='bbox 1282 1107 1465 1174; x_wconf 84' lang='lat' dir='ltr'>Rom.</span> <span class='ocrx_word' id='word_1_92' title='bbox 1515 1109 1577 1172; x_wconf 82' lang='lat'>9.</span> <span class='ocrx_word' id='word_1_93' title='bbox 1633 1108 1991 1187; x_wconf 84' lang='lat' dir='ltr'>obscurum,</span> <span class='ocrx_word' id='word_1_94' title='bbox 2049 1108 2310 1186; x_wconf 83' lang='lat' dir='ltr'>durum,</span> <span class='ocrx_word' id='word_1_95' title='bbox 2366 1109 2728 1193; x_wconf 77' lang='lat' dir='ltr'>impeditius</span> <span class='ocrx_word' id='word_1_96' title='bbox 2781 1111 3038 1190; x_wconf 86' lang='lat' dir='ltr'>dictum,</span> <span class='ocrx_word' id='word_1_97' title='bbox 3093 1113 3138 1176; x_wconf 74' lang='grc'>81</span> <span class='ocrx_word' id='word_1_98' title='bbox 3191 1110 3504 1175; x_wconf 86' lang='lat' dir='ltr'>Paulum</span> 
     </span>
     <span class='ocr_line' id='line_1_10' title="bbox 536 1197 3508 1282; baseline 0 -18"><span class='ocrx_word' id='word_1_99' title='bbox 536 1201 699 1264; x_wconf 82' lang='lat' dir='ltr'>duas</span> <span class='ocrx_word' id='word_1_100' title='bbox 730 1198 1175 1263; x_wconf 71' lang='lat' dir='ltr'>similitudines</span> <span class='ocrx_word' id='word_1_101' title='bbox 1206 1197 1531 1280; x_wconf 85' lang='lat' dir='ltr'>implicare</span> <span class='ocrx_word' id='word_1_102' title='bbox 1564 1197 1628 1264; x_wconf 75' lang='grc' dir='ltr'>ἃ·</span> <span class='ocrx_word' id='word_1_103' title='bbox 1658 1198 2042 1282; x_wconf 76' lang='lat' dir='ltr'>confundere</span> <span class='ocrx_word' id='word_1_104' title='bbox 2087 1199 2515 1281; x_wconf 78' lang='lat' dir='ltr'>conqueritur,</span> <span class='ocrx_word' id='word_1_105' title='bbox 2565 1201 2874 1282; x_wconf 85' lang='lat' dir='ltr'>optatque</span> <span class='ocrx_word' id='word_1_106' title='bbox 2900 1202 2972 1263; x_wconf 90' lang='lat' dir='ltr'>ut</span> <span class='ocrx_word' id='word_1_107' title='bbox 2993 1206 3262 1265; x_wconf 66' lang='lat' dir='ltr'>onentem</span> <span class='ocrx_word' id='word_1_108' title='bbox 3283 1221 3508 1265; x_wconf 62' lang='lat' dir='ltr'>sibam</span> 
     </span>
     <span class='ocr_line' id='line_1_11' title="bbox 536 1285 3632 1371; baseline -0.001 -17"><span class='ocrx_word' id='word_1_109' title='bbox 536 1288 840 1371; x_wconf 75' lang='lat' dir='ltr'>copiosius</span> <span class='ocrx_word' id='word_1_110' title='bbox 877 1285 940 1350; x_wconf 69' lang='grc' dir='ltr'>ἃ·</span> <span class='ocrx_word' id='word_1_111' title='bbox 962 1287 1244 1370; x_wconf 78' lang='lat' dir='ltr'>apertius</span> <span class='ocrx_word' id='word_1_112' title='bbox 1267 1287 1669 1368; x_wconf 60' lang='lat' dir='ltr'>opposuisset.</span> <span class='ocrx_word' id='word_1_113' title='bbox 1720 1285 2206 1370; x_wconf 84' lang='lat' dir='ltr'>Comparatione</span> <span class='ocrx_word' id='word_1_114' title='bbox 2230 1285 2402 1351; x_wconf 77' lang='lat' dir='ltr'>facta</span> <span class='ocrx_word' id='word_1_115' title='bbox 2432 1287 2601 1350; x_wconf 89' lang='lat' dir='ltr'>inter</span> <span class='ocrx_word' id='word_1_116' title='bbox 2621 1285 2957 1352; x_wconf 88' lang='lat' dir='ltr'>Ieremiam</span> <span class='ocrx_word' id='word_1_117' title='bbox 2983 1289 3030 1354; x_wconf 78' lang='grc'>81</span> <span class='ocrx_word' id='word_1_118' title='bbox 3055 1287 3316 1352; x_wconf 83' lang='lat' dir='ltr'>Paulum</span> <span class='ocrx_word' id='word_1_119' title='bbox 3367 1288 3504 1352; x_wconf 77' lang='lat' dir='ltr'>ait..</span> <span class='ocrx_word' id='word_1_120' title='bbox 3625 1291 3632 1296; x_wconf 82' lang='lat'>&#39;</span> 
     </span>
     <span class='ocr_line' id='line_1_12' title="bbox 542 1375 3510 1462; baseline -0 -19"><span class='ocrx_word' id='word_1_121' title='bbox 542 1380 710 1443; x_wconf 76' lang='lat' dir='ltr'>Certe</span> <span class='ocrx_word' id='word_1_122' title='bbox 753 1377 811 1441; x_wconf 87' lang='lat' dir='ltr'>si</span> <span class='ocrx_word' id='word_1_123' title='bbox 858 1388 985 1440; x_wconf 87' lang='lat' dir='ltr'>tam</span> <span class='ocrx_word' id='word_1_124' title='bbox 1032 1376 1273 1458; x_wconf 81' lang='lat' dir='ltr'>copiose</span> <span class='ocrx_word' id='word_1_125' title='bbox 1324 1375 1387 1440; x_wconf 73' lang='grc' dir='ltr'>ἃ·</span> <span class='ocrx_word' id='word_1_126' title='bbox 1433 1380 1640 1460; x_wconf 74' lang='lat' dir='ltr'>aperte</span> <span class='ocrx_word' id='word_1_127' title='bbox 1670 1377 2015 1459; x_wconf 82' lang='lat' dir='ltr'>scripsisset</span> <span class='ocrx_word' id='word_1_128' title='bbox 2037 1375 2151 1440; x_wconf 82' lang='lat' dir='ltr'>hoc</span> <span class='ocrx_word' id='word_1_129' title='bbox 2175 1375 2243 1439; x_wconf 85' lang='lat' dir='ltr'>in</span> <span class='ocrx_word' id='word_1_130' title='bbox 2272 1377 2397 1440; x_wconf 84' lang='lat' dir='ltr'>loco</span> <span class='ocrx_word' id='word_1_131' title='bbox 2430 1375 2701 1453; x_wconf 82' lang='lat' dir='ltr'>Paulus,</span> <span class='ocrx_word' id='word_1_132' title='bbox 2734 1397 2930 1462; x_wconf 87' lang='lat' dir='ltr'>quam</span> <span class='ocrx_word' id='word_1_133' title='bbox 2955 1377 3265 1450; x_wconf 82' lang='lat' dir='ltr'>Ieremias,</span> <span class='ocrx_word' id='word_1_134' title='bbox 3287 1378 3510 1443; x_wconf 72' lang='lat' dir='ltr'>nnita</span> 
     </span>
     <span class='ocr_line' id='line_1_13' title="bbox 538 1463 3510 1549; baseline 0 -19"><span class='ocrx_word' id='word_1_135' title='bbox 538 1467 701 1531; x_wconf 86' lang='lat' dir='ltr'>inter</span> <span class='ocrx_word' id='word_1_136' title='bbox 730 1485 829 1530; x_wconf 86' lang='lat' dir='ltr'>eos</span> <span class='ocrx_word' id='word_1_137' title='bbox 846 1475 1205 1530; x_wconf 80' lang='lat' dir='ltr'>cerneretur</span> <span class='ocrx_word' id='word_1_138' title='bbox 1226 1464 1646 1548; x_wconf 77' lang='lat' dir='ltr'>discrepantia</span> <span class='ocrx_word' id='word_1_139' title='bbox 1672 1489 1691 1529; x_wconf 93' lang='lat'>.·</span> <span class='ocrx_word' id='word_1_140' title='bbox 1722 1485 1832 1528; x_wconf 87' lang='lat' dir='ltr'>nec</span> <span class='ocrx_word' id='word_1_141' title='bbox 1859 1465 2031 1528; x_wconf 87' lang='lat' dir='ltr'>enim</span> <span class='ocrx_word' id='word_1_142' title='bbox 2053 1464 2277 1528; x_wconf 86' lang='lat' dir='ltr'>veritas</span> <span class='ocrx_word' id='word_1_143' title='bbox 2300 1465 2341 1527; x_wconf 80' lang='lat' dir='ltr'>a</span> <span class='ocrx_word' id='word_1_144' title='bbox 2369 1464 2622 1528; x_wconf 82' lang='lat' dir='ltr'>veritate</span> <span class='ocrx_word' id='word_1_145' title='bbox 2650 1465 2949 1530; x_wconf 80' lang='lat' dir='ltr'>dissidere</span> <span class='ocrx_word' id='word_1_146' title='bbox 2975 1476 3190 1549; x_wconf 87' lang='lat' dir='ltr'>potest.</span> <span class='ocrx_word' id='word_1_147' title='bbox 3231 1463 3510 1542; x_wconf 81' lang='lat' dir='ltr'>Quam-</span> 
     </span>
     <span class='ocr_line' id='line_1_14' title="bbox 538 1552 3506 1640; baseline -0 -20"><span class='ocrx_word' id='word_1_148' title='bbox 538 1575 732 1640; x_wconf 82' lang='lat' dir='ltr'>quam</span> <span class='ocrx_word' id='word_1_149' title='bbox 787 1554 843 1618; x_wconf 85' lang='lat' dir='ltr'>si</span> <span class='ocrx_word' id='word_1_150' title='bbox 895 1573 1117 1618; x_wconf 83' lang='lat' dir='ltr'>verum</span> <span class='ocrx_word' id='word_1_151' title='bbox 1140 1553 1471 1636; x_wconf 81' lang='lat' dir='ltr'>fatendum</span> <span class='ocrx_word' id='word_1_152' title='bbox 1494 1565 1600 1632; x_wconf 87' lang='lat' dir='ltr'>est,</span> <span class='ocrx_word' id='word_1_153' title='bbox 1634 1555 1689 1618; x_wconf 89' lang='lat' dir='ltr'>si</span> <span class='ocrx_word' id='word_1_154' title='bbox 1710 1556 1868 1620; x_wconf 86' lang='lat' dir='ltr'>atter</span> <span class='ocrx_word' id='word_1_155' title='bbox 1889 1553 1966 1618; x_wconf 87' lang='lat' dir='ltr'>ab</span> <span class='ocrx_word' id='word_1_156' title='bbox 1993 1553 2185 1617; x_wconf 87' lang='lat' dir='ltr'>attero</span> <span class='ocrx_word' id='word_1_157' title='bbox 2207 1552 2608 1636; x_wconf 82' lang='lat' dir='ltr'>discreparet,</span> <span class='ocrx_word' id='word_1_158' title='bbox 2639 1555 2894 1618; x_wconf 85' lang='lat' dir='ltr'>mallem</span> <span class='ocrx_word' id='word_1_159' title='bbox 2919 1553 3034 1619; x_wconf 81' lang='lat' dir='ltr'>hoc</span> <span class='ocrx_word' id='word_1_160' title='bbox 3063 1554 3133 1618; x_wconf 85' lang='lat' dir='ltr'>in</span> <span class='ocrx_word' id='word_1_161' title='bbox 3157 1555 3280 1618; x_wconf 84' lang='lat' dir='ltr'>Ioco</span> <span class='ocrx_word' id='word_1_162' title='bbox 3303 1554 3506 1619; x_wconf 82' lang='lat' dir='ltr'>Iere—</span> 
     </span>
     <span class='ocr_line' id='line_1_15' title="bbox 538 1640 3511 1728; baseline 0 -20"><span class='ocrx_word' id='word_1_163' title='bbox 538 1645 702 1708; x_wconf 86' lang='lat' dir='ltr'>miae</span> <span class='ocrx_word' id='word_1_164' title='bbox 731 1642 975 1709; x_wconf 84' lang='lat' dir='ltr'>credere</span> <span class='ocrx_word' id='word_1_165' title='bbox 994 1662 1191 1726; x_wconf 85' lang='lat' dir='ltr'>quam</span> <span class='ocrx_word' id='word_1_166' title='bbox 1217 1641 1445 1718; x_wconf 78' lang='lat' dir='ltr'>Paulo,</span> <span class='ocrx_word' id='word_1_167' title='bbox 1471 1642 1658 1728; x_wconf 86' lang='lat' dir='ltr'>idque</span> <span class='ocrx_word' id='word_1_168' title='bbox 1686 1640 1934 1707; x_wconf 86' lang='lat' dir='ltr'>duabus</span> <span class='ocrx_word' id='word_1_169' title='bbox 1980 1642 2058 1706; x_wconf 72' lang='lat' dir='ltr'>cte</span> <span class='ocrx_word' id='word_1_170' title='bbox 2078 1641 2306 1720; x_wconf 84' lang='lat' dir='ltr'>causis.</span> <span class='ocrx_word' id='word_1_171' title='bbox 2357 1642 2654 1706; x_wconf 77' lang='lat' dir='ltr'>Primum</span> <span class='ocrx_word' id='word_1_172' title='bbox 2679 1643 2831 1727; x_wconf 82' lang='lat' dir='ltr'>quia</span> <span class='ocrx_word' id='word_1_173' title='bbox 2861 1643 3155 1707; x_wconf 85' lang='lat' dir='ltr'>Ieremias</span> <span class='ocrx_word' id='word_1_174' title='bbox 3185 1641 3410 1708; x_wconf 72' lang='lat' dir='ltr'>scribit</span> <span class='ocrx_word' id='word_1_175' title='bbox 3435 1643 3511 1709; x_wconf 72' lang='grc' dir='ltr'>ἃ·</span> 
     </span>
     <span class='ocr_line' id='line_1_16' title="bbox 538 1729 3509 1817; baseline 0 -21"><span class='ocrx_word' id='word_1_176' title='bbox 538 1732 839 1816; x_wconf 82' lang='lat' dir='ltr'>apertius,</span> <span class='ocrx_word' id='word_1_177' title='bbox 878 1729 940 1796; x_wconf 65' lang='lat' dir='ltr'>st</span> <span class='ocrx_word' id='word_1_178' title='bbox 962 1741 1229 1795; x_wconf 84' lang='lat' dir='ltr'>natu-rae</span> <span class='ocrx_word' id='word_1_179' title='bbox 1251 1731 1344 1794; x_wconf 86' lang='lat' dir='ltr'>rei</span> <span class='ocrx_word' id='word_1_180' title='bbox 1366 1732 1828 1796; x_wconf 80' lang='lat' dir='ltr'>convenientius</span> <span class='ocrx_word' id='word_1_181' title='bbox 1853 1755 1872 1795; x_wconf 92' lang='grc'>.·</span> <span class='ocrx_word' id='word_1_182' title='bbox 1905 1730 2212 1817; x_wconf 82' lang='lat' dir='ltr'>siquidem</span> <span class='ocrx_word' id='word_1_183' title='bbox 2236 1730 2432 1796; x_wconf 87' lang='lat' dir='ltr'>Pauli</span> <span class='ocrx_word' id='word_1_184' title='bbox 2453 1730 2638 1795; x_wconf 87' lang='lat' dir='ltr'>verba</span> <span class='ocrx_word' id='word_1_185' title='bbox 2661 1732 2992 1815; x_wconf 84' lang='lat' dir='ltr'>quaedam,</span> <span class='ocrx_word' id='word_1_186' title='bbox 3019 1752 3092 1796; x_wconf 87' lang='lat' dir='ltr'>ac</span> <span class='ocrx_word' id='word_1_187' title='bbox 3112 1751 3241 1796; x_wconf 86' lang='lat' dir='ltr'>non</span> <span class='ocrx_word' id='word_1_188' title='bbox 3259 1733 3509 1814; x_wconf 78' lang='lat' dir='ltr'>potius</span> 
     </span>
     <span class='ocr_line' id='line_1_17' title="bbox 534 1819 3504 1906; baseline 0 -21"><span class='ocrx_word' id='word_1_189' title='bbox 534 1833 909 1905; x_wconf 84' lang='lat' dir='ltr'>perpetuu-m</span> <span class='ocrx_word' id='word_1_190' title='bbox 940 1820 1072 1902; x_wconf 71' lang='lat' dir='ltr'>eJ&#39;us</span> <span class='ocrx_word' id='word_1_191' title='bbox 1121 1829 1393 1883; x_wconf 84' lang='lat' dir='ltr'>tenorem</span> <span class='ocrx_word' id='word_1_192' title='bbox 1440 1819 1758 1884; x_wconf 86' lang='lat' dir='ltr'>doctrinae</span> <span class='ocrx_word' id='word_1_193' title='bbox 1784 1821 1931 1884; x_wconf 82' lang='lat' dir='ltr'>vetis</span> <span class='ocrx_word' id='word_1_194' title='bbox 1949 1819 2334 1904; x_wconf 81' lang='lat' dir='ltr'>pertinacius</span> <span class='ocrx_word' id='word_1_195' title='bbox 2357 1839 2598 1903; x_wconf 83' lang='lat' dir='ltr'>ur9ere.</span> <span class='ocrx_word' id='word_1_196' title='bbox 2647 1819 2890 1885; x_wconf 83' lang='lat' dir='ltr'>Deinde</span> <span class='ocrx_word' id='word_1_197' title='bbox 2911 1821 3081 1906; x_wconf 84' lang='lat' dir='ltr'>quod</span> <span class='ocrx_word' id='word_1_198' title='bbox 3109 1819 3283 1904; x_wconf 82' lang='lat' dir='ltr'>apud</span> <span class='ocrx_word' id='word_1_199' title='bbox 3301 1819 3504 1886; x_wconf 77' lang='lat' dir='ltr'>lere-</span> 
     </span>
     <span class='ocr_line' id='line_1_18' title="bbox 540 1908 3503 1994; baseline 0 -21"><span class='ocrx_word' id='word_1_200' title='bbox 540 1909 737 1973; x_wconf 80' lang='lat' dir='ltr'>miam</span> <span class='ocrx_word' id='word_1_201' title='bbox 790 1909 1069 1994; x_wconf 83' lang='lat' dir='ltr'>loquitur</span> <span class='ocrx_word' id='word_1_202' title='bbox 1113 1908 1286 1973; x_wconf 87' lang='lat' dir='ltr'>Deus</span> <span class='ocrx_word' id='word_1_203' title='bbox 1312 1908 1463 1990; x_wconf 89' lang='lat' dir='ltr'>ipse,</span> <span class='ocrx_word' id='word_1_204' title='bbox 1494 1929 1640 1972; x_wconf 86' lang='lat' dir='ltr'>cum</span> <span class='ocrx_word' id='word_1_205' title='bbox 1668 1908 1919 1975; x_wconf 85' lang='lat' dir='ltr'>Paulus</span> <span class='ocrx_word' id='word_1_206' title='bbox 1942 1912 2240 1994; x_wconf 81' lang='lat' dir='ltr'>loquatur</span> <span class='ocrx_word' id='word_1_207' title='bbox 2259 1929 2334 1972; x_wconf 75' lang='lat' dir='ltr'>ex</span> <span class='ocrx_word' id='word_1_208' title='bbox 2357 1929 2476 1972; x_wconf 86' lang='lat' dir='ltr'>sua</span> <span class='ocrx_word' id='word_1_209' title='bbox 2497 1928 2790 1991; x_wconf 87' lang='lat' dir='ltr'>persona.</span> <span class='ocrx_word' id='word_1_210' title='bbox 2841 1911 3170 1991; x_wconf 80' lang='lat' dir='ltr'>Quantum</span> <span class='ocrx_word' id='word_1_211' title='bbox 3193 1928 3330 1972; x_wconf 75' lang='lat' dir='ltr'>vero</span> <span class='ocrx_word' id='word_1_212' title='bbox 3363 1931 3503 1974; x_wconf 76' lang='lat' dir='ltr'>re-</span> 
     </span>
     <span class='ocr_line' id='line_1_19' title="bbox 538 1997 3504 2082; baseline 0 -20"><span class='ocrx_word' id='word_1_213' title='bbox 538 1998 717 2082; x_wconf 82' lang='lat' dir='ltr'>ferat,</span> <span class='ocrx_word' id='word_1_214' title='bbox 742 2008 965 2063; x_wconf 87' lang='lat' dir='ltr'>utrum</span> <span class='ocrx_word' id='word_1_215' title='bbox 988 1997 1119 2079; x_wconf 86' lang='lat' dir='ltr'>ipse</span> <span class='ocrx_word' id='word_1_216' title='bbox 1138 2017 1214 2060; x_wconf 73' lang='lat' dir='ltr'>ex</span> <span class='ocrx_word' id='word_1_217' title='bbox 1236 2015 1355 2061; x_wconf 86' lang='lat' dir='ltr'>sua</span> <span class='ocrx_word' id='word_1_218' title='bbox 1374 2017 1669 2079; x_wconf 86' lang='lat' dir='ltr'>persona,</span> <span class='ocrx_word' id='word_1_219' title='bbox 1694 2017 1782 2062; x_wconf 84' lang='lat' dir='ltr'>an</span> <span class='ocrx_word' id='word_1_220' title='bbox 1804 2002 1948 2063; x_wconf 78' lang='lat' dir='ltr'>vero</span> <span class='ocrx_word' id='word_1_221' title='bbox 1975 1997 2095 2064; x_wconf 88' lang='lat' dir='ltr'>Dei</span> <span class='ocrx_word' id='word_1_222' title='bbox 2137 1997 2438 2062; x_wconf 85' lang='lat' dir='ltr'>mandato</span> <span class='ocrx_word' id='word_1_223' title='bbox 2464 1998 2782 2082; x_wconf 25' lang='lat' dir='ltr'>toqffuatur</span> <span class='ocrx_word' id='word_1_224' title='bbox 2809 2009 3071 2080; x_wconf 83' lang='lat' dir='ltr'>apparet</span> <span class='ocrx_word' id='word_1_225' title='bbox 3093 2019 3168 2062; x_wconf 75' lang='lat' dir='ltr'>ex</span> <span class='ocrx_word' id='word_1_226' title='bbox 3189 1997 3504 2080; x_wconf 84' lang='lat' dir='ltr'>ipsomet,</span> 
     </span>
     <span class='ocr_line' id='line_1_20' title="bbox 538 2083 3504 2172; baseline 0 -20"><span class='ocrx_word' id='word_1_227' title='bbox 538 2108 647 2172; x_wconf 75' lang='lat' dir='ltr'>qut</span> <span class='ocrx_word' id='word_1_228' title='bbox 636 2085 899 2152; x_wconf 81' lang='lat' dir='ltr'>alicubi</span> <span class='ocrx_word' id='word_1_229' title='bbox 918 2086 1007 2150; x_wconf 87' lang='lat' dir='ltr'>sic</span> <span class='ocrx_word' id='word_1_230' title='bbox 1029 2083 1237 2150; x_wconf 87' lang='lat' dir='ltr'>scribit</span> <span class='ocrx_word' id='word_1_231' title='bbox 1270 2087 1322 2150; x_wconf 88' lang='lat' dir='ltr'><strong>l.</strong></span> <span class='ocrx_word' id='word_1_232' title='bbox 1355 2087 1492 2151; x_wconf 90' lang='lat' dir='ltr'>Cor.</span> <span class='ocrx_word' id='word_1_233' title='bbox 1522 2086 1581 2150; x_wconf 87' lang='lat'>7.</span> <span class='ocrx_word' id='word_1_234' title='bbox 1610 2087 1992 2172; x_wconf 76' lang='lat' dir='ltr'>Conjuqibus</span> <span class='ocrx_word' id='word_1_235' title='bbox 2013 2085 2327 2170; x_wconf 85' lang='lat' dir='ltr'>praecipio</span> <span class='ocrx_word' id='word_1_236' title='bbox 2351 2105 2484 2150; x_wconf 89' lang='lat' dir='ltr'>non</span> <span class='ocrx_word' id='word_1_237' title='bbox 2505 2105 2634 2170; x_wconf 76' lang='grc'><strong>690,</strong></span> <span class='ocrx_word' id='word_1_238' title='bbox 2659 2086 2767 2150; x_wconf 82' lang='lat' dir='ltr'>sed</span> <span class='ocrx_word' id='word_1_239' title='bbox 2789 2085 3089 2152; x_wconf 84' lang='lat' dir='ltr'>dominus</span> <span class='ocrx_word' id='word_1_240' title='bbox 3112 2087 3210 2152; x_wconf 83' lang='lat' dir='ltr'>&amp;c.</span> <span class='ocrx_word' id='word_1_241' title='bbox 3235 2083 3504 2152; x_wconf 81' lang='lat' dir='ltr'>Contra</span> 
     </span>
     <span class='ocr_line' id='line_1_21' title="bbox 540 2171 3504 2256; baseline 0.001 -18"><span class='ocrx_word' id='word_1_242' title='bbox 540 2175 878 2239; x_wconf 87' lang='lat' dir='ltr'>tenendum</span> <span class='ocrx_word' id='word_1_243' title='bbox 904 2176 1002 2238; x_wconf 90' lang='lat' dir='ltr'>est</span> <span class='ocrx_word' id='word_1_244' title='bbox 1026 2172 1188 2256; x_wconf 89' lang='lat' dir='ltr'>Spir.</span> <span class='ocrx_word' id='word_1_245' title='bbox 1210 2171 1275 2239; x_wconf 89' lang='lat' dir='ltr'><strong>S.</strong></span> <span class='ocrx_word' id='word_1_246' title='bbox 1300 2174 1666 2239; x_wconf 82' lang='lat' dir='ltr'>immediate</span> <span class='ocrx_word' id='word_1_247' title='bbox 1682 2175 1729 2240; x_wconf 68' lang='lat' dir='ltr'>a</span> <span class='ocrx_word' id='word_1_248' title='bbox 1746 2174 2242 2240; x_wconf 83' lang='lat' dir='ltr'>extraordinario</span> <span class='ocrx_word' id='word_1_249' title='bbox 2269 2172 2538 2238; x_wconf 82' lang='lat' dir='ltr'>dictasse</span> <span class='ocrx_word' id='word_1_250' title='bbox 2561 2173 2774 2238; x_wconf 89' lang='lat' dir='ltr'>omnia</span> <span class='ocrx_word' id='word_1_251' title='bbox 2791 2173 3124 2238; x_wconf 88' lang='lat' dir='ltr'>scribenda</span> <span class='ocrx_word' id='word_1_252' title='bbox 3147 2174 3192 2240; x_wconf 70' lang='grc'>81</span> <span class='ocrx_word' id='word_1_253' title='bbox 3215 2173 3504 2256; x_wconf 72' lang='lat' dir='ltr'>scripta,</span> 
     </span>
     <span class='ocr_line' id='line_1_22' title="bbox 539 2261 3504 2349; baseline 0.001 -22"><span class='ocrx_word' id='word_1_254' title='bbox 539 2268 679 2327; x_wconf 89' lang='lat' dir='ltr'>tum</span> <span class='ocrx_word' id='word_1_255' title='bbox 726 2285 849 2340; x_wconf 83' lang='grc'><strong>165,</strong></span> <span class='ocrx_word' id='word_1_256' title='bbox 873 2266 1011 2326; x_wconf 89' lang='lat' dir='ltr'>tum</span> <span class='ocrx_word' id='word_1_257' title='bbox 1038 2263 1252 2342; x_wconf 80' lang='lat' dir='ltr'>verba,</span> <span class='ocrx_word' id='word_1_258' title='bbox 1278 2267 1417 2326; x_wconf 88' lang='lat' dir='ltr'>tum</span> <span class='ocrx_word' id='word_1_259' title='bbox 1442 2285 1604 2346; x_wconf 89' lang='lat' dir='ltr'>quae</span> <span class='ocrx_word' id='word_1_260' title='bbox 1630 2267 1821 2328; x_wconf 87' lang='lat' dir='ltr'>antea</span> <span class='ocrx_word' id='word_1_261' title='bbox 1844 2264 2230 2349; x_wconf 82' lang='lat' dir='ltr'>ignorabant</span> <span class='ocrx_word' id='word_1_262' title='bbox 2261 2266 2374 2327; x_wconf 87' lang='lat' dir='ltr'>aut</span> <span class='ocrx_word' id='word_1_263' title='bbox 2396 2261 2712 2326; x_wconf 88' lang='lat' dir='ltr'>recordari</span> <span class='ocrx_word' id='word_1_264' title='bbox 2735 2283 2862 2326; x_wconf 93' lang='lat' dir='ltr'>non</span> <span class='ocrx_word' id='word_1_265' title='bbox 2888 2266 3184 2346; x_wconf 87' lang='lat' dir='ltr'>poterant</span> <span class='ocrx_word' id='word_1_266' title='bbox 3199 2263 3504 2344; x_wconf 79' lang='lat' dir='ltr'>scripto-</span> 
     </span>
     <span class='ocr_line' id='line_1_23' title="bbox 540 2350 3506 2435; baseline 0.001 -20"><span class='ocrx_word' id='word_1_267' title='bbox 540 2373 659 2428; x_wconf 84' lang='grc'><strong>165,</strong></span> <span class='ocrx_word' id='word_1_268' title='bbox 694 2373 885 2434; x_wconf 88' lang='lat' dir='ltr'>quam</span> <span class='ocrx_word' id='word_1_269' title='bbox 940 2373 1102 2434; x_wconf 85' lang='lat' dir='ltr'>quae</span> <span class='ocrx_word' id='word_1_270' title='bbox 1148 2350 1347 2434; x_wconf 90' lang='lat' dir='ltr'>probo</span> <span class='ocrx_word' id='word_1_271' title='bbox 1396 2356 1724 2430; x_wconf 80' lang='lat' dir='ltr'>noverant,</span> <span class='ocrx_word' id='word_1_272' title='bbox 1764 2355 1905 2416; x_wconf 86' lang='lat' dir='ltr'>tum</span> <span class='ocrx_word' id='word_1_273' title='bbox 1951 2351 2257 2416; x_wconf 88' lang='lat' dir='ltr'>historica</span> <span class='ocrx_word' id='word_1_274' title='bbox 2299 2373 2408 2414; x_wconf 89' lang='lat' dir='ltr'>seu</span> <span class='ocrx_word' id='word_1_275' title='bbox 2459 2350 2893 2434; x_wconf 87' lang='lat' dir='ltr'>particularia,</span> <span class='ocrx_word' id='word_1_276' title='bbox 2939 2355 3080 2416; x_wconf 91' lang='lat' dir='ltr'>tum</span> <span class='ocrx_word' id='word_1_277' title='bbox 3115 2350 3506 2435; x_wconf 76' lang='lat' dir='ltr'>dogmatica</span> 
     </span>
     <span class='ocr_line' id='line_1_24' title="bbox 540 2438 3502 2524; baseline 0 -19"><span class='ocrx_word' id='word_1_278' title='bbox 540 2440 926 2505; x_wconf 83' lang='lat' dir='ltr'>universalia</span> <span class='ocrx_word' id='word_1_279' title='bbox 970 2439 1320 2503; x_wconf 84' lang='lat' dir='ltr'>theoretica</span> <span class='ocrx_word' id='word_1_280' title='bbox 1368 2443 1414 2507; x_wconf 82' lang='lat'>&amp;</span> <span class='ocrx_word' id='word_1_281' title='bbox 1437 2442 1751 2524; x_wconf 83' lang='lat' dir='ltr'>practica3</span> <span class='ocrx_word' id='word_1_282' title='bbox 1800 2442 1934 2505; x_wconf 83' lang='lat' dir='ltr'>sive</span> <span class='ocrx_word' id='word_1_283' title='bbox 1960 2442 2120 2520; x_wconf 78' lang='lat' dir='ltr'>visa,</span> <span class='ocrx_word' id='word_1_284' title='bbox 2147 2440 2278 2505; x_wconf 85' lang='lat' dir='ltr'>sive</span> <span class='ocrx_word' id='word_1_285' title='bbox 2311 2439 2554 2515; x_wconf 75' lang='lat' dir='ltr'>auditU‚</span> <span class='ocrx_word' id='word_1_286' title='bbox 2587 2440 2720 2504; x_wconf 84' lang='lat' dir='ltr'>sive</span> <span class='ocrx_word' id='word_1_287' title='bbox 2746 2440 3016 2505; x_wconf 90' lang='lat' dir='ltr'>lectione</span> <span class='ocrx_word' id='word_1_288' title='bbox 3047 2440 3180 2505; x_wconf 83' lang='lat' dir='ltr'>sive</span> <span class='ocrx_word' id='word_1_289' title='bbox 3203 2438 3502 2506; x_wconf 78' lang='lat' dir='ltr'>medita-</span> 
     </span>
     <span class='ocr_line' id='line_1_25' title="bbox 539 2525 3502 2609; baseline 0.001 -16"><span class='ocrx_word' id='word_1_290' title='bbox 539 2528 713 2593; x_wconf 88' lang='lat' dir='ltr'>tione</span> <span class='ocrx_word' id='word_1_291' title='bbox 764 2550 839 2592; x_wconf 88' lang='lat' dir='ltr'>ea</span> <span class='ocrx_word' id='word_1_292' title='bbox 884 2527 1268 2593; x_wconf 82' lang='lat' dir='ltr'>didicissent.</span> <span class='ocrx_word' id='word_1_293' title='bbox 1314 2526 1491 2593; x_wconf 85' lang='lat' dir='ltr'>Haec</span> <span class='ocrx_word' id='word_1_294' title='bbox 1536 2533 1751 2593; x_wconf 89' lang='lat' dir='ltr'>autem</span> <span class='ocrx_word' id='word_1_295' title='bbox 1792 2530 2063 2594; x_wconf 83' lang='lat' dir='ltr'>dictasse</span> <span class='ocrx_word' id='word_1_296' title='bbox 2087 2551 2235 2593; x_wconf 91' lang='lat' dir='ltr'>eum</span> <span class='ocrx_word' id='word_1_297' title='bbox 2257 2529 2610 2593; x_wconf 89' lang='lat' dir='ltr'>ducendum</span> <span class='ocrx_word' id='word_1_298' title='bbox 2643 2531 2739 2592; x_wconf 88' lang='lat' dir='ltr'>est</span> <span class='ocrx_word' id='word_1_299' title='bbox 2769 2532 2870 2609; x_wconf 89' lang='lat' dir='ltr'>(ut</span> <span class='ocrx_word' id='word_1_300' title='bbox 2891 2528 3054 2593; x_wconf 91' lang='lat' dir='ltr'>bene</span> <span class='ocrx_word' id='word_1_301' title='bbox 3087 2528 3266 2594; x_wconf 86' lang='lat' dir='ltr'>Corn.</span> <span class='ocrx_word' id='word_1_302' title='bbox 3293 2525 3502 2595; x_wconf 76' lang='lat' dir='ltr'>aLa-</span> 
     </span>
     <span class='ocr_line' id='line_1_26' title="bbox 542 2614 3503 2719; baseline 0.001 -38"><span class='ocrx_word' id='word_1_303' title='bbox 542 2618 686 2701; x_wconf 88' lang='lat' dir='ltr'>pide</span> <span class='ocrx_word' id='word_1_304' title='bbox 731 2617 799 2680; x_wconf 90' lang='lat' dir='ltr'>in</span> <span class='ocrx_word' id='word_1_305' title='bbox 846 2617 907 2679; x_wconf 84' lang='lat'>2.</span> <span class='ocrx_word' id='word_1_306' title='bbox 954 2614 1236 2679; x_wconf 88' lang='lat' dir='ltr'>Timoth.</span> <span class='ocrx_word' id='word_1_307' title='bbox 1287 2617 1346 2679; x_wconf 90' lang='lat'><strong>3.</strong></span> <span class='ocrx_word' id='word_1_308' title='bbox 1407 2618 1509 2681; x_wconf 83' lang='lat'><strong>16.</strong></span> <span class='ocrx_word' id='word_1_309' title='bbox 1513 2618 1539 2701; x_wconf 92' lang='lat'><em>)</em></span> <span class='ocrx_word' id='word_1_310' title='bbox 1564 2618 1793 2719; x_wconf 79' lang='lat' dir='ltr'>primo,</span> <span class='ocrx_word' id='word_1_311' title='bbox 1828 2619 1980 2703; x_wconf 82' lang='lat' dir='ltr'>quia</span> <span class='ocrx_word' id='word_1_312' title='bbox 2009 2616 2412 2683; x_wconf 81' lang='lat' dir='ltr'>scribentibus</span> <span class='ocrx_word' id='word_1_313' title='bbox 2435 2617 2645 2695; x_wconf 86' lang='lat' dir='ltr'>astitit,</span> <span class='ocrx_word' id='word_1_314' title='bbox 2675 2638 2757 2681; x_wconf 83' lang='lat' dir='ltr'>ne</span> <span class='ocrx_word' id='word_1_315' title='bbox 2783 2617 2924 2683; x_wconf 86' lang='lat' dir='ltr'>vet</span> <span class='ocrx_word' id='word_1_316' title='bbox 2899 2638 2970 2683; x_wconf 79' lang='lat' dir='ltr'>in</span> <span class='ocrx_word' id='word_1_317' title='bbox 2989 2629 3220 2719; x_wconf 81' lang='lat' dir='ltr'>puncto</span> <span class='ocrx_word' id='word_1_318' title='bbox 3241 2618 3282 2680; x_wconf 87' lang='grc' dir='ltr'><em>ὰ</em></span> <span class='ocrx_word' id='word_1_319' title='bbox 3307 2620 3503 2684; x_wconf 75' lang='lat' dir='ltr'>ven·-</span> 
     </span>
     <span class='ocr_line' id='line_1_27' title="bbox 541 2704 3503 2791; baseline 0.001 -20"><span class='ocrx_word' id='word_1_320' title='bbox 541 2718 660 2771; x_wconf 84' lang='lat' dir='ltr'>tate</span> <span class='ocrx_word' id='word_1_321' title='bbox 702 2705 1101 2769; x_wconf 88' lang='lat' dir='ltr'>aberrarunt.</span> <span class='ocrx_word' id='word_1_322' title='bbox 1150 2704 1450 2784; x_wconf 83' lang='lat' dir='ltr'>Secunde,</span> <span class='ocrx_word' id='word_1_323' title='bbox 1496 2707 1644 2791; x_wconf 81' lang='lat' dir='ltr'>quia</span> <span class='ocrx_word' id='word_1_324' title='bbox 1688 2726 1787 2772; x_wconf 91' lang='lat' dir='ltr'>eos</span> <span class='ocrx_word' id='word_1_325' title='bbox 1834 2707 2134 2785; x_wconf 79' lang='lat' dir='ltr'>eaeeitavit,</span> <span class='ocrx_word' id='word_1_326' title='bbox 2182 2704 2245 2771; x_wconf 74' lang='grc'>8,·</span> <span class='ocrx_word' id='word_1_327' title='bbox 2269 2706 2588 2790; x_wconf 73' lang='lat' dir='ltr'>suqyessit,</span> <span class='ocrx_word' id='word_1_328' title='bbox 2627 2717 2696 2771; x_wconf 89' lang='lat' dir='ltr'>ut</span> <span class='ocrx_word' id='word_1_329' title='bbox 2728 2707 2876 2771; x_wconf 80' lang='lat' dir='ltr'>haec</span> <span class='ocrx_word' id='word_1_330' title='bbox 2895 2706 3105 2790; x_wconf 86' lang='lat' dir='ltr'>potius</span> <span class='ocrx_word' id='word_1_331' title='bbox 3129 2705 3503 2789; x_wconf 71' lang='lat' dir='ltr'>seriberent,</span> 
     </span>
     <span class='ocr_line' id='line_1_28' title="bbox 540 2791 3502 2880; baseline 0.001 -22"><span class='ocrx_word' id='word_1_332' title='bbox 540 2814 737 2879; x_wconf 83' lang='lat' dir='ltr'>qaam</span> <span class='ocrx_word' id='word_1_333' title='bbox 760 2794 871 2860; x_wconf 86' lang='lat' dir='ltr'>itta</span> <span class='ocrx_word' id='word_1_334' title='bbox 924 2791 1033 2858; x_wconf 66' lang='grc'>86.</span> <span class='ocrx_word' id='word_1_335' title='bbox 1092 2793 1425 2877; x_wconf 63' lang='lat' dir='ltr'>inspirarit</span> <span class='ocrx_word' id='word_1_336' title='bbox 1470 2805 1542 2859; x_wconf 84' lang='lat' dir='ltr'>ut</span> <span class='ocrx_word' id='word_1_337' title='bbox 1586 2794 1754 2860; x_wconf 80' lang='lat' dir='ltr'>hanc</span> <span class='ocrx_word' id='word_1_338' title='bbox 1770 2795 1981 2878; x_wconf 86' lang='lat' dir='ltr'>potius</span> <span class='ocrx_word' id='word_1_339' title='bbox 2011 2806 2370 2877; x_wconf 82' lang='lat' dir='ltr'>conceptum</span> <span class='ocrx_word' id='word_1_340' title='bbox 2400 2815 2592 2880; x_wconf 80' lang='lat' dir='ltr'>quam</span> <span class='ocrx_word' id='word_1_341' title='bbox 2617 2794 2801 2861; x_wconf 77' lang='lat' dir='ltr'>ittam</span> <span class='ocrx_word' id='word_1_342' title='bbox 2815 2795 3197 2877; x_wconf 69' lang='lat' dir='ltr'>scripserint.</span> <span class='ocrx_word' id='word_1_343' title='bbox 3253 2796 3502 2877; x_wconf 75' lang='lat' dir='ltr'>TertiO,</span> 
     </span>
     <span class='ocr_line' id='line_1_29' title="bbox 540 2881 3500 2968; baseline 0.002 -22"><span class='ocrx_word' id='word_1_344' title='bbox 540 2883 693 2967; x_wconf 87' lang='lat' dir='ltr'>quia</span> <span class='ocrx_word' id='word_1_345' title='bbox 736 2901 950 2945; x_wconf 88' lang='lat' dir='ltr'>omnes</span> <span class='ocrx_word' id='word_1_346' title='bbox 1002 2902 1221 2947; x_wconf 83' lang='lat' dir='ltr'>eorum</span> <span class='ocrx_word' id='word_1_347' title='bbox 1243 2894 1565 2967; x_wconf 80' lang='lat' dir='ltr'>conceptus</span> <span class='ocrx_word' id='word_1_348' title='bbox 1592 2881 1655 2948; x_wconf 62' lang='grc' dir='ltr'><em>ἃ</em></span> <span class='ocrx_word' id='word_1_349' title='bbox 1686 2884 2022 2949; x_wconf 82' lang='lat' dir='ltr'>sententias</span> <span class='ocrx_word' id='word_1_350' title='bbox 2051 2882 2389 2959; x_wconf 81' lang='lat' dir='ltr'>ordinavit,</span> <span class='ocrx_word' id='word_1_351' title='bbox 2431 2883 2702 2967; x_wconf 73' lang='lat' dir='ltr'>diqessit,</span> <span class='ocrx_word' id='word_1_352' title='bbox 2725 2883 2788 2949; x_wconf 73' lang='grc' dir='ltr'>ἃ·</span> <span class='ocrx_word' id='word_1_353' title='bbox 2811 2884 2990 2949; x_wconf 70' lang='lat' dir='ltr'>dua-it</span> <span class='ocrx_word' id='word_1_354' title='bbox 3011 2884 3182 2968; x_wconf 85' lang='lat' dir='ltr'>Spir.</span> <span class='ocrx_word' id='word_1_355' title='bbox 3206 2884 3270 2950; x_wconf 90' lang='lat' dir='ltr'><strong>S.</strong></span> <span class='ocrx_word' id='word_1_356' title='bbox 3293 2902 3348 2948; x_wconf 88' lang='grc' dir='ltr'>υ.</span> <span class='ocrx_word' id='word_1_357' title='bbox 3373 2906 3500 2967; x_wconf 71' lang='lat' dir='ltr'>qr.</span> 
     </span>
     <span class='ocr_line' id='line_1_30' title="bbox 542 2970 3500 3055; baseline 0.001 -19"><span class='ocrx_word' id='word_1_358' title='bbox 542 2983 609 3036; x_wconf 77' lang='lat' dir='ltr'>ut</span> <span class='ocrx_word' id='word_1_359' title='bbox 640 2970 805 3035; x_wconf 78' lang='lat' dir='ltr'>hanc</span> <span class='ocrx_word' id='word_1_360' title='bbox 826 2970 1191 3035; x_wconf 79' lang='lat' dir='ltr'>senten-tiam</span> <span class='ocrx_word' id='word_1_361' title='bbox 1216 2972 1449 3055; x_wconf 85' lang='lat' dir='ltr'>pri-mo,</span> <span class='ocrx_word' id='word_1_362' title='bbox 1476 2972 1651 3037; x_wconf 82' lang='lat' dir='ltr'>ittam</span> <span class='ocrx_word' id='word_1_363' title='bbox 1674 2973 1965 3052; x_wconf 82' lang='lat' dir='ltr'>secundo,</span> <span class='ocrx_word' id='word_1_364' title='bbox 2013 2974 2208 3038; x_wconf 84' lang='lat' dir='ltr'>aliam</span> <span class='ocrx_word' id='word_1_365' title='bbox 2257 2972 2430 3037; x_wconf 86' lang='lat' dir='ltr'>tertio</span> <span class='ocrx_word' id='word_1_366' title='bbox 2453 2974 2601 3051; x_wconf 77' lang='lat' dir='ltr'>loeo,</span> <span class='ocrx_word' id='word_1_367' title='bbox 2631 2970 2695 3037; x_wconf 76' lang='grc' dir='ltr'>ἃ·</span> <span class='ocrx_word' id='word_1_368' title='bbox 2717 2972 2804 3037; x_wconf 88' lang='lat' dir='ltr'>ita</span> <span class='ocrx_word' id='word_1_369' title='bbox 2826 2992 3006 3037; x_wconf 86' lang='lat' dir='ltr'>conse</span> <span class='ocrx_word' id='word_1_370' title='bbox 3047 2984 3262 3039; x_wconf 80' lang='lat' dir='ltr'>uenter</span> <span class='ocrx_word' id='word_1_371' title='bbox 3283 2972 3500 3038; x_wconf 73' lang='lat' dir='ltr'>collo-</span> 
     </span>
     <span class='ocr_line' id='line_1_31' title="bbox 541 3057 3498 3145; baseline 0 -21"><span class='ocrx_word' id='word_1_372' title='bbox 541 3069 772 3137; x_wconf 84' lang='lat' dir='ltr'>carent,</span> <span class='ocrx_word' id='word_1_373' title='bbox 793 3057 853 3123; x_wconf 72' lang='lat' dir='ltr'>a·</span> <span class='ocrx_word' id='word_1_374' title='bbox 876 3059 1103 3144; x_wconf 86' lang='lat' dir='ltr'>scripto</span> <span class='ocrx_word' id='word_1_375' title='bbox 1124 3060 1597 3145; x_wconf 73' lang='lat' dir='ltr'>consiynarent.</span> <span class='ocrx_word' id='word_1_376' title='bbox 1590 3085 1604 3099; x_wconf 94' lang='lat'><strong>·</strong></span> <span class='ocrx_word' id='word_1_377' title='bbox 1650 3062 1773 3125; x_wconf 80' lang='lat' dir='ltr'>hoc.</span> <span class='ocrx_word' id='word_1_378' title='bbox 1784 3072 1920 3127; x_wconf 88' lang='lat' dir='ltr'>tum</span> <span class='ocrx_word' id='word_1_379' title='bbox 1945 3062 2204 3145; x_wconf 75' lang='lat' dir='ltr'>proprie</span> <span class='ocrx_word' id='word_1_380' title='bbox 2225 3073 2312 3126; x_wconf 88' lang='lat' dir='ltr'>est</span> <span class='ocrx_word' id='word_1_381' title='bbox 2337 3060 2569 3125; x_wconf 86' lang='lat' dir='ltr'>tibrum</span> <span class='ocrx_word' id='word_1_382' title='bbox 2593 3061 2970 3126; x_wconf 83' lang='lat' dir='ltr'>concinnare</span> <span class='ocrx_word' id='word_1_383' title='bbox 3081 3059 3498 3127; x_wconf 81' lang='lat' dir='ltr'>conscribere.</span> 
     </span>
     <span class='ocr_line' id='line_1_32' title="bbox 544 3146 3502 3233; baseline 0.001 -20"><span class='ocrx_word' id='word_1_384' title='bbox 544 3149 619 3213; x_wconf 89' lang='lat' dir='ltr'>Et</span> <span class='ocrx_word' id='word_1_385' title='bbox 650 3146 765 3211; x_wconf 76' lang='lat' dir='ltr'>hac</span> <span class='ocrx_word' id='word_1_386' title='bbox 806 3148 1047 3212; x_wconf 87' lang='lat' dir='ltr'>ratione</span> <span class='ocrx_word' id='word_1_387' title='bbox 1078 3150 1337 3233; x_wconf 79' lang='lat' dir='ltr'>proprie</span> <span class='ocrx_word' id='word_1_388' title='bbox 1379 3168 1707 3215; x_wconf 81' lang='lat' dir='ltr'>sacrorum</span> <span class='ocrx_word' id='word_1_389' title='bbox 1752 3150 2064 3216; x_wconf 85' lang='lat' dir='ltr'>librorum</span> <span class='ocrx_word' id='word_1_390' title='bbox 2109 3160 2296 3215; x_wconf 88' lang='lat' dir='ltr'>autor</span> <span class='ocrx_word' id='word_1_391' title='bbox 2323 3150 2556 3215; x_wconf 87' lang='lat' dir='ltr'>dicitur</span> <span class='ocrx_word' id='word_1_392' title='bbox 2599 3170 2728 3215; x_wconf 87' lang='lat' dir='ltr'>esse</span> <span class='ocrx_word' id='word_1_393' title='bbox 2771 3149 3044 3233; x_wconf 85' lang='lat' dir='ltr'>Spiritus</span> <span class='ocrx_word' id='word_1_394' title='bbox 3076 3149 3143 3215; x_wconf 89' lang='lat' dir='ltr'><strong>S.</strong></span> <span class='ocrx_word' id='word_1_395' title='bbox 3188 3148 3277 3214; x_wconf 86' lang='lat' dir='ltr'>Et</span> <span class='ocrx_word' id='word_1_396' title='bbox 3317 3147 3502 3216; x_wconf 80' lang='lat' dir='ltr'>cit-at</span> 
     </span>
     <span class='ocr_line' id='line_1_33' title="bbox 543 3235 3496 3323; baseline 0.002 -24"><span class='ocrx_word' id='word_1_397' title='bbox 543 3235 781 3300; x_wconf 89' lang='lat' dir='ltr'>ibidem</span> <span class='ocrx_word' id='word_1_398' title='bbox 813 3235 1051 3299; x_wconf 86' lang='lat' dir='ltr'>dictum</span> <span class='ocrx_word' id='word_1_399' title='bbox 1101 3237 1385 3322; x_wconf 72' lang='lat' dir='ltr'>Greyorii</span> <span class='ocrx_word' id='word_1_400' title='bbox 1420 3238 1504 3303; x_wconf 90' lang='lat' dir='ltr'>M.</span> <span class='ocrx_word' id='word_1_401' title='bbox 1524 3239 1795 3323; x_wconf 81' lang='lat' dir='ltr'>praefat.</span> <span class='ocrx_word' id='word_1_402' title='bbox 1842 3239 1914 3304; x_wconf 85' lang='lat' dir='ltr'>in</span> <span class='ocrx_word' id='word_1_403' title='bbox 1942 3238 2162 3305; x_wconf 85' lang='lat' dir='ltr'>Iobum</span> <span class='ocrx_word' id='word_1_404' title='bbox 2191 3260 2326 3323; x_wconf 87' lang='lat' dir='ltr'>cap.</span> <span class='ocrx_word' id='word_1_405' title='bbox 2353 3239 2413 3302; x_wconf 89' lang='lat'>2.</span> <span class='ocrx_word' id='word_1_406' title='bbox 2446 3235 2532 3303; x_wconf 89' lang='lat'><strong>11.</strong></span> <span class='ocrx_word' id='word_1_407' title='bbox 2567 3236 2692 3313; x_wconf 82' lang='lat' dir='ltr'>Qui</span> <span class='ocrx_word' id='word_1_408' title='bbox 2713 3239 2930 3305; x_wconf 88' lang='lat' dir='ltr'>volunt</span> <span class='ocrx_word' id='word_1_409' title='bbox 2962 3237 3298 3322; x_wconf 86' lang='lat' dir='ltr'>scriptores</span> <span class='ocrx_word' id='word_1_410' title='bbox 3327 3240 3496 3304; x_wconf 74' lang='lat' dir='ltr'>nov-i</span> 
     </span>
     <span class='ocr_line' id='line_1_34' title="bbox 544 3322 3497 3429; baseline 0.001 -41"><span class='ocrx_word' id='word_1_411' title='bbox 544 3322 946 3389; x_wconf 84' lang='lat' dir='ltr'>Testamenti</span> <span class='ocrx_word' id='word_1_412' title='bbox 994 3324 1259 3389; x_wconf 88' lang='lat' dir='ltr'>alterius</span> <span class='ocrx_word' id='word_1_413' title='bbox 1306 3325 1565 3409; x_wconf 78' lang='lat' dir='ltr'>linguae</span> <span class='ocrx_word' id='word_1_414' title='bbox 1589 3324 1912 3411; x_wconf 81' lang='lat' dir='ltr'>(Syriacae</span> <span class='ocrx_word' id='word_1_415' title='bbox 1937 3327 2102 3411; x_wconf 88' lang='lat' dir='ltr'>scil.)</span> <span class='ocrx_word' id='word_1_416' title='bbox 2127 3326 2348 3429; x_wconf 86' lang='lat' dir='ltr'>phrasi</span> <span class='ocrx_word' id='word_1_417' title='bbox 2379 3326 2738 3411; x_wconf 86' lang='lat' dir='ltr'>concepisse</span> <span class='ocrx_word' id='word_1_418' title='bbox 2755 3349 2919 3410; x_wconf 90' lang='lat' dir='ltr'>quae</span> <span class='ocrx_word' id='word_1_419' title='bbox 2944 3326 3353 3410; x_wconf 89' lang='lat' dir='ltr'>scripserunt,</span> <span class='ocrx_word' id='word_1_420' title='bbox 3375 3327 3497 3391; x_wconf 85' lang='lat' dir='ltr'>al-</span> 
     </span>
     <span class='ocr_line' id='line_1_35' title="bbox 542 3411 3496 3499; baseline 0 -22"><span class='ocrx_word' id='word_1_421' title='bbox 542 3413 742 3477; x_wconf 82' lang='lat' dir='ltr'>terius</span> <span class='ocrx_word' id='word_1_422' title='bbox 790 3416 939 3477; x_wconf 77' lang='lat' dir='ltr'>verb</span> <span class='ocrx_word' id='word_1_423' title='bbox 986 3411 1293 3497; x_wconf 83' lang='lat' dir='ltr'>(Graecae</span> <span class='ocrx_word' id='word_1_424' title='bbox 1346 3418 1460 3478; x_wconf 89' lang='lat' dir='ltr'>aut</span> <span class='ocrx_word' id='word_1_425' title='bbox 1502 3412 1987 3499; x_wconf 88' lang='lat' dir='ltr'>Hellenisticae)</span> <span class='ocrx_word' id='word_1_426' title='bbox 2042 3416 2390 3499; x_wconf 88' lang='lat' dir='ltr'>scripsisse,</span> <span class='ocrx_word' id='word_1_427' title='bbox 2437 3436 2600 3498; x_wconf 90' lang='lat' dir='ltr'>quae</span> <span class='ocrx_word' id='word_1_428' title='bbox 2649 3419 3099 3499; x_wconf 88' lang='lat' dir='ltr'>conceperant.</span> <span class='ocrx_word' id='word_1_429' title='bbox 3127 3414 3344 3498; x_wconf 85' lang='lat' dir='ltr'>itaque</span> <span class='ocrx_word' id='word_1_430' title='bbox 3357 3436 3496 3499; x_wconf 85' lang='lat' dir='ltr'>ge·-</span> 
     </span>
     <span class='ocr_line' id='line_1_36' title="bbox 542 3500 3694 3587; baseline 0.002 -23"><span class='ocrx_word' id='word_1_431' title='bbox 542 3501 739 3565; x_wconf 88' lang='lat' dir='ltr'>nuino</span> <span class='ocrx_word' id='word_1_432' title='bbox 763 3500 1098 3585; x_wconf 88' lang='lat' dir='ltr'>interpreti</span> <span class='ocrx_word' id='word_1_433' title='bbox 1124 3502 1399 3566; x_wconf 88' lang='lat' dir='ltr'>eundum</span> <span class='ocrx_word' id='word_1_434' title='bbox 1424 3524 1561 3567; x_wconf 88' lang='lat' dir='ltr'>esse</span> <span class='ocrx_word' id='word_1_435' title='bbox 1586 3502 1666 3566; x_wconf 88' lang='lat' dir='ltr'>ad</span> <span class='ocrx_word' id='word_1_436' title='bbox 1688 3503 2052 3582; x_wconf 86' lang='lat' dir='ltr'>allusiones,</span> <span class='ocrx_word' id='word_1_437' title='bbox 2077 3526 2200 3568; x_wconf 89' lang='grc'><strong>11011</strong></span> <span class='ocrx_word' id='word_1_438' title='bbox 2227 3526 2389 3587; x_wconf 90' lang='lat' dir='ltr'>quae</span> <span class='ocrx_word' id='word_1_439' title='bbox 2415 3506 2657 3582; x_wconf 86' lang='lat' dir='ltr'>extant,</span> <span class='ocrx_word' id='word_1_440' title='bbox 2689 3503 2800 3568; x_wconf 89' lang='lat' dir='ltr'>sed</span> <span class='ocrx_word' id='word_1_441' title='bbox 2837 3525 2995 3587; x_wconf 88' lang='lat' dir='ltr'>quas</span> <span class='ocrx_word' id='word_1_442' title='bbox 3019 3503 3235 3567; x_wconf 88' lang='lat' dir='ltr'>animo</span> <span class='ocrx_word' id='word_1_443' title='bbox 3259 3524 3494 3569; x_wconf 87' lang='lat' dir='ltr'>conce·</span> <span class='ocrx_word' id='word_1_444' title='bbox 3690 3518 3694 3571; x_wconf 72' lang='lat'>1</span> 
     </span>
     <span class='ocr_line' id='line_1_37' title="bbox 544 3588 3694 3683; baseline 0.001 -29"><span class='ocrx_word' id='word_1_445' title='bbox 544 3592 797 3673; x_wconf 87' lang='lat' dir='ltr'>perunt.</span> <span class='ocrx_word' id='word_1_446' title='bbox 846 3588 1039 3667; x_wconf 88' lang='lat' dir='ltr'>Haec,</span> <span class='ocrx_word' id='word_1_447' title='bbox 1073 3590 1363 3673; x_wconf 86' lang='lat' dir='ltr'>quamvis</span> <span class='ocrx_word' id='word_1_448' title='bbox 1410 3594 1448 3654; x_wconf 77' lang='lat' dir='ltr'>a</span> <span class='ocrx_word' id='word_1_449' title='bbox 1493 3590 1645 3654; x_wconf 84' lang='lat' dir='ltr'>viris</span> <span class='ocrx_word' id='word_1_450' title='bbox 1703 3591 2082 3657; x_wconf 88' lang='lat' dir='ltr'>doctissimis</span> <span class='ocrx_word' id='word_1_451' title='bbox 2107 3591 2384 3675; x_wconf 79' lang='lat' dir='ltr'>speciose</span> <span class='ocrx_word' id='word_1_452' title='bbox 2418 3592 2511 3656; x_wconf 92' lang='lat' dir='ltr'>ita</span> <span class='ocrx_word' id='word_1_453' title='bbox 2538 3592 2848 3671; x_wconf 85' lang='lat' dir='ltr'>dicantur,</span> <span class='ocrx_word' id='word_1_454' title='bbox 2873 3613 3019 3656; x_wconf 91' lang='lat' dir='ltr'>cum</span> <span class='ocrx_word' id='word_1_455' title='bbox 3043 3591 3243 3656; x_wconf 90' lang='lat' dir='ltr'>totius</span> <span class='ocrx_word' id='word_1_456' title='bbox 3266 3590 3493 3675; x_wconf 87' lang='lat' dir='ltr'>scrip-</span> <span class='ocrx_word' id='word_1_457' title='bbox 3690 3620 3694 3683; x_wconf 68' lang='grc' dir='ltr'>Ι</span> 
     </span>
     <span class='ocr_line' id='line_1_38' title="bbox 542 3677 3494 3764; baseline 0.001 -23"><span class='ocrx_word' id='word_1_458' title='bbox 542 3682 726 3743; x_wconf 85' lang='lat' dir='ltr'>turae</span> <span class='ocrx_word' id='word_1_459' title='bbox 772 3678 1162 3742; x_wconf 87' lang='lat' dir='ltr'>authoritate</span> <span class='ocrx_word' id='word_1_460' title='bbox 1208 3678 1551 3743; x_wconf 89' lang='lat' dir='ltr'>consistere</span> <span class='ocrx_word' id='word_1_461' title='bbox 1599 3701 1725 3744; x_wconf 89' lang='lat' dir='ltr'>non</span> <span class='ocrx_word' id='word_1_462' title='bbox 1762 3684 2052 3764; x_wconf 88' lang='lat' dir='ltr'>possunt.</span> <span class='ocrx_word' id='word_1_463' title='bbox 2099 3679 2401 3744; x_wconf 87' lang='lat' dir='ltr'>Firmiter</span> <span class='ocrx_word' id='word_1_464' title='bbox 2449 3681 2622 3744; x_wconf 90' lang='lat' dir='ltr'>enim</span> <span class='ocrx_word' id='word_1_465' title='bbox 2644 3679 2992 3744; x_wconf 87' lang='lat' dir='ltr'>tenendum</span> <span class='ocrx_word' id='word_1_466' title='bbox 3019 3685 3136 3759; x_wconf 90' lang='lat' dir='ltr'>est,</span> <span class='ocrx_word' id='word_1_467' title='bbox 3163 3677 3494 3763; x_wconf 87' lang='lat' dir='ltr'>Spiritum</span> 
     </span>
     <span class='ocr_line' id='line_1_39' title="bbox 545 3764 3694 3852; baseline 0 -21"><span class='ocrx_word' id='word_1_468' title='bbox 545 3764 611 3831; x_wconf 87' lang='lat' dir='ltr'>S.</span> <span class='ocrx_word' id='word_1_469' title='bbox 653 3788 781 3829; x_wconf 94' lang='lat' dir='ltr'>non</span> <span class='ocrx_word' id='word_1_470' title='bbox 814 3765 997 3851; x_wconf 84' lang='lat' dir='ltr'>[pag.</span> <span class='ocrx_word' id='word_1_471' title='bbox 1026 3767 1141 3851; x_wconf 85' lang='lat'>33]</span> <span class='ocrx_word' id='word_1_472' title='bbox 1166 3769 1419 3831; x_wconf 88' lang='lat' dir='ltr'>tantum</span> <span class='ocrx_word' id='word_1_473' title='bbox 1467 3790 1603 3844; x_wconf 82' lang='lat' dir='ltr'>res3</span> <span class='ocrx_word' id='word_1_474' title='bbox 1649 3768 1759 3833; x_wconf 89' lang='lat' dir='ltr'>sed</span> <span class='ocrx_word' id='word_1_475' title='bbox 1782 3768 1978 3832; x_wconf 89' lang='lat' dir='ltr'>etiam</span> <span class='ocrx_word' id='word_1_476' title='bbox 1999 3767 2365 3833; x_wconf 87' lang='lat' dir='ltr'>methodum</span> <span class='ocrx_word' id='word_1_477' title='bbox 2390 3769 2438 3834; x_wconf 63' lang='lat'>8⁶</span> <span class='ocrx_word' id='word_1_478' title='bbox 2462 3768 2768 3852; x_wconf 85' lang='lat' dir='ltr'>phrasim,</span> <span class='ocrx_word' id='word_1_479' title='bbox 2799 3774 2930 3851; x_wconf 74' lang='lat' dir='ltr'>qua</span> <span class='ocrx_word' id='word_1_480' title='bbox 2951 3790 3052 3833; x_wconf 90' lang='lat' dir='ltr'>res</span> <span class='ocrx_word' id='word_1_481' title='bbox 3075 3768 3222 3832; x_wconf 89' lang='lat' dir='ltr'>illas</span> <span class='ocrx_word' id='word_1_482' title='bbox 3247 3790 3490 3851; x_wconf 86' lang='lat' dir='ltr'>propo·</span> <span class='ocrx_word' id='word_1_483' title='bbox 3690 3786 3694 3821; x_wconf 73' lang='lat'><strong>¹</strong></span> 
     </span>
     <span class='ocr_line' id='line_1_40' title="bbox 544 3854 3492 3940; baseline 0.002 -23"><span class='ocrx_word' id='word_1_484' title='bbox 544 3857 788 3933; x_wconf 88' lang='lat' dir='ltr'>nerent,</span> <span class='ocrx_word' id='word_1_485' title='bbox 824 3854 1318 3919; x_wconf 88' lang='lat' dir='ltr'>amanuensibus</span> <span class='ocrx_word' id='word_1_486' title='bbox 1363 3856 1495 3920; x_wconf 89' lang='lat' dir='ltr'>suis</span> <span class='ocrx_word' id='word_1_487' title='bbox 1543 3855 1888 3940; x_wconf 87' lang='lat' dir='ltr'>inspirasse</span> <span class='ocrx_word' id='word_1_488' title='bbox 1915 3880 1930 3933; x_wconf 82' lang='lat'>3</span> <span class='ocrx_word' id='word_1_489' title='bbox 1978 3856 2123 3921; x_wconf 90' lang='lat' dir='ltr'>illos</span> <span class='ocrx_word' id='word_1_490' title='bbox 2145 3855 2458 3940; x_wconf 84' lang='lat' dir='ltr'>inspirata</span> <span class='ocrx_word' id='word_1_491' title='bbox 2479 3856 2854 3940; x_wconf 83' lang='lat' dir='ltr'>percepisse,</span> <span class='ocrx_word' id='word_1_492' title='bbox 2887 3857 2934 3922; x_wconf 74' lang='grc'>81</span> <span class='ocrx_word' id='word_1_493' title='bbox 2965 3860 3306 3940; x_wconf 89' lang='lat' dir='ltr'>conceptus</span> <span class='ocrx_word' id='word_1_494' title='bbox 3331 3878 3492 3923; x_wconf 86' lang='lat' dir='ltr'>suos</span> 
     </span>
     <span class='ocr_line' id='line_1_41' title="bbox 545 3940 3494 4029; baseline 0.002 -23"><span class='ocrx_word' id='word_1_495' title='bbox 545 3941 765 4007; x_wconf 75' lang='lat' dir='ltr'>dextre</span> <span class='ocrx_word' id='word_1_496' title='bbox 797 3940 1136 4019; x_wconf 81' lang='lat' dir='ltr'>formasse3</span> <span class='ocrx_word' id='word_1_497' title='bbox 1170 3943 1441 4027; x_wconf 88' lang='lat' dir='ltr'>denique</span> <span class='ocrx_word' id='word_1_498' title='bbox 1465 3943 1649 4009; x_wconf 84' lang='lat' dir='ltr'>bene</span> <span class='ocrx_word' id='word_1_499' title='bbox 1681 3948 1986 4028; x_wconf 87' lang='lat' dir='ltr'>concepta</span> <span class='ocrx_word' id='word_1_500' title='bbox 2030 3944 2174 4009; x_wconf 74' lang='lat' dir='ltr'>viva</span> <span class='ocrx_word' id='word_1_501' title='bbox 2219 3966 2368 4009; x_wconf 83' lang='lat' dir='ltr'>voce</span> <span class='ocrx_word' id='word_1_502' title='bbox 2416 3946 2462 4011; x_wconf 77' lang='grc'>81</span> <span class='ocrx_word' id='word_1_503' title='bbox 2501 3945 2737 4029; x_wconf 89' lang='lat' dir='ltr'>scripto</span> <span class='ocrx_word' id='word_1_504' title='bbox 2760 3948 2930 4010; x_wconf 80' lang='lat' dir='ltr'>recte</span> <span class='ocrx_word' id='word_1_505' title='bbox 2956 3944 3358 4029; x_wconf 85' lang='lat' dir='ltr'>expressisse,</span> <span class='ocrx_word' id='word_1_506' title='bbox 3385 3944 3494 4011; x_wconf 87' lang='lat' dir='ltr'>ita</span> 
     </span>
     <span class='ocr_line' id='line_1_42' title="bbox 545 4030 3490 4117; baseline 0.001 -22"><span class='ocrx_word' id='word_1_507' title='bbox 545 4033 620 4095; x_wconf 90' lang='lat' dir='ltr'>ut</span> <span class='ocrx_word' id='word_1_508' title='bbox 669 4030 851 4095; x_wconf 86' lang='lat' dir='ltr'>nulla</span> <span class='ocrx_word' id='word_1_509' title='bbox 894 4030 1165 4111; x_wconf 69' lang='lat' dir='ltr'>falsitaS,</span> <span class='ocrx_word' id='word_1_510' title='bbox 1212 4031 1429 4096; x_wconf 88' lang='lat' dir='ltr'>nullus</span> <span class='ocrx_word' id='word_1_511' title='bbox 1468 4054 1661 4112; x_wconf 91' lang='lat' dir='ltr'>error,</span> <span class='ocrx_word' id='word_1_512' title='bbox 1707 4032 1958 4097; x_wconf 89' lang='lat' dir='ltr'>nullum</span> <span class='ocrx_word' id='word_1_513' title='bbox 2013 4034 2243 4097; x_wconf 84' lang='lat' dir='ltr'>erroris</span> <span class='ocrx_word' id='word_1_514' title='bbox 2281 4032 2636 4117; x_wconf 85' lang='lat' dir='ltr'>periculum</span> <span class='ocrx_word' id='word_1_515' title='bbox 2667 4033 3066 4099; x_wconf 89' lang='lat' dir='ltr'>sermonibus</span> <span class='ocrx_word' id='word_1_516' title='bbox 3090 4035 3203 4097; x_wconf 91' lang='lat' dir='ltr'>aut</span> <span class='ocrx_word' id='word_1_517' title='bbox 3225 4032 3490 4116; x_wconf 86' lang='lat' dir='ltr'>scriptis</span> 
     </span>
     <span class='ocr_line' id='line_1_43' title="bbox 548 4118 3490 4223; baseline 0.001 -40"><span class='ocrx_word' id='word_1_518' title='bbox 548 4140 767 4183; x_wconf 89' lang='lat' dir='ltr'>eorum</span> <span class='ocrx_word' id='word_1_519' title='bbox 814 4118 1073 4185; x_wconf 91' lang='lat' dir='ltr'>subesse</span> <span class='ocrx_word' id='word_1_520' title='bbox 1118 4120 1417 4203; x_wconf 89' lang='lat' dir='ltr'>potuerit.</span> <span class='ocrx_word' id='word_1_521' title='bbox 1467 4120 1643 4223; x_wconf 76' lang='lat' dir='ltr'>Quae</span> <span class='ocrx_word' id='word_1_522' title='bbox 1666 4120 1881 4185; x_wconf 87' lang='lat' dir='ltr'>omnia</span> <span class='ocrx_word' id='word_1_523' title='bbox 1906 4123 1979 4185; x_wconf 89' lang='lat' dir='ltr'>ut</span> <span class='ocrx_word' id='word_1_524' title='bbox 2001 4121 2170 4204; x_wconf 90' lang='lat' dir='ltr'>apud</span> <span class='ocrx_word' id='word_1_525' title='bbox 2194 4120 2588 4186; x_wconf 87' lang='lat' dir='ltr'>Christianos</span> <span class='ocrx_word' id='word_1_526' title='bbox 2627 4121 3070 4205; x_wconf 76' lang='lat' dir='ltr'>scriptur-arios</span> <span class='ocrx_word' id='word_1_527' title='bbox 3099 4121 3168 4185; x_wconf 90' lang='grc'>111</span> <span class='ocrx_word' id='word_1_528' title='bbox 3191 4120 3490 4187; x_wconf 84' lang='lat' dir='ltr'>confesso</span> 
     </span>
     <span class='ocr_line' id='line_1_44' title="bbox 547 4207 3491 4295; baseline 0.002 -24"><span class='ocrx_word' id='word_1_529' title='bbox 547 4210 716 4284; x_wconf 89' lang='lat' dir='ltr'>sunt,</span> <span class='ocrx_word' id='word_1_530' title='bbox 765 4207 857 4272; x_wconf 89' lang='lat' dir='ltr'>sic</span> <span class='ocrx_word' id='word_1_531' title='bbox 894 4207 1303 4293; x_wconf 87' lang='lat' dir='ltr'>antiquorum</span> <span class='ocrx_word' id='word_1_532' title='bbox 1341 4209 1501 4273; x_wconf 84' lang='lat' dir='ltr'>suffr</span> <span class='ocrx_word' id='word_1_533' title='bbox 1502 4208 1665 4294; x_wconf 86' lang='lat' dir='ltr'>agiis</span> <span class='ocrx_word' id='word_1_534' title='bbox 1690 4208 2087 4274; x_wconf 85' lang='lat' dir='ltr'>confirmavit</span> <span class='ocrx_word' id='word_1_535' title='bbox 2109 4210 2454 4276; x_wconf 84' lang='lat' dir='ltr'>Eduardus</span> <span class='ocrx_word' id='word_1_536' title='bbox 2480 4211 2746 4277; x_wconf 86' lang='lat' dir='ltr'>Kettetus</span> <span class='ocrx_word' id='word_1_537' title='bbox 2771 4210 3108 4277; x_wconf 79' lang='lat' dir='ltr'>Miscellan.</span> <span class='ocrx_word' id='word_1_538' title='bbox 3135 4209 3491 4295; x_wconf 70' lang='lat' dir='ltr'>theoloqicis</span> 
     </span>
     <span class='ocr_line' id='line_1_45' title="bbox 544 4296 3490 4383; baseline 0.001 -24"><span class='ocrx_word' id='word_1_539' title='bbox 544 4296 886 4362; x_wconf 82' lang='lat' dir='ltr'>vernaculo</span> <span class='ocrx_word' id='word_1_540' title='bbox 928 4319 1216 4363; x_wconf 88' lang='lat' dir='ltr'>sermone</span> <span class='ocrx_word' id='word_1_541' title='bbox 1262 4298 1354 4383; x_wconf 89' lang='lat' dir='ltr'><strong>(h.</strong></span> <span class='ocrx_word' id='word_1_542' title='bbox 1396 4320 1450 4361; x_wconf 89' lang='lat' dir='ltr'>e.</span> <span class='ocrx_word' id='word_1_543' title='bbox 1506 4303 1607 4362; x_wconf 85' lang='lat' dir='ltr'>An</span> <span class='ocrx_word' id='word_1_544' title='bbox 1612 4297 1805 4383; x_wconf 87' lang='lat' dir='ltr'>glico)</span> <span class='ocrx_word' id='word_1_545' title='bbox 1840 4297 2026 4363; x_wconf 89' lang='lat' dir='ltr'>editis</span> <span class='ocrx_word' id='word_1_546' title='bbox 2057 4320 2224 4364; x_wconf 86' lang='lat' dir='ltr'>anno</span> <span class='ocrx_word' id='word_1_547' title='bbox 2262 4298 2452 4364; x_wconf 82' lang='lat'><strong>1635.</strong></span> <span class='ocrx_word' id='word_1_548' title='bbox 2479 4299 2583 4365; x_wconf 87' lang='lat' dir='ltr'>lib.</span> <span class='ocrx_word' id='word_1_549' title='bbox 2610 4301 2673 4365; x_wconf 91' lang='grc'>2.</span> <span class='ocrx_word' id='word_1_550' title='bbox 2698 4319 2832 4383; x_wconf 86' lang='lat' dir='ltr'>cap.</span> <span class='ocrx_word' id='word_1_551' title='bbox 2860 4299 2923 4363; x_wconf 89' lang='lat'>9.</span> <span class='ocrx_word' id='word_1_552' title='bbox 2947 4296 3066 4365; x_wconf 88' lang='grc' dir='ltr'>ΠΙ.</span> <span class='ocrx_word' id='word_1_553' title='bbox 3091 4297 3216 4374; x_wconf 84' lang='lat' dir='ltr'>Qui</span> <span class='ocrx_word' id='word_1_554' title='bbox 3237 4299 3490 4382; x_wconf 83' lang='lat' dir='ltr'>stylum</span> 
     </span>
     <span class='ocr_line' id='line_1_46' title="bbox 547 4382 3486 4472; baseline -0 -20"><span class='ocrx_word' id='word_1_555' title='bbox 547 4382 935 4471; x_wconf 87' lang='lat' dir='ltr'>Scripturae,</span> <span class='ocrx_word' id='word_1_556' title='bbox 958 4386 1320 4472; x_wconf 85' lang='lat' dir='ltr'>specialiter</span> <span class='ocrx_word' id='word_1_557' title='bbox 1348 4384 1435 4453; x_wconf 94' lang='grc' dir='ltr'>Ν.</span> <span class='ocrx_word' id='word_1_558' title='bbox 1462 4384 1538 4452; x_wconf 89' lang='grc' dir='ltr'>Τ.</span> <span class='ocrx_word' id='word_1_559' title='bbox 1561 4386 1946 4453; x_wconf 83' lang='lat' dir='ltr'>barbarismi</span> <span class='ocrx_word' id='word_1_560' title='bbox 1968 4389 2015 4455; x_wconf 75' lang='grc'>81</span> <span class='ocrx_word' id='word_1_561' title='bbox 2037 4386 2392 4454; x_wconf 89' lang='lat' dir='ltr'>soloecismi</span> <span class='ocrx_word' id='word_1_562' title='bbox 2415 4391 2747 4454; x_wconf 85' lang='lat' dir='ltr'>accusant·</span> <span class='ocrx_word' id='word_1_563' title='bbox 2731 4436 2748 4467; x_wconf 89' lang='lat'>‚</span> <span class='ocrx_word' id='word_1_564' title='bbox 2775 4388 2959 4472; x_wconf 86' lang='lat' dir='ltr'>quasi</span> <span class='ocrx_word' id='word_1_565' title='bbox 2981 4385 3260 4472; x_wconf 87' lang='lat' dir='ltr'>Spiritus</span> <span class='ocrx_word' id='word_1_566' title='bbox 3277 4385 3486 4454; x_wconf 87' lang='lat' dir='ltr'>Sanc-</span> 
     </span>
    </p>
   </div>
   <div class='ocr_carea' id='block_1_3' title="bbox 3374 4478 3489 4544">
    <p class='ocr_par' dir='ltr' id='par_1_3' title="bbox 3374 4478 3489 4544">
     <span class='ocr_line' id='line_1_47' title="bbox 3374 4478 3489 4544; baseline 0 -2"><span class='ocrx_word' id='word_1_567' title='bbox 3374 4478 3489 4544; x_wconf 84' lang='lat' dir='ltr'>tus</span> 
     </span>
    </p>
   </div>
  </div>
 </body>
</html>
