3694 4871
726 323 1341 390 D1sp.111.D2
1386 324 1613 389 June
1661 347 1755 389 111
1800 323 2231 388 1111011111
2276 322 2467 388 Dm.
2981 325 3064 388 37

126 511 303 576 docte
360 514 407 576 81
456 511 785 594 perspicue
831 511 1112 574 instituit
1148 512 1487 576 :naecovias
1510 523 1671 594 part.
1705 511 1762 574 1.
1791 511 1975 575 locor.
1999 531 2223 573 comm.
2249 509 2410 592 disp.
2439 508 2544 571 27.
2585 506 2708 572 Ubi
2742 508 2882 572 vide
2907 509 3062 574 thesi

124 601 360 684 percult.
420 597 641 663 Unum
673 604 771 662 est
799 599 1097 681 loquendi
1128 621 1328 683 genus
1353 600 1429 663 de
1456 599 1878 663 destinatione
1904 621 2040 682 pec,
2066 598 2212 676 cati,
2246 597 2430 683 [pag.
2457 597 2619 682 355]
2645 600 2758 660 aut
2780 596 3060 662 hominis

127 689 206 752 ad
232 691 601 769 peccatum:
629 687 793 770 quod
820 687 1053 751 mutari
1079 687 1395 762 malimus,
1425 691 1494 752 ut
1524 688 1769 752 dicatur
1794 687 2110 751 destinata
2135 685 2466 770 permissio
2491 685 2732 767 peccati
2756 689 3062 767 tanquam

128 776 406 840 medium
440 777 555 840 fini
588 775 1089 840 subordinatum.
1110 775 1273 840 Vide
1298 777 1345 840 &
1370 773 1842 840 conciliationes
1873 777 1950 842 D.
1969 775 2356 859 Spaulwmii,
2383 775 2429 838 81
2452 774 2534 840 D.
2565 775 2734 840 Reuii
2749 775 2820 838 in
2837 775 3065 858 Dispp.

126 865 199 929 de
208 863 1005 948 praedestinatione.'Anno
1024 867 1053 927 1
1065 865 1216 928 644.
1232 863 1433 948 Lugd.
1447 865 1838 929 Batavorum
1855 863 2214 947 propositis.
2241 863 2576 927 Calvinum
2591 884 2734 926 cum
2753 861 3064 926 distincti·

128 975 241 1016 one
294 954 459 1018 duas
498 953 645 1016 illas
668 952 1017 1016 sententias
1043 959 1345 1034 tanquam
1378 953 1501 1016 sibi
1532 953 1976 1016 subordinatas
2000 955 2190 1033 atque
2223 952 2379 1015 adeo
2409 950 2673 1014 minime
2703 954 3062 1034 pugnantes

128 1041 465 1105 tradidisse
513 1040 935 1105 certissimum
992 1045 1121 1106 est:
1176 1041 1464 1122 quamvis
1518 1041 1809 1105 nonnulli
1866 1041 1985 1104 viri
2038 1041 2204 1104 docti
2243 1043 2463 1104 contra
2486 1039 2890 1117 contendant,
2919 1061 3063 1103 eum

126 1151 315 1212 supra
340 1130 601 1212 lapsum
624 1152 745 1193 non
774 1129 1147 1194 ascendisse.
1196 1129 1321 1194 Sed
1344 1129 1723 1194 credendum
1750 1134 1847 1194 est
1871 1129 2105 1193 Bezam
2137 1127 2564 1211 praeceptoris
2584 1130 2630 1193 81
2654 1127 2940 1211 collegae
2965 1127 3065 1192 sui

128 1223 405 1282 mentem
470 1217 713 1300 optime
767 1218 1154 1301 percepisse;
1210 1241 1326 1282 nec
1372 1218 1663 1282 dubitare
1688 1241 1801 1282 1100
1826 1218 2046 1282 sinunt
2067 1217 2268 1300 ipsius
2299 1216 2546 1281 Calvam·
2571 1215 2763 1280 verba
2787 1216 3064 1281 Institut.

128 1307 227 1369 lib.
278 1307 342 1370 3.
394 1329 536 1390 cap.
589 1308 692 1370 21.
722 1308 777 1390 §-
806 1307 867 1370 5.
892 1305 953 1370 a·
978 1328 1113 1389 cap.
1149 1309 1251 1369 23.
1280 1309 1335 1390 ξ.
1368 1307 1425 1368 7.
1462 1310 1522 1370 8.
1558 1305 1621 1372 ἃ·
1642 1328 1777 1390 cap.
1806 1307 1910 1369 24.
1938 1309 1995 1389 ξ.
2025 1307 2127 1368 12.
2163 1307 2208 1371 81
2233 1305 2301 1369 in
2325 1316 2724 1369 commentar.
2751 1305 2854 1368 ad.
2883 1306 3062 1371 Rom.

128 1395 199 1457 9:
246 1397 347 1458 ls.
376 1397 426 1460 &
460 1395 528 1458 in
554 1406 723 1460 tract.
750 1395 825 1460 de
844 1396 1095 1461 aeternd
1121 1396 1239 1460 Dei
1266 1395 1847 1478 praedestinatione.
1873 1394 1961 1458 Et
1986 1394 2052 1457 in
2077 1414 2356 1477 respons.
2381 1393 2836 1458 adcalamnias
2857 1392 3063 1460 Nebu-

130 1484 285 1547 lam's
297 1484 388 1548 ad
411 1485 591 1547 artic.
616 1486 673 1546 1.
704 1484 1019 1567 Confessio
1050 1485 1287 1549 Gallica
1312 1484 1373 1549 a
1402 1484 1646 1568 Belyica
1656 1484 1976 1566 objectum
1999 1481 2594 1565 praedestinationis
2621 1481 2805 1564 lapsu
2832 1481 3066 1545 Adami

130 1594 247 1634 000
294 1571 849 1637 circumscribunt.
897 1572 1077 1646 Quod
1124 1577 1338 1636 autem
1384 1571 1727 1636 adversarii
1759 1570 2094 1654 Pelagiani
2117 1571 2192 1634 de
2216 1571 2476 1634 horrore
2507 1569 2682 1633 illius
2709 1569 3067 1634 sententiae

129 1664 639 1812 000110οἓ101οτ;
688 1659 751 1759 id
788 1683 902 1724 nos
926 1660 1243 1724 dimovere
1268 1683 1392 1724 non
1418 1660 1605 1761 debet
1628 1660 1709 1724 ab
1734 1660 2014 1812 111ςο1103,
2040 1658 2328 1723 veritatis
2351 1658 2816 1810 contiessiquiz&
2839 1657 3063 1758 defen-

130 1769 319 1812 01000.
441 1769 607 1829 eque
652 1770 821 1811 enim
868 1769 1149 1830 unquam
1194 1771 1307 1832 per
1354 1771 1785 1814 remisslonem
1826 1770 1912 1812 au
2013 1769 2336 1812 escensum
2369 1769 2452 1810 au
2506 1768 2646 1810 emo
2702 1769 2721 1809 1
2756 1767 2964 1810 ionem
2997 1768 3065 1809 1n

132 1835 245 1899 hoc
289 1835 557 1920 negotio
602 1857 985 1918 quemquam
1028 1859 1247 1900 eorum
1293 1837 1372 1899 ad
1428 1840 1675 1900 nostras
1721 1841 1935 1919 partes
1960 1839 2302 1899 attractum
2327 1835 2574 1911 videas;
2607 1834 2717 1898 sed
2742 1838 2964 1899 contra
2987 1857 3066 1899 ex

134 1925 361 1988 nostris
410 1923 682 1988 subinde
729 1923 1008 2006 aliquem
1056 1947 1167 2008 per
1211 1925 1376 1989 hanc
1423 1924 1854 1990 dimissionem
1904 1946 2013 1988 seu
2046 1924 2416 1989 descensum
2440 1924 2520 1987 ad
2543 1922 2827 2007 ipsorum
2850 1926 3067 2006 partes

134 2011 487 2096 dilapsum:
539 2012 705 2076 inter
742 2035 901 2095 quos
933 2015 1164 2078 Daniel
1197 2015 1447 2080 Tilenus
1480 2014 1683 2097 (cujus
1705 2012 2119 2098 synlaymalis
2142 2011 2314 2095 prior
2337 2011 2531 2076 editio
2563 2033 2706 2075 0010
2730 2011 3070 2094 posteriori

134 2101 541 2182 conferenda)
588 2103 635 2166 81
674 2101 836 2164 alter
860 2101 925 2164 in
960 2100 1301 2166 Germania
1323 2124 1513 2184 quem
1535 2101 1641 2166 hic
1665 2123 1789 2166 non
1816 2101 2092 2178 nomin0,
2125 2101 2276 2183 quia
2299 2099 2366 2163 in
2391 2098 2896 2165 adversariorum
2922 2121 3068 2163 000-

142 2189 401 2252 tentiam
454 2189 645 2272 plane
692 2192 737 2254 &
780 2192 997 2272 aperte
1046 2212 1171 2253 non
1216 2190 1493 2263 transiit,
1543 2190 1652 2272 qui
1676 2190 1854 2273 prius
1879 2188 2262 2254 sententiam
2285 2210 2478 2271 supra
2510 2188 2761 2270 lapsum
2785 2187 3068 2251 animose

138 2281 379 2341 tutatus
428 2281 571 2341 erat
601 2281 823 2341 contra
869 2278 1215 2342 virulentas
1261 2277 1765 2342 adversariorum
1810 2277 2331 2352 0010100100ςοοᾶ
2356 2279 2578 2360 postea
2599 2275 2810 2340 nescio
2836 2275 3068 2358 quibus

142 2365 751 2430 considerationibus
802 2366 1108 2430 adductus
1156 2366 1323 2430 infra
1362 2367 1607 2451 lapsum
1644 2367 1986 2441 descendit,
2019 2368 2066 2432 &
2095 2365 2202 2429 vix
2225 2364 2318 2429 ibi
2349 2363 2658 2429 substitit.
2691 2361 2857 2428 Sunt
2885 2365 2932 2428 81
2955 2363 3068 2427 0111

138 2454 363 2535 quibus
418 2454 503 2519 ob
558 2459 797 2519 metum
844 2456 891 2521 81
939 2455 1005 2519 10
1052 2455 1331 2539 gratiam
1376 2455 1904 2521 calumniantium
1945 2454 2470 2532 adversariorum,
2495 2450 2996 2527 συγκκταβὰσεις
3018 2454 3069 2516 a

140 2542 561 2607 emollitiones
606 2532 864 2607 duritiei
890 2543 1009 2621 (uti
1034 2544 1405 2626 loquuntur)
1430 2544 1784 2609 sententiae
1808 2544 1884 2608 de
1917 2542 2513 2627 praedestinatione,
2541 2539 2816 2624 primum
2845 2539 3067 2604 solidi-

140 2634 331 2695 tatem
378 2654 457 2695 ac
502 2630 941 2710 eruditionem,
982 2632 1204 2696 deinde
1230 2634 1275 2697 8⁶
1300 2632 1739 2697 orthodoxiam
1772 2654 1850 2695 ex
1874 2635 2054 2715 parte
2087 2630 2504 2695 attriverunt·
2491 2680 2504 2707 ,
2531 2630 2623 2693 ita
2650 2632 2722 2692 ut
2743 2650 2811 2692 se
2836 2629 2882 2693 81
2908 2628 3070 2693 01100

144 2719 690 2803 perplexitatibus,
740 2720 1343 2785 contradictionibus
1390 2725 1502 2784 aut
1552 2721 1781 2785 saltem
1823 2720 2196 2785 umbraticis
2221 2717 2638 2804 logomachiis
2663 2716 3065 2781 involverint.

144 2808 311 2881 Quod
366 2811 587 2871 autem
635 2808 981 2872 adversarii
1026 2807 1533 2893 Neo-Pelagiani
1576 2814 1705 2872 tam
1740 2808 2066 2872 horridam
2089 2809 2135 2873 81
2166 2808 2450 2873 odiosam
2474 2804 2871 2890 proclamant
2902 2804 3069 2871 11000

144 2896 521 2960 sententiam
544 2896 609 2959 id
632 2900 871 2960 terrere
896 2919 1009 2960 nos
1039 2918 1165 2960 1100
1190 2897 1411 2960 debet:
1438 2897 1767 2980 scripturis
1800 2896 1970 2961 enim
1995 2898 2042 2962 81
2071 2895 2425 2960 rationibus
2451 2894 2554 2959 hic
2579 2894 2916 2976 agendum,
2944 2915 3066 2957 non

148 2984 345 3047 verbis
376 2988 427 3051 81
460 2984 861 3049 clamoribus,
887 2984 1131 3049 Ponam
1157 2984 1263 3049 hic
1286 2985 1539 3068 singula
1570 2984 1759 3068 hujus
1791 2985 2026 3049 decreti
2051 2988 2393 3062 momenta,
2419 2983 2762 3047 secundum
2785 2980 3070 3046 ordinem

148 3076 403 3137 naturae
453 3072 820 3156 generantis
851 3076 897 3138 81
919 3072 1307 3137 intendentis
1338 3074 1765 3155 concipienda,
1791 3076 1863 3137 ut
1885 3072 2226 3137 adversarii
2258 3072 2314 3136 si
2336 3071 2584 3155 possint
2609 3069 3070 3135 absurditatem

152 3160 323 3224 unius
368 3184 453 3225 ex
498 3160 627 3225 illis
674 3161 739 3225 in
778 3183 867 3240 se,
894 3164 1006 3225 aut
1028 3160 1423 3245 singulorum
1449 3161 1617 3226 inter
1640 3184 1707 3225 se
1730 3161 2136 3225 connexionis
2161 3160 2472 3225 evincant.
2505 3159 2680 3223 Deus
2705 3158 3072 3241 reprobavit

150 3245 225 3310 N.
249 3248 330 3313 N.
364 3249 667 3333 negative
690 3252 737 3315 81
761 3249 1033 3332 positive
1058 3249 1179 3312 hoc
1210 3254 1325 3322 est,
1352 3249 1647 3329 decrevit,
1678 3250 1899 3327 voluit,
1925 3249 2174 3328 statuit,
2200 3247 2544 3313 destinavit
2567 3247 2650 3311 ab
2677 3250 2934 3311 aeterno
2959 3270 3068 3310 se—

149 3338 409 3401 cundum
456 3337 920 3420 beneplacitum
946 3360 1131 3402 suum
1172 3340 1226 3400 1.
1272 3336 1441 3401 Eum
1464 3359 1699 3402 creare.
1726 3340 1785 3401 2.
1818 3337 2190 3421 permittere
2221 3337 2494 3419 lapsum.
2529 3336 2593 3401 3.
2616 3334 2978 3415 relinquere
3001 3333 3068 3397 in

152 3423 321 3507 lapsu
372 3428 421 3492 81
474 3425 843 3508 permittere
889 3426 1145 3490 finalem
1199 3425 1334 3509 ejus
1386 3425 1938 3525 impoenitentiam
1987 3428 2032 3491 8⁶
2086 3424 2550 3489 infidelitatem.
2587 3428 2648 3486 4.
2675 3422 2718 3487 J
2723 3424 2862 3486 uste
2885 3421 3071 3485 illum

151 3513 461 3578 damnare.
509 3516 571 3577 5.
624 3514 897 3597 gloriam
936 3514 1224 3597 justitiae
1270 3536 1418 3578 suae
1449 3514 1515 3577 in
1546 3513 1659 3577 illo
1682 3514 2031 3577 ostendere.
2082 3513 2209 3577 Cur
2231 3513 2540 3595 injustum
2565 3514 2678 3575 aut
2701 3509 3068 3589 absurdum,

152 3602 305 3683 quod
354 3602 531 3667 Deus
575 3624 691 3685 pro
738 3602 1135 3685 beneplacito
1182 3624 1295 3665 suo
1320 3602 1547 3667 statuit
1569 3601 1717 3666 huic
1743 3600 1827 3665 N.
1860 3602 2138 3686 gratiam
2163 3602 2210 3667 81
2235 3600 2505 3686 gloriam
2542 3600 2725 3685 [pag.
2753 3598 2916 3682 356]
2945 3620 3071 3662 non

152 3689 447 3767 conferre,
496 3691 605 3755 sed
652 3694 985 3773 peccatum
1030 3692 1165 3774 ejus
1186 3690 1577 3791 permittere,
1603 3692 1649 3755 81
1680 3694 1942 3774 propter
1965 3688 2346 3772 permissum
2371 3692 2699 3771 peccatum
2716 3684 3070 3769 justissime

156 3797 287 3841 eum
333 3780 637 3843 damnare
682 3778 765 3843 ad
815 3777 1088 3860 gloriam
1120 3778 1411 3861 justitiae
1436 3799 1609 3843 suae.
1656 3777 1756 3843 Ne
1781 3778 2050 3841 minima
2073 3778 2330 3860 quidem
2353 3775 2562 3859 specie
2587 3774 2694 3839 hic
2725 3774 3069 3839 contradici

160 3870 371 3945 potest,
426 3866 553 3931 nisi
596 3866 775 3949 prius
798 3866 997 3931 solide
1022 3867 1326 3949 probetur
1351 3889 1429 3929 ex
1454 3866 1769 3950 scriptura
1791 3864 2004 3931 Deum
2026 3865 2272 3931 homini
2301 3864 2530 3929 debere
2555 3862 2834 3948 gratiam
2857 3864 2904 3927 81
2928 3862 3069 3946 glo-

158 3952 325 4033 riam,
356 3977 473 4019 nec
504 3978 688 4038 posse
712 3976 827 4037 pro
854 3954 1147 4019 absoluta
1170 3958 1215 4020 &
1240 3976 1539 4038 suprema
1570 3977 1683 4018 sua
1708 3958 2027 4055 potestate
2054 3976 2198 4018 eum
2221 3952 2590 4036 praeterire,
2615 3972 2690 4015 ac
2721 3949 2847 4013 sibi
2873 3948 3070 4013 relin-

160 4060 356 4121 quere,
404 4048 515 4107 aut
538 4046 868 4127 peccatum
892 4043 1027 4125 ejus
1049 4043 1442 4126 permittere.
1474 4040 1765 4107 Breviter
1786 4042 1914 4106 nisi
1937 4042 2243 4125 probetur
2264 4062 2403 4106 esse
2427 4038 2850 4123 simpliciter
2833 4060 3069 4121 1101100-

162 4128 329 4194 sibile
352 4134 399 4197 81
417 4131 745 4214 implicare
768 4131 1350 4208 contradictionem,
1376 4130 1431 4194 si
1454 4130 1585 4195 tale
1610 4131 1761 4214 quid
1784 4130 1981 4195 vellet
2003 4134 2116 4194 aut
2140 4131 2521 4206 decerneret,
2537 4127 2726 4193 sicuti
2750 4126 2914 4191 velle
2934 4148 3070 4191 cre-

162 4238 256 4281 are
298 4219 497 4283 alium
542 4219 769 4299 Deum,
826 4219 925 4283 vel
968 4219 1179 4283 facere
1225 4222 1577 4302 peccatum,
1621 4219 1783 4283 velle
1808 4218 2025 4283 metiri
2055 4220 2158 4284 &c.
2203 4216 2274 4282 Si
2305 4238 2573 4299 quaeras
2605 4238 2688 4281 an
2719 4219 2874 4300 ergo
2897 4213 3072 4280 Deus

162 4304 381 4390 absque
404 4312 665 4391 peccato
690 4329 801 4371 seu
826 4306 1067 4391 absque
1084 4307 1217 4372 ullo
1240 4308 1479 4371 intuitu
1502 4306 1744 4390 peccati
1766 4307 1900 4373 sive
1917 4306 2250 4391 originalis
2261 4306 2394 4370 sive
2407 4304 2676 4370 actualis
2687 4303 3068 4388 praeteritos

164 4396 529 4477 reprobavit,
574 4396 695 4461 1100
748 4398 865 4477 001,
892 4395 1170 4461 decrevit
1192 4418 1319 4461 non
1350 4396 1596 4461 salvare
1628 4396 1737 4461 sed
1761 4395 2064 4461 damnare
2088 4396 2170 4461 ad
2193 4394 2466 4481 gloriam
2481 4394 2772 4479 justitiae
2797 4414 2969 4457 suae.
2996 4394 3071 4459 R.

2927 4502 3071 4543 cum
