3694 4871
693 321 2421 399 D1s12.111.DnsunnmJusa-munni.
2960 332 3039 397 31

121 523 338 584 notare
385 522 614 602 potest.
667 522 726 584 1.
771 520 1057 602 requlam
1103 516 1394 601 quamvis
1440 517 1790 601 practicam
1822 517 2215 582 necessariae
2240 519 2287 584 a
2310 521 2605 583 aeternae
2630 518 2939 596 veritatis,
2965 519 3047 584 ad

121 631 310 692 quam
329 609 708 674 naturaliter
727 607 1109 690 obligamur,
1143 609 1214 670 ut
1237 627 1336 668 ex.
1361 626 1458 689 gr.
1504 605 1714 670 Deum
1746 628 1883 670 esse
1908 606 2258 692 colendum,
2292 611 2585 690 parentes
2617 607 3041 686 honorandOS,

121 696 354 760 nemini
405 695 761 762 faciendam
807 695 1100 777 injuriam
1122 718 1142 758 .-
1187 693 1312 757 hae
1359 695 1620 778 regulae
1668 695 1820 778 quia
1868 695 2043 778 leges
2088 694 2521 759 immutabiles
2553 699 2722 774 sunt,
2748 695 3045 760 dicuntur

121 790 434 849 aeternae.
462 785 522 849 2.
558 791 771 850 actum
796 782 1044 848 divinae
1069 781 1302 846 mentis
1327 803 1454 865 quo
1469 782 1744 866 concipit
1765 783 2077 866 &judicat
2101 783 2359 866 regulas
2382 783 2527 848 illas
2550 785 2890 848 servandas
2906 805 3043 848 esse

123 877 158 936 ὲ
181 877 474 937 creatura
497 873 816 947 rationali,
843 893 988 935 cum
1015 873 1342 934 voluntate
1368 892 1508 934 eam
1533 871 1897 955 obligandi:
1947 893 2075 954 qua
2098 871 2353 936 notione
2378 871 2611 955 accipit
2644 872 2913 938 Thomas
2934 893 3043 959 qu.

124 962 222 1025 93.
276 973 397 1025 are.
453 962 508 1024 1.
567 964 713 1046 Ne9.
763 961 838 1025 de
888 960 1030 1043 lege
1078 962 1337 1024 aeterna
1367 957 1434 1022 in
1465 958 1674 1042 prima
1697 960 2095 1042 acceptione:
2147 959 2311 1034 Quia
2342 961 2581 1025 multae
2604 965 2755 1025 sunt
2778 961 3041 1045 regulae

123 1049 433 1132 practicae
479 1071 642 1132 quae
674 1049 930 1134 quidem
961 1051 1110 1111 sunt
1139 1046 1422 1111 veritatis
1445 1051 1742 1112 aeternae
1768 1050 1814 1114 81
1837 1047 2291 1132 hypotheticae
2316 1048 2726 1129 necessariae,
2760 1071 2917 1131 quas
2942 1053 3043 1112 ta-

123 1160 260 1202 men
307 1137 486 1201 Deus
533 1139 720 1204 aliter
765 1136 1076 1221 potuisset
1127 1135 1396 1200 voluisse
1427 1137 1474 1201 8⁶
1498 1136 1681 1200 nobis
1707 1136 2225 1220 praescripsisse:
2276 1158 2565 1221 quaeque
2587 1141 3045 1220 consequenter

121 1249 240 1290 non
291 1231 444 1290 sunt
483 1227 647 1308 juris
679 1225 990 1290 naturalis
1015 1223 1230 1288 divini.
1261 1225 1408 1308 Ney.
1435 1223 1657 1288 itidem
1681 1225 1759 1288 de
1792 1225 1934 1309 lege
1960 1229 2219 1290 aeterna
2242 1224 2310 1290 in
2342 1227 2613 1290 secunda
2644 1227 3042 1308 acceptione:

121 1315 268 1398 quia
311 1314 682 1378 indifferens
730 1314 1026 1378 voluntas
1051 1312 1380 1396 obligandi
1402 1312 1508 1376 hic
1540 1313 1933 1378 intercedens
1958 1315 2005 1380 &
2028 1314 2408 1396 praecedens
2434 1313 2627 1378 immo
2652 1314 3043 1380 constituens

123 1403 344 1466 bonam
369 1403 565 1486 liujus
589 1403 752 1487 legis
776 1405 1044 1486 partem,
1071 1401 1352 1464 ostendit
1375 1423 1507 1464 esse
1525 1401 1631 1484 jus
1659 1401 1932 1465 liberum
1955 1402 2123 1486 quod
2147 1402 2226 1466 ad
2249 1401 2429 1466 illam
2447 1407 2717 1486 partem,
2742 1425 2863 1466 non
2892 1425 3041 1467 vero

122 1491 428 1571 naturale,
479 1493 526 1557 81
571 1491 860 1556 absolute
905 1488 1334 1554 necessarium
1367 1511 1444 1552 ex
1475 1490 1849 1554 necessitate
1880 1495 2147 1554 naturae
2171 1489 2444 1557 divinae.
2492 1489 2649 1556 Cum
2680 1513 2831 1576 ergo
2856 1513 3041 1556 omne

117 1581 214 1662 jus
235 1581 532 1644 naturale
557 1581 842 1644 divinum
865 1579 942 1642 ad
970 1582 1170 1656 extra,
1196 1577 1282 1641 sit
1305 1577 1467 1661 legis
1493 1582 1808 1656 aeternae,
1835 1579 1945 1642 sed
1968 1578 2287 1644 viceversa
2305 1580 2511 1643 omnis
2525 1581 2621 1644 lex
2641 1585 2900 1644 aeterna
2917 1601 3043 1644 non

124 1667 204 1730 sit
247 1667 414 1750 juris
469 1667 668 1732 divini
714 1667 1028 1731 naturalis
1075 1667 1154 1730 ad
1194 1670 1406 1730 extra:
1457 1666 1745 1748 sequitur
1769 1688 1897 1730 non
1920 1667 2295 1751 reciprocari
2314 1668 2420 1752 jus
2444 1667 2563 1732 hoc
2588 1668 2873 1732 divinum
2897 1691 3043 1732 cum

125 1756 257 1840 lege
282 1760 564 1832 aeterna,
589 1778 704 1821 nec
727 1777 864 1819 esse
887 1753 1361 1828 ἰσοδυναμοῦντα.
1401 1754 1610 1818 proba.
1635 1752 1749 1818 VI.
1777 1753 1879 1818 An
1912 1755 2126 1819 omnia
2150 1761 2489 1839 praecepta
2503 1757 2771 1821 moralia
2784 1779 2945 1841 quae
2962 1757 3043 1821 ad

123 1843 492 1929 decalogum
538 1845 881 1928 pertinent,
921 1842 1052 1906 sint
1075 1841 1240 1926 juris
1263 1841 1574 1906 naturalis
1593 1845 1623 1906 Ρ
1670 1844 1851 1926 Resp.
1898 1843 2253 1909 Scholastici
2274 1845 2693 1910 communiter
2718 1844 3044 1910 affirmant

129 1933 176 1997 l.
223 1935 282 1998 2.
333 1953 444 2018 qu.
473 1934 578 1997 94.
603 1945 726 1999 art.
751 1933 812 1995 4.
839 1938 884 1993 St
908 1931 969 1994 5.
1003 1931 1112 1994 sed
1138 1952 1252 2013 per
1275 1930 1374 2013 jus
1409 1931 1700 1994 naturale
1725 1931 2101 2016 intelligunt
2117 1932 2222 2014 jus
2246 1931 2533 1996 divinum
2560 1933 2963 1998 immutabile
2986 1934 3044 1998 si

121 2042 236 2084 non
281 2021 594 2100 absolute,
643 2023 873 2086 saltem
920 2041 998 2082 ex
1025 2018 1367 2102 hypothesi
1393 2018 1738 2083 voluntatis
1763 2021 1810 2085 81
1833 2020 2119 2084 mandati
2144 2020 2362 2098 divini,
2397 2022 2575 2105 cujus
2604 2023 2834 2086 veritas
2859 2021 3041 2086 nobis

121 2114 336 2173 natura
384 2109 758 2175 innotescit:
814 2107 980 2192 quod
1033 2111 1369 2190 propterea
1417 2107 1636 2172 dicunt
1689 2107 1757 2171 in
1784 2130 1852 2172 se
1884 2131 2023 2173 esse
2054 2108 2477 2189 immutabile,
2504 2113 2577 2174 ut
2604 2131 2719 2174 nec
2742 2110 3041 2194 abrogari

121 2198 330 2278 possit,
381 2221 498 2262 nec
529 2199 776 2262 desinat
799 2197 1109 2280 obligare.
1134 2193 1272 2259 Nos
1306 2199 1526 2259 contra
1551 2197 1695 2283 Ney.
1723 2201 1913 2278 prout
1936 2197 2036 2280 jus
2068 2197 2357 2261 naturale
2382 2219 2575 2280 supra
2600 2199 3040 2282 explicuimus·

123 2283 200 2349 Et
245 2286 334 2350 sic
374 2286 458 2350 ad
497 2287 612 2368 jus
636 2287 920 2350 divinum
947 2283 1221 2347 liberum
1255 2283 1589 2348 referimus
1615 2285 1858 2348 cultum
1882 2289 2216 2349 externum
2241 2286 2287 2350 &
2314 2285 2681 2350 institutum
2705 2290 2843 2351 tum
2868 2308 3040 2350 com-

123 2395 368 2441 munem
395 2373 478 2441 V.
515 2397 588 2440 ac
619 2374 703 2441 N.
731 2373 904 2439 Test.
939 2376 1078 2438 tum
1103 2371 1429 2455 proprium
1453 2369 1538 2438 N.
1570 2371 1645 2438 T.
1680 2373 1756 2438 de
1787 2374 2199 2439 sacramentis
2226 2395 2311 2439 sc.
2338 2374 2414 2439 de
2440 2374 2705 2441 ecclesia
2728 2374 2962 2441 visibili
2994 2376 3040 2441 81

122 2462 427 2543 instituta,
473 2463 669 2529 etiam
708 2464 966 2548 regulas
1008 2461 1316 2546 quasdam
1348 2461 1652 2543 speciales
1677 2464 1843 2527 circa
1874 2464 1932 2527 5.
1961 2462 2019 2526 6.
2047 2463 2094 2527 8⁶
2124 2464 2180 2528 7.
2215 2465 2261 2529 &
2294 2464 2355 2529 8.
2380 2468 2811 2548 praeceptum.
2860 2463 3039 2539 Quod

123 2550 256 2615 inde
301 2552 688 2637 colligimuS,
739 2552 890 2635 quia
932 2550 1108 2615 Deus
1141 2552 1352 2633 potest
1383 2551 1686 2615 mandare
1713 2555 1784 2615 ut
1807 2552 1951 2635 quis
1977 2551 2301 2635 propriam
2326 2553 2515 2616 ducat
2538 2574 2818 2617 sororem
2844 2553 3041 2636 (quod

123 2642 464 2705 necessario
505 2640 746 2705 factum
785 2640 912 2704 fuit
947 2639 1014 2702 in
1045 2638 1254 2722 prima
1279 2638 1532 2722 generis
1555 2638 1822 2705 humani
1845 2640 2367 2725 propagatione):
2403 2643 2449 2707 81
2473 2663 2760 2705 sororum
2783 2640 3039 2705 viduam

122 2726 326 2793 fratris
349 2731 452 2794 sui
477 2730 659 2794 Deut.
688 2730 793 2793 21.
821 2726 1134 2812 potuisset
1157 2725 1354 2790 etiam
1377 2748 1504 2790 non
1528 2728 1861 2792 instituere
1888 2727 2379 2813 monogamiam.
2406 2728 2629 2793 Potest
2650 2730 2951 2794 mandare
2968 2733 3042 2794 ut

123 2816 254 2897 quis
297 2818 544 2883 occidat
589 2818 796 2881 filium
841 2818 1264 2894 innocentem,
1323 2816 1539 2880 Genes.
1591 2817 1694 2881 22.
1726 2816 1883 2880 item
1910 2819 1981 2880 ut
2003 2817 2199 2900 judex
2230 2817 2527 2900 politicus
2552 2818 2814 2901 capitali
2838 2840 3041 2901 poena

123 2902 350 2970 afficiat
375 2906 544 2970 filios
573 2906 941 2969 innocentes
965 2903 1166 2987 patris
1192 2902 1372 2989 [pag.
1395 2904 1558 2989 348]
1582 2905 2071 2989 transgressoris
2093 2906 2318 2971 losaac
2344 2906 2402 2970 7.
2427 2908 2473 2972 &
2500 2907 2758 2973 Numer.
2791 2908 2891 2971 16.
2917 2905 3041 2970 Po-

123 2992 306 3058 tuisse
353 2995 420 3057 in
445 2995 772 3078 primaeva
795 2993 1170 3078 integritate
1195 2991 1600 3057 constituisse
1625 3014 1828 3077 genus
1859 2993 2213 3057 humanum
2237 2994 2478 3078 absque
2508 2992 3037 3079 Magistratibus3

126 3080 165 3145 81
192 3087 354 3147 certe
378 3106 526 3147 eum
549 3086 696 3148 actu
725 3082 820 3146 ita
843 3080 1245 3147 constituisse
1270 3079 1599 3165 disputant
1623 3080 1939 3166 Theologi
1962 3103 2085 3145 non
2116 3082 2453 3166 ignobiles.
2504 3082 2764 3147 Adhaec
2788 3083 3037 3166 potuis-

127 3174 214 3233 set
255 3170 438 3236 initio
475 3170 982 3236 communionem
1008 3170 1319 3234 bonorum
1343 3168 1712 3252 injunxisse,
1747 3170 2062 3254 siquidem
2088 3192 2219 3235 non
2248 3170 2617 3254 injunxerit.
2646 3170 2859 3238 Probe.
2896 3169 3037 3235 VII.

128 3255 220 3320 An
243 3280 390 3345 ergo
415 3260 620 3324 ullum
643 3263 1050 3344 praeceptum
1076 3256 1238 3341 legis
1262 3256 1574 3322 naturalis
1590 3257 1793 3341 possit
1808 3258 2003 3323 deleri
2029 3260 2107 3323 de
2131 3259 2423 3324 cordibus
2446 3259 2775 3324 hominum
2798 3262 2829 3325 P
2855 3260 3037 3343 Resp.

126 3342 344 3430 Legem
367 3349 728 3413 naturalem
751 3347 1070 3413 communi
1094 3346 1350 3411 notione
1377 3344 1917 3411 Scholasticorum
1942 3346 2047 3411 hic
2072 3347 2437 3431 accipimuS,
2463 3347 2510 3412 81
2533 3348 2624 3413 sic
2640 3348 2716 3413 de
2732 3369 3035 3432 praecep-

127 3432 201 3497 tis
243 3437 372 3519 ejus
397 3436 839 3501 communibus
885 3444 1037 3521 Ney.
1087 3434 1332 3521 (qualia
1361 3438 1531 3515 sunt,
1564 3434 1801 3499 bonum
1833 3438 1931 3499 est
1958 3436 2333 3515 faciendum,
2358 3436 2598 3500 malum
2623 3435 3033 3520 fugiendum:

129 3518 286 3587 Deus
331 3530 428 3590 est
475 3526 794 3605 colenduS,
842 3526 1010 3609 quod
1056 3523 1179 3588 tibi
1221 3522 1360 3587 fieri
1397 3544 1525 3587 non
1563 3523 1657 3588 vis
1681 3523 1869 3588 alteri
1895 3546 1977 3588 ne
2000 3524 2247 3604 feceris,
2279 3524 2326 3589 81
2350 3524 2405 3588 si
2436 3546 2600 3609 quae
2624 3524 2726 3589 his
2751 3523 3036 3607 similia.)

128 3606 434 3697 Principia
457 3614 664 3698 prima
695 3614 865 3698 quod
887 3614 970 3677 ad
991 3612 1286 3677 habitum
1309 3632 1634 3695 nunquam
1659 3612 2183 3697 exstinguuntur:
2211 3613 2501 3697 quamvis
2518 3613 2687 3696 quod
2703 3612 2785 3676 ad
2799 3610 3035 3677 Praxin

129 3697 170 3762 ἃ
197 3702 559 3767 exercitium
589 3724 702 3767 seu
735 3702 1051 3767 actualem
1076 3699 1504 3785 cognitionem
1537 3700 1584 3765 ἃ
1607 3700 1934 3780 intuitum,
1962 3722 2305 3784 eorumque
2331 3700 2753 3766 exsertionem
2776 3702 2823 3767 s
2846 3722 3035 3766 usum

130 3787 200 3850 ad
243 3790 562 3855 axiomata
609 3791 886 3875 practica
909 3789 1217 3873 proxime,
1243 3787 1616 3872 propinque,
1655 3793 1899 3853 remote
1922 3788 2069 3853 inde
2093 3788 2471 3869 deducenda,
2504 3789 2551 3854 s
2574 3788 2760 3853 factis
2784 3810 2857 3853 ac
2887 3810 3038 3853 con-

131 3875 410 3943 scientiae
443 3879 760 3944 factorum
783 3878 1160 3963 applicenda
1191 3898 1290 3941 res
1315 3876 1500 3941 aliter
1533 3900 1600 3942 se
1623 3876 1881 3943 habeat.
1913 3875 2039 3941 Sed
2063 3876 2139 3941 de
2162 3877 2517 3961 praeceptis
2540 3876 3035 3961 particularibus

131 3960 260 4029 inde
289 3968 570 4033 deductis
592 3970 720 4055 Aff.
747 3990 825 4031 ex
848 3969 1026 4034 Rom.
1059 3968 1115 4032 l.
1151 3967 1256 4029 21.
1288 3964 1512 4047 Ephes,
1539 3967 1600 4030 4.
1631 3966 1732 4031 18.
1758 3965 1804 4029 81
1829 3966 2175 4030 universali
2196 3966 2613 4049 experientia.
2659 3964 2825 4030 Vide
2841 3964 3035 4031 Scho-

132 4051 254 4117 lasl.
285 4056 368 4121 ad
415 4058 686 4123 Thomae
722 4078 828 4142 qu.
867 4056 969 4121 cil.
1014 4067 1136 4121 art.
1162 4054 1224 4118 6.
1250 4052 1463 4120 Probe.
1499 4052 1678 4119 VIII.
1727 4053 1834 4117 An
1858 4052 2031 4118 Deus
2064 4054 2139 4118 de
2165 4054 2519 4138 praeceptis
2535 4054 2701 4139 juris
2722 4053 3035 4119 naturalis

133 4138 472 4225 dispensare
495 4146 741 4230 possit?
760 4147 832 4212 R.
861 4144 984 4208 Hic
1005 4142 1508 4227 praemittendae
1533 4146 1683 4207 sunt
1707 4141 2143 4207 distinctiones
2168 4142 2605 4209 terminorum.
2631 4143 3036 4228 Disperasatio

135 4232 238 4309 est,
261 4236 506 4315 quando
527 4234 594 4299 in
618 4234 834 4318 aliquo
859 4256 1028 4313 casu,
1055 4253 1179 4316 quo
1211 4252 1433 4296 revera
1457 4231 1632 4316 riget
1666 4233 1712 4297 &
1735 4230 1985 4316 obligat
2008 4230 2131 4310 lex,
2159 4230 2407 4295 tollitur
2429 4231 2740 4317 obligatio
2764 4231 2927 4316 legis
2952 4232 3033 4297 ab

135 4316 328 4401 aliquo
370 4322 624 4387 homine
671 4321 1075 4407 particulari3
1113 4318 1376 4405 reliquis
1402 4320 1807 4385 manentibus
1832 4318 2157 4404 obligatis
2184 4320 2559 4401 Declaraeio,
2583 4344 2694 4386 seu
2718 4321 3033 4405 interpre-

138 4408 267 4471 tatio
288 4408 445 4495 legis
469 4416 586 4494 est,
613 4412 866 4496 quando
893 4410 1248 4475 declaratur
1281 4410 1350 4473 in
1375 4407 1590 4493 aliquo
1621 4430 1768 4473 casu
1794 4409 2003 4494 legem
2038 4430 2162 4471 non
2186 4408 2498 4495 obligare.
2543 4408 2857 4477 Nonnulli
2878 4407 3035 4559 ltiaec

2770 4518 2885 4563 con
2916 4518 3034 4562 un-
