<?xml version="1.0" encoding="UTF-8"?>
<!DOCTYPE html PUBLIC "-//W3C//DTD XHTML 1.0 Transitional//EN"
    "http://www.w3.org/TR/xhtml1/DTD/xhtml1-transitional.dtd">
<html xmlns="http://www.w3.org/1999/xhtml" xml:lang="en" lang="en">
 <head>
  <title>
</title>
<meta http-equiv="Content-Type" content="text/html;charset=utf-8" />
  <meta name='ocr-system' content='tesseract 3.04.00' />
  <meta name='ocr-capabilities' content='ocr_page ocr_carea ocr_par ocr_line ocrx_word'/>
</head>
<body>
  <div class='ocr_page' id='page_1' title='image "./selectarumdispu00kuypgoog_0230.png"; bbox 0 0 3694 4871; ppageno 0'>
   <div class='ocr_carea' id='block_1_1' title="bbox 326 237 3051 313">
    <p class='ocr_par' dir='ltr' id='par_1_1' title="bbox 326 237 3051 313">
     <span class='ocr_line' id='line_1_1' title="bbox 326 237 3051 313; baseline 0.003 -10"><span class='ocrx_word' id='word_1_1' title='bbox 326 239 538 306; x_wconf 74' lang='lat' dir='ltr'>Drsr.</span> <span class='ocrx_word' id='word_1_2' title='bbox 586 237 734 306; x_wconf 88' lang='lat' dir='ltr'>VII.</span> <span class='ocrx_word' id='word_1_3' title='bbox 785 240 1454 307; x_wconf 69' lang='lat' dir='ltr'>Paosninn&#39;rux</span> <span class='ocrx_word' id='word_1_4' title='bbox 1499 263 1598 306; x_wconf 74' lang='lat' dir='ltr'>nr.</span> <span class='ocrx_word' id='word_1_5' title='bbox 1643 237 2001 307; x_wconf 73' lang='lat' dir='ltr'>Msaxro</span> <span class='ocrx_word' id='word_1_6' title='bbox 2048 241 2431 308; x_wconf 66' lang='lat' dir='ltr'>Culusa-1</span> <span class='ocrx_word' id='word_1_7' title='bbox 2477 243 2684 310; x_wconf 60' lang='lat' dir='ltr'>Plus</span> <span class='ocrx_word' id='word_1_8' title='bbox 2732 245 2849 313; x_wconf 92' lang='lat' dir='ltr'>III.</span> <span class='ocrx_word' id='word_1_9' title='bbox 2927 248 3051 312; x_wconf 88' lang='grc'>199</span> 
     </span>
    </p>
   </div>
   <div class='ocr_carea' id='block_1_2' title="bbox 72 423 3050 4477">
    <p class='ocr_par' dir='ltr' id='par_1_2' title="bbox 135 423 3050 598">
     <span class='ocr_line' id='line_1_2' title="bbox 137 423 3050 514; baseline 0.002 -22"><span class='ocrx_word' id='word_1_10' title='bbox 137 427 182 492; x_wconf 70' lang='grc' dir='ltr'>δι</span> <span class='ocrx_word' id='word_1_11' title='bbox 207 425 424 511; x_wconf 87' lang='lat' dir='ltr'>positis</span> <span class='ocrx_word' id='word_1_12' title='bbox 447 423 754 510; x_wconf 88' lang='lat' dir='ltr'>ponendis</span> <span class='ocrx_word' id='word_1_13' title='bbox 780 425 865 512; x_wconf 89' lang='lat' dir='ltr'>(si</span> <span class='ocrx_word' id='word_1_14' title='bbox 895 425 1030 490; x_wconf 91' lang='lat' dir='ltr'>scil.</span> <span class='ocrx_word' id='word_1_15' title='bbox 1059 425 1236 509; x_wconf 89' lang='lat' dir='ltr'>prius</span> <span class='ocrx_word' id='word_1_16' title='bbox 1260 424 1658 510; x_wconf 71' lang='lat' dir='ltr'>resipiscant,</span> <span class='ocrx_word' id='word_1_17' title='bbox 1693 425 2051 492; x_wconf 69' lang='lat' dir='ltr'>desiderent</span> <span class='ocrx_word' id='word_1_18' title='bbox 2074 428 2372 512; x_wconf 78' lang='lat' dir='ltr'>gratiam,</span> <span class='ocrx_word' id='word_1_19' title='bbox 2406 431 2841 514; x_wconf 80' lang='lat' dir='ltr'>apprehendat</span> <span class='ocrx_word' id='word_1_20' title='bbox 2864 431 3050 498; x_wconf 85' lang='lat' dir='ltr'>Chri-</span> 
     </span>
     <span class='ocr_line' id='line_1_3' title="bbox 135 511 3049 598; baseline 0.002 -18"><span class='ocrx_word' id='word_1_21' title='bbox 135 520 296 580; x_wconf 84' lang='lat' dir='ltr'>stum</span> <span class='ocrx_word' id='word_1_22' title='bbox 338 518 409 578; x_wconf 95' lang='lat' dir='ltr'>ut</span> <span class='ocrx_word' id='word_1_23' title='bbox 437 536 622 580; x_wconf 89' lang='lat' dir='ltr'>suum</span> <span class='ocrx_word' id='word_1_24' title='bbox 655 511 1056 580; x_wconf 84' lang='lat' dir='ltr'>Servatorem</span> <span class='ocrx_word' id='word_1_25' title='bbox 1089 518 1235 579; x_wconf 89' lang='lat' dir='ltr'>actu</span> <span class='ocrx_word' id='word_1_26' title='bbox 1267 513 1415 578; x_wconf 91' lang='lat' dir='ltr'>fidei</span> <span class='ocrx_word' id='word_1_27' title='bbox 1445 514 1682 580; x_wconf 89' lang='lat' dir='ltr'>directo</span> <span class='ocrx_word' id='word_1_28' title='bbox 1709 513 1931 581; x_wconf 68' lang='lat' dir='ltr'>Manli.</span> <span class='ocrx_word' id='word_1_29' title='bbox 1961 515 2065 580; x_wconf 95' lang='grc'>11.</span> <span class='ocrx_word' id='word_1_30' title='bbox 2100 516 2205 582; x_wconf 91' lang='grc'>28.</span> <span class='ocrx_word' id='word_1_31' title='bbox 2230 517 2365 582; x_wconf 80' lang='grc' dir='ltr'><strong>ΙοΙι.</strong></span> <span class='ocrx_word' id='word_1_32' title='bbox 2404 518 2461 582; x_wconf 84' lang='grc'>7.</span> <span class='ocrx_word' id='word_1_33' title='bbox 2491 520 2642 598; x_wconf 87' lang='grc'><strong>37.),</strong></span> <span class='ocrx_word' id='word_1_34' title='bbox 2669 521 2714 585; x_wconf 71' lang='grc' dir='ltr'>δι</span> <span class='ocrx_word' id='word_1_35' title='bbox 2738 519 2827 584; x_wconf 88' lang='lat' dir='ltr'>sic</span> <span class='ocrx_word' id='word_1_36' title='bbox 2850 522 3049 587; x_wconf 91' lang='lat' dir='ltr'>medi-</span> 
     </span>
    </p>

    <p class='ocr_par' dir='ltr' id='par_1_3' title="bbox 72 602 3047 4477">
     <span class='ocr_line' id='line_1_4' title="bbox 76 602 1955 704; baseline -0.001 -35"><span class='ocrx_word' id='word_1_37' title='bbox 76 627 79 704; x_wconf 36' lang='lat'>4</span> <span class='ocrx_word' id='word_1_38' title='bbox 133 606 230 669; x_wconf 74' lang='lat' dir='ltr'>ate</span> <span class='ocrx_word' id='word_1_39' title='bbox 251 625 324 669; x_wconf 85' lang='lat' dir='ltr'>ac</span> <span class='ocrx_word' id='word_1_40' title='bbox 347 607 821 686; x_wconf 80' lang='lat' dir='ltr'>consequenter.</span> <span class='ocrx_word' id='word_1_41' title='bbox 879 602 978 667; x_wconf 92' lang='lat' dir='ltr'>De</span> <span class='ocrx_word' id='word_1_42' title='bbox 1002 603 1218 687; x_wconf 89' lang='lat' dir='ltr'>quoin</span> <span class='ocrx_word' id='word_1_43' title='bbox 1246 602 1411 689; x_wconf 75' lang='lat' dir='ltr'>disp.</span> <span class='ocrx_word' id='word_1_44' title='bbox 1437 604 1512 668; x_wconf 82' lang='lat' dir='ltr'>de</span> <span class='ocrx_word' id='word_1_45' title='bbox 1539 604 1741 670; x_wconf 77' lang='lat' dir='ltr'>Praxi</span> <span class='ocrx_word' id='word_1_46' title='bbox 1762 604 1955 670; x_wconf 71' lang='lat' dir='ltr'>Fidei.</span> 
     </span>
     <span class='ocr_line' id='line_1_5' title="bbox 74 690 3047 772; baseline 0.001 -10"><span class='ocrx_word' id='word_1_47' title='bbox 74 705 79 762; x_wconf 78' lang='grc' dir='ltr'><em>Ξ</em></span> <span class='ocrx_word' id='word_1_48' title='bbox 213 691 280 762; x_wconf 82' lang='grc'>2.</span> <span class='ocrx_word' id='word_1_49' title='bbox 327 691 444 757; x_wconf 91' lang='grc' dir='ltr'><strong>ΙΙΙ.</strong></span> <span class='ocrx_word' id='word_1_50' title='bbox 497 691 714 758; x_wconf 71' lang='lat' dir='ltr'>Probe.</span> <span class='ocrx_word' id='word_1_51' title='bbox 760 691 866 756; x_wconf 91' lang='lat' dir='ltr'>An</span> <span class='ocrx_word' id='word_1_52' title='bbox 913 691 1204 758; x_wconf 87' lang='lat' dir='ltr'>Christus</span> <span class='ocrx_word' id='word_1_53' title='bbox 1249 690 1516 757; x_wconf 90' lang='lat' dir='ltr'>meritus</span> <span class='ocrx_word' id='word_1_54' title='bbox 1577 692 1662 758; x_wconf 90' lang='lat' dir='ltr'>sit</span> <span class='ocrx_word' id='word_1_55' title='bbox 1707 692 2045 772; x_wconf 89' lang='lat' dir='ltr'>damnatis,</span> <span class='ocrx_word' id='word_1_56' title='bbox 2094 697 2207 758; x_wconf 88' lang='lat' dir='ltr'>aut</span> <span class='ocrx_word' id='word_1_57' title='bbox 2251 694 2519 760; x_wconf 86' lang='lat' dir='ltr'>totalem</span> <span class='ocrx_word' id='word_1_58' title='bbox 2542 695 2983 764; x_wconf 80' lang='lat' dir='ltr'>liberationem</span> <span class='ocrx_word' id='word_1_59' title='bbox 3009 702 3047 763; x_wconf 76' lang='lat' dir='ltr'>a</span> 
     </span>
     <span class='ocr_line' id='line_1_6' title="bbox 72 780 3047 867; baseline 0.004 -27"><span class='ocrx_word' id='word_1_60' title='bbox 72 827 75 840; x_wconf 54' lang='lat'>2</span> <span class='ocrx_word' id='word_1_61' title='bbox 131 803 342 867; x_wconf 89' lang='lat' dir='ltr'>poena,</span> <span class='ocrx_word' id='word_1_62' title='bbox 390 784 504 846; x_wconf 88' lang='lat' dir='ltr'>aut</span> <span class='ocrx_word' id='word_1_63' title='bbox 551 780 780 845; x_wconf 87' lang='lat' dir='ltr'>saltem</span> <span class='ocrx_word' id='word_1_64' title='bbox 827 780 1109 864; x_wconf 83' lang='lat' dir='ltr'>aliquam</span> <span class='ocrx_word' id='word_1_65' title='bbox 1162 802 1401 864; x_wconf 90' lang='lat' dir='ltr'>poenae</span> <span class='ocrx_word' id='word_1_66' title='bbox 1454 781 1910 846; x_wconf 78' lang='lat' dir='ltr'>remissionem.</span> <span class='ocrx_word' id='word_1_67' title='bbox 1958 783 2135 866; x_wconf 77' lang='lat' dir='ltr'>Hesp.</span> <span class='ocrx_word' id='word_1_68' title='bbox 2163 781 2371 866; x_wconf 88' lang='lat' dir='ltr'>Supra</span> <span class='ocrx_word' id='word_1_69' title='bbox 2400 782 2569 849; x_wconf 91' lang='lat' dir='ltr'>inter</span> <span class='ocrx_word' id='word_1_70' title='bbox 2591 787 3047 852; x_wconf 85' lang='lat' dir='ltr'>controversias</span> 
     </span>
     <span class='ocr_line' id='line_1_7' title="bbox 131 868 3046 957; baseline 0.002 -23"><span class='ocrx_word' id='word_1_71' title='bbox 131 870 522 954; x_wconf 73' lang='lat' dir='ltr'>principaleS,</span> <span class='ocrx_word' id='word_1_72' title='bbox 549 869 715 934; x_wconf 88' lang='lat' dir='ltr'>hanc</span> <span class='ocrx_word' id='word_1_73' title='bbox 738 871 784 936; x_wconf 67' lang='lat' dir='ltr'>s</span> <span class='ocrx_word' id='word_1_74' title='bbox 808 869 1065 954; x_wconf 90' lang='lat' dir='ltr'>quidem</span> <span class='ocrx_word' id='word_1_75' title='bbox 1087 868 1314 934; x_wconf 84' lang='lat' dir='ltr'>merito</span> <span class='ocrx_word' id='word_1_76' title='bbox 1339 870 1851 935; x_wconf 83' lang='lat' dir='ltr'>numerabamus.</span> <span class='ocrx_word' id='word_1_77' title='bbox 1884 868 2009 935; x_wconf 89' lang='lat' dir='ltr'>Hic</span> <span class='ocrx_word' id='word_1_78' title='bbox 2034 871 2321 936; x_wconf 84' lang='lat' dir='ltr'>addimus</span> <span class='ocrx_word' id='word_1_79' title='bbox 2347 873 2513 955; x_wconf 91' lang='lat' dir='ltr'>quod</span> <span class='ocrx_word' id='word_1_80' title='bbox 2537 873 2617 936; x_wconf 94' lang='lat' dir='ltr'>ad</span> <span class='ocrx_word' id='word_1_81' title='bbox 2641 873 2815 957; x_wconf 89' lang='lat' dir='ltr'>prius</span> <span class='ocrx_word' id='word_1_82' title='bbox 2846 897 3046 941; x_wconf 88' lang='lat' dir='ltr'>mem·</span> 
     </span>
     <span class='ocr_line' id='line_1_8' title="bbox 131 957 3045 1046; baseline 0.002 -24"><span class='ocrx_word' id='word_1_83' title='bbox 131 957 324 1037; x_wconf 88' lang='lat' dir='ltr'>brum,</span> <span class='ocrx_word' id='word_1_84' title='bbox 373 958 793 1025; x_wconf 88' lang='lat' dir='ltr'>communiter</span> <span class='ocrx_word' id='word_1_85' title='bbox 838 959 1094 1042; x_wconf 88' lang='lat' dir='ltr'>quidem</span> <span class='ocrx_word' id='word_1_86' title='bbox 1129 957 1356 1043; x_wconf 89' lang='lat' dir='ltr'>negari</span> <span class='ocrx_word' id='word_1_87' title='bbox 1379 961 1418 1022; x_wconf 73' lang='lat' dir='ltr'>a</span> <span class='ocrx_word' id='word_1_88' title='bbox 1445 958 1833 1024; x_wconf 74' lang='lat' dir='ltr'>Scholasticis</span> <span class='ocrx_word' id='word_1_89' title='bbox 1858 981 2003 1024; x_wconf 91' lang='lat' dir='ltr'>cum</span> <span class='ocrx_word' id='word_1_90' title='bbox 2036 960 2271 1025; x_wconf 72' lang='lat' dir='ltr'>Thomu</span> <span class='ocrx_word' id='word_1_91' title='bbox 2296 962 2355 1025; x_wconf 90' lang='lat'>3.</span> <span class='ocrx_word' id='word_1_92' title='bbox 2380 973 2619 1046; x_wconf 79' lang='lat' dir='ltr'>quaest.</span> <span class='ocrx_word' id='word_1_93' title='bbox 2654 963 2757 1026; x_wconf 84' lang='lat'>52.</span> <span class='ocrx_word' id='word_1_94' title='bbox 2782 963 2957 1028; x_wconf 79' lang='lat' dir='ltr'>artic.</span> <span class='ocrx_word' id='word_1_95' title='bbox 2984 965 3045 1028; x_wconf 89' lang='grc'>4.</span> 
     </span>
     <span class='ocr_line' id='line_1_9' title="bbox 127 1044 3047 1134; baseline 0.001 -22"><span class='ocrx_word' id='word_1_96' title='bbox 127 1044 240 1112; x_wconf 88' lang='lat' dir='ltr'>Sed</span> <span class='ocrx_word' id='word_1_97' title='bbox 285 1051 737 1134; x_wconf 78' lang='lat' dir='ltr'>argumentum</span> <span class='ocrx_word' id='word_1_98' title='bbox 783 1047 861 1112; x_wconf 92' lang='lat' dir='ltr'>de</span> <span class='ocrx_word' id='word_1_99' title='bbox 907 1045 1229 1132; x_wconf 81' lang='lat' dir='ltr'>suffragiis</span> <span class='ocrx_word' id='word_1_100' title='bbox 1253 1068 1370 1130; x_wconf 87' lang='lat' dir='ltr'>pro</span> <span class='ocrx_word' id='word_1_101' title='bbox 1401 1046 1732 1129; x_wconf 80' lang='lat' dir='ltr'>quibusvis</span> <span class='ocrx_word' id='word_1_102' title='bbox 1763 1046 2054 1127; x_wconf 76' lang='lat' dir='ltr'>mortuiS,</span> <span class='ocrx_word' id='word_1_103' title='bbox 2080 1048 2247 1132; x_wconf 90' lang='lat' dir='ltr'>quod</span> <span class='ocrx_word' id='word_1_104' title='bbox 2273 1049 2538 1132; x_wconf 87' lang='lat' dir='ltr'>opponit</span> <span class='ocrx_word' id='word_1_105' title='bbox 2566 1049 2837 1130; x_wconf 80' lang='lat' dir='ltr'>Medina,</span> <span class='ocrx_word' id='word_1_106' title='bbox 2864 1053 2911 1118; x_wconf 80' lang='grc' dir='ltr'>8τ</span> <span class='ocrx_word' id='word_1_107' title='bbox 2935 1053 3047 1116; x_wconf 91' lang='lat' dir='ltr'>de-</span> 
     </span>
     <span class='ocr_line' id='line_1_10' title="bbox 127 1134 3041 1222; baseline 0.001 -22"><span class='ocrx_word' id='word_1_108' title='bbox 127 1139 374 1201; x_wconf 85' lang='lat' dir='ltr'>cantata</span> <span class='ocrx_word' id='word_1_109' title='bbox 427 1135 698 1200; x_wconf 87' lang='lat' dir='ltr'>historia</span> <span class='ocrx_word' id='word_1_110' title='bbox 736 1158 848 1200; x_wconf 89' lang='lat' dir='ltr'>seu</span> <span class='ocrx_word' id='word_1_111' title='bbox 872 1134 1093 1200; x_wconf 85' lang='lat' dir='ltr'>fabula</span> <span class='ocrx_word' id='word_1_112' title='bbox 1117 1135 1300 1221; x_wconf 87' lang='lat' dir='ltr'>[pag.</span> <span class='ocrx_word' id='word_1_113' title='bbox 1328 1135 1492 1222; x_wconf 83' lang='lat'>262]</span> <span class='ocrx_word' id='word_1_114' title='bbox 1527 1136 1602 1200; x_wconf 92' lang='lat' dir='ltr'>de</span> <span class='ocrx_word' id='word_1_115' title='bbox 1629 1134 1844 1200; x_wconf 89' lang='lat' dir='ltr'>anima</span> <span class='ocrx_word' id='word_1_116' title='bbox 1868 1137 2129 1218; x_wconf 86' lang='lat' dir='ltr'>Trajani</span> <span class='ocrx_word' id='word_1_117' title='bbox 2155 1159 2233 1200; x_wconf 83' lang='lat' dir='ltr'>ex</span> <span class='ocrx_word' id='word_1_118' title='bbox 2262 1136 2510 1202; x_wconf 87' lang='lat' dir='ltr'>inferno</span> <span class='ocrx_word' id='word_1_119' title='bbox 2542 1138 2833 1214; x_wconf 88' lang='lat' dir='ltr'>liberata,</span> <span class='ocrx_word' id='word_1_120' title='bbox 2870 1137 3041 1204; x_wconf 87' lang='lat' dir='ltr'>diffi-</span> 
     </span>
     <span class='ocr_line' id='line_1_11' title="bbox 129 1222 3046 1310; baseline 0.001 -20"><span class='ocrx_word' id='word_1_121' title='bbox 129 1225 424 1290; x_wconf 83' lang='lat' dir='ltr'>cultatem</span> <span class='ocrx_word' id='word_1_122' title='bbox 457 1224 614 1310; x_wconf 89' lang='lat' dir='ltr'>ipsis</span> <span class='ocrx_word' id='word_1_123' title='bbox 657 1223 849 1310; x_wconf 88' lang='lat' dir='ltr'>parit.</span> <span class='ocrx_word' id='word_1_124' title='bbox 897 1222 1210 1288; x_wconf 86' lang='lat' dir='ltr'>Similiter</span> <span class='ocrx_word' id='word_1_125' title='bbox 1265 1223 1430 1307; x_wconf 92' lang='lat' dir='ltr'>quod</span> <span class='ocrx_word' id='word_1_126' title='bbox 1477 1225 1558 1289; x_wconf 90' lang='lat' dir='ltr'>ad</span> <span class='ocrx_word' id='word_1_127' title='bbox 1596 1225 1941 1288; x_wconf 89' lang='lat' dir='ltr'>secundum</span> <span class='ocrx_word' id='word_1_128' title='bbox 1966 1224 2339 1296; x_wconf 83' lang='lat' dir='ltr'>membrum,</span> <span class='ocrx_word' id='word_1_129' title='bbox 2368 1248 2493 1290; x_wconf 90' lang='lat' dir='ltr'>non</span> <span class='ocrx_word' id='word_1_130' title='bbox 2520 1226 2677 1290; x_wconf 88' lang='lat' dir='ltr'>levis</span> <span class='ocrx_word' id='word_1_131' title='bbox 2702 1226 3046 1294; x_wconf 88' lang='lat' dir='ltr'>difficultas</span> 
     </span>
     <span class='ocr_line' id='line_1_12' title="bbox 126 1311 3044 1401; baseline 0.002 -25"><span class='ocrx_word' id='word_1_132' title='bbox 126 1313 274 1397; x_wconf 86' lang='lat' dir='ltr'>ipsis</span> <span class='ocrx_word' id='word_1_133' title='bbox 322 1313 582 1398; x_wconf 82' lang='lat' dir='ltr'>exurgit</span> <span class='ocrx_word' id='word_1_134' title='bbox 628 1335 705 1377; x_wconf 83' lang='lat' dir='ltr'>ex</span> <span class='ocrx_word' id='word_1_135' title='bbox 750 1312 997 1378; x_wconf 75' lang='lat' dir='ltr'>‘missali</span> <span class='ocrx_word' id='word_1_136' title='bbox 1019 1312 1277 1397; x_wconf 76' lang='lat' dir='ltr'>antiquo</span> <span class='ocrx_word' id='word_1_137' title='bbox 1309 1313 1529 1396; x_wconf 87' lang='lat' dir='ltr'>(supra</span> <span class='ocrx_word' id='word_1_138' title='bbox 1552 1312 1736 1376; x_wconf 90' lang='lat' dir='ltr'>nobis</span> <span class='ocrx_word' id='word_1_139' title='bbox 1760 1313 1898 1396; x_wconf 89' lang='lat' dir='ltr'>cit.)</span> <span class='ocrx_word' id='word_1_140' title='bbox 1924 1312 2034 1377; x_wconf 91' lang='lat' dir='ltr'>ubi</span> <span class='ocrx_word' id='word_1_141' title='bbox 2058 1311 2258 1377; x_wconf 88' lang='lat' dir='ltr'>Missa</span> <span class='ocrx_word' id='word_1_142' title='bbox 2282 1335 2397 1398; x_wconf 84' lang='lat' dir='ltr'>pro</span> <span class='ocrx_word' id='word_1_143' title='bbox 2421 1313 2737 1390; x_wconf 87' lang='lat' dir='ltr'>defunct0,</span> <span class='ocrx_word' id='word_1_144' title='bbox 2766 1316 2842 1379; x_wconf 92' lang='lat' dir='ltr'>de</span> <span class='ocrx_word' id='word_1_145' title='bbox 2865 1318 3044 1401; x_wconf 87' lang='lat' dir='ltr'>cujus</span> 
     </span>
     <span class='ocr_line' id='line_1_13' title="bbox 123 1399 3044 1486; baseline 0.002 -22"><span class='ocrx_word' id='word_1_146' title='bbox 123 1405 286 1467; x_wconf 85' lang='lat' dir='ltr'>statu</span> <span class='ocrx_word' id='word_1_147' title='bbox 314 1402 666 1468; x_wconf 85' lang='lat' dir='ltr'>dubitatur.</span> <span class='ocrx_word' id='word_1_148' title='bbox 714 1400 947 1466; x_wconf 85' lang='lat' dir='ltr'>Confer</span> <span class='ocrx_word' id='word_1_149' title='bbox 993 1423 1186 1486; x_wconf 87' lang='lat' dir='ltr'>supra</span> <span class='ocrx_word' id='word_1_150' title='bbox 1225 1411 1392 1485; x_wconf 79' lang='lat' dir='ltr'>part.</span> <span class='ocrx_word' id='word_1_151' title='bbox 1428 1401 1479 1464; x_wconf 93' lang='lat' dir='ltr'>l.</span> <span class='ocrx_word' id='word_1_152' title='bbox 1529 1401 1730 1466; x_wconf 76' lang='lat' dir='ltr'>thesin</span> <span class='ocrx_word' id='word_1_153' title='bbox 1768 1401 1828 1465; x_wconf 87' lang='grc'>4.</span> <span class='ocrx_word' id='word_1_154' title='bbox 1863 1399 1979 1466; x_wconf 91' lang='lat' dir='ltr'>IV.</span> <span class='ocrx_word' id='word_1_155' title='bbox 2016 1401 2231 1468; x_wconf 73' lang='lat' dir='ltr'>Probe.</span> <span class='ocrx_word' id='word_1_156' title='bbox 2255 1401 2359 1466; x_wconf 90' lang='lat' dir='ltr'>An</span> <span class='ocrx_word' id='word_1_157' title='bbox 2384 1404 2649 1467; x_wconf 86' lang='lat' dir='ltr'>meritus</span> <span class='ocrx_word' id='word_1_158' title='bbox 2673 1403 2758 1468; x_wconf 91' lang='lat' dir='ltr'>sit</span> <span class='ocrx_word' id='word_1_159' title='bbox 2781 1403 3044 1469; x_wconf 86' lang='lat' dir='ltr'>infanti-</span> 
     </span>
     <span class='ocr_line' id='line_1_14' title="bbox 123 1487 3041 1576; baseline 0.001 -22"><span class='ocrx_word' id='word_1_160' title='bbox 123 1489 254 1570; x_wconf 86' lang='lat' dir='ltr'>bus,</span> <span class='ocrx_word' id='word_1_161' title='bbox 286 1491 428 1556; x_wconf 87' lang='lat' dir='ltr'>sine</span> <span class='ocrx_word' id='word_1_162' title='bbox 473 1489 794 1575; x_wconf 87' lang='lat' dir='ltr'>baptismo</span> <span class='ocrx_word' id='word_1_163' title='bbox 839 1489 1306 1555; x_wconf 87' lang='lat' dir='ltr'>discedentibus</span> <span class='ocrx_word' id='word_1_164' title='bbox 1334 1493 1364 1555; x_wconf 79' lang='lat'>:²</span> <span class='ocrx_word' id='word_1_165' title='bbox 1418 1490 1597 1574; x_wconf 75' lang='lat' dir='ltr'>Resp.</span> <span class='ocrx_word' id='word_1_166' title='bbox 1651 1487 1941 1554; x_wconf 84' lang='lat' dir='ltr'>Infantes</span> <span class='ocrx_word' id='word_1_167' title='bbox 1960 1489 2069 1554; x_wconf 88' lang='lat' dir='ltr'>hic</span> <span class='ocrx_word' id='word_1_168' title='bbox 2092 1489 2517 1576; x_wconf 89' lang='lat' dir='ltr'>intelligimus</span> <span class='ocrx_word' id='word_1_169' title='bbox 2541 1490 3041 1558; x_wconf 85' lang='lat' dir='ltr'>foederatorum:</span> 
     </span>
     <span class='ocr_line' id='line_1_15' title="bbox 124 1575 3046 1669; baseline 0.002 -27"><span class='ocrx_word' id='word_1_170' title='bbox 124 1575 212 1644; x_wconf 86' lang='lat' dir='ltr'>De</span> <span class='ocrx_word' id='word_1_171' title='bbox 257 1579 495 1664; x_wconf 86' lang='lat' dir='ltr'>quibus</span> <span class='ocrx_word' id='word_1_172' title='bbox 540 1581 714 1644; x_wconf 88' lang='lat' dir='ltr'>mota</span> <span class='ocrx_word' id='word_1_173' title='bbox 739 1579 1048 1662; x_wconf 81' lang='lat' dir='ltr'>quaestiO,</span> <span class='ocrx_word' id='word_1_174' title='bbox 1066 1579 1146 1643; x_wconf 89' lang='lat' dir='ltr'>ad</span> <span class='ocrx_word' id='word_1_175' title='bbox 1169 1578 1626 1644; x_wconf 81' lang='lat' dir='ltr'>controversias</span> <span class='ocrx_word' id='word_1_176' title='bbox 1649 1578 2032 1662; x_wconf 87' lang='lat' dir='ltr'>principales</span> <span class='ocrx_word' id='word_1_177' title='bbox 2057 1577 2415 1662; x_wconf 90' lang='lat' dir='ltr'>rejicienda.</span> <span class='ocrx_word' id='word_1_178' title='bbox 2464 1580 2701 1665; x_wconf 71' lang='lat' dir='ltr'>Neyam</span> <span class='ocrx_word' id='word_1_179' title='bbox 2724 1580 3046 1669; x_wconf 79' lang='lat' dir='ltr'>Pontificii</span> 
     </span>
     <span class='ocr_line' id='line_1_16' title="bbox 125 1665 3042 1752; baseline 0.001 -20"><span class='ocrx_word' id='word_1_180' title='bbox 125 1669 536 1734; x_wconf 87' lang='lat' dir='ltr'>communiter</span> <span class='ocrx_word' id='word_1_181' title='bbox 565 1689 710 1752; x_wconf 87' lang='lat' dir='ltr'>cum</span> <span class='ocrx_word' id='word_1_182' title='bbox 743 1667 981 1734; x_wconf 73' lang='lat' dir='ltr'>Thomu</span> <span class='ocrx_word' id='word_1_183' title='bbox 1009 1667 1097 1732; x_wconf 85' lang='lat' dir='ltr'>ad</span> <span class='ocrx_word' id='word_1_184' title='bbox 1142 1668 1202 1732; x_wconf 92' lang='lat'>3.</span> <span class='ocrx_word' id='word_1_185' title='bbox 1253 1677 1484 1752; x_wconf 76' lang='lat' dir='ltr'>quaest.</span> <span class='ocrx_word' id='word_1_186' title='bbox 1536 1667 1640 1729; x_wconf 86' lang='lat'>52.</span> <span class='ocrx_word' id='word_1_187' title='bbox 1688 1667 1863 1732; x_wconf 72' lang='lat' dir='ltr'>artic.</span> <span class='ocrx_word' id='word_1_188' title='bbox 1894 1667 1931 1730; x_wconf 86' lang='lat'><strong>7</strong></span> <span class='ocrx_word' id='word_1_189' title='bbox 1940 1717 1952 1730; x_wconf 92' lang='lat'>.</span> <span class='ocrx_word' id='word_1_190' title='bbox 1987 1665 2314 1732; x_wconf 87' lang='lat' dir='ltr'>Christum</span> <span class='ocrx_word' id='word_1_191' title='bbox 2346 1668 2593 1752; x_wconf 89' lang='lat' dir='ltr'>aliquos</span> <span class='ocrx_word' id='word_1_192' title='bbox 2624 1667 2903 1734; x_wconf 85' lang='lat' dir='ltr'>infantes</span> <span class='ocrx_word' id='word_1_193' title='bbox 2924 1672 3042 1735; x_wconf 90' lang='lat' dir='ltr'>sub</span> 
     </span>
     <span class='ocr_line' id='line_1_17' title="bbox 123 1753 3046 1840; baseline 0.001 -20"><span class='ocrx_word' id='word_1_194' title='bbox 123 1753 259 1823; x_wconf 89' lang='lat' dir='ltr'>Vet.</span> <span class='ocrx_word' id='word_1_195' title='bbox 309 1755 488 1822; x_wconf 84' lang='lat' dir='ltr'>Test.</span> <span class='ocrx_word' id='word_1_196' title='bbox 533 1778 678 1820; x_wconf 88' lang='lat' dir='ltr'>cum</span> <span class='ocrx_word' id='word_1_197' title='bbox 727 1759 988 1840; x_wconf 87' lang='lat' dir='ltr'>peccato</span> <span class='ocrx_word' id='word_1_198' title='bbox 1019 1754 1316 1840; x_wconf 85' lang='lat' dir='ltr'>originali</span> <span class='ocrx_word' id='word_1_199' title='bbox 1347 1760 1629 1820; x_wconf 88' lang='lat' dir='ltr'>mortuos</span> <span class='ocrx_word' id='word_1_200' title='bbox 1653 1777 1732 1819; x_wconf 83' lang='lat' dir='ltr'>ex</span> <span class='ocrx_word' id='word_1_201' title='bbox 1753 1754 2005 1820; x_wconf 85' lang='lat' dir='ltr'>inferno</span> <span class='ocrx_word' id='word_1_202' title='bbox 2030 1754 2353 1822; x_wconf 87' lang='lat' dir='ltr'>liberasse.</span> <span class='ocrx_word' id='word_1_203' title='bbox 2398 1755 2605 1822; x_wconf 87' lang='lat' dir='ltr'>Hodie</span> <span class='ocrx_word' id='word_1_204' title='bbox 2628 1758 3046 1823; x_wconf 91' lang='lat' dir='ltr'>communiter</span> 
     </span>
     <span class='ocr_line' id='line_1_18' title="bbox 125 1842 3043 1926; baseline 0.001 -18"><span class='ocrx_word' id='word_1_205' title='bbox 125 1843 246 1910; x_wconf 85' lang='lat' dir='ltr'>fere</span> <span class='ocrx_word' id='word_1_206' title='bbox 268 1845 508 1911; x_wconf 85' lang='lat' dir='ltr'>omissa</span> <span class='ocrx_word' id='word_1_207' title='bbox 528 1844 748 1910; x_wconf 72' lang='lat' dir='ltr'>fabula</span> <span class='ocrx_word' id='word_1_208' title='bbox 773 1844 849 1909; x_wconf 91' lang='lat' dir='ltr'>de</span> <span class='ocrx_word' id='word_1_209' title='bbox 873 1844 1072 1909; x_wconf 89' lang='lat' dir='ltr'>limbo</span> <span class='ocrx_word' id='word_1_210' title='bbox 1095 1842 1435 1922; x_wconf 87' lang='lat' dir='ltr'>infantum,</span> <span class='ocrx_word' id='word_1_211' title='bbox 1459 1865 1678 1908; x_wconf 85' lang='lat' dir='ltr'>omnes</span> <span class='ocrx_word' id='word_1_212' title='bbox 1701 1843 2013 1926; x_wconf 90' lang='lat' dir='ltr'>ejusmodi</span> <span class='ocrx_word' id='word_1_213' title='bbox 2034 1843 2311 1909; x_wconf 85' lang='lat' dir='ltr'>infantes</span> <span class='ocrx_word' id='word_1_214' title='bbox 2344 1846 2617 1910; x_wconf 86' lang='lat' dir='ltr'>aeternis</span> <span class='ocrx_word' id='word_1_215' title='bbox 2642 1845 2876 1911; x_wconf 86' lang='lat' dir='ltr'>inferni</span> <span class='ocrx_word' id='word_1_216' title='bbox 2900 1869 3043 1912; x_wconf 88' lang='lat' dir='ltr'>cru-</span> 
     </span>
     <span class='ocr_line' id='line_1_19' title="bbox 125 1931 3041 2019; baseline 0 -21"><span class='ocrx_word' id='word_1_217' title='bbox 125 1931 384 1999; x_wconf 85' lang='lat' dir='ltr'>ciatibus</span> <span class='ocrx_word' id='word_1_218' title='bbox 411 1933 794 2018; x_wconf 89' lang='lat' dir='ltr'>adjudicant,</span> <span class='ocrx_word' id='word_1_219' title='bbox 829 1935 874 1999; x_wconf 67' lang='lat' dir='ltr'>a</span> <span class='ocrx_word' id='word_1_220' title='bbox 897 1932 1048 1997; x_wconf 90' lang='lat' dir='ltr'>huic</span> <span class='ocrx_word' id='word_1_221' title='bbox 1070 1931 1356 2016; x_wconf 85' lang='lat' dir='ltr'>opinioni</span> <span class='ocrx_word' id='word_1_222' title='bbox 1379 1931 1889 2016; x_wconf 89' lang='lat' dir='ltr'>subscripserunt</span> <span class='ocrx_word' id='word_1_223' title='bbox 1920 1936 2069 1997; x_wconf 89' lang='lat' dir='ltr'>ante</span> <span class='ocrx_word' id='word_1_224' title='bbox 2091 1955 2327 2017; x_wconf 87' lang='lat' dir='ltr'>paucos</span> <span class='ocrx_word' id='word_1_225' title='bbox 2350 1955 2550 1998; x_wconf 87' lang='lat' dir='ltr'>annos</span> <span class='ocrx_word' id='word_1_226' title='bbox 2574 1933 2889 2019; x_wconf 87' lang='lat' dir='ltr'>Theologi</span> <span class='ocrx_word' id='word_1_227' title='bbox 2918 1933 3041 1999; x_wconf 87' lang='lat' dir='ltr'>Lo·</span> 
     </span>
     <span class='ocr_line' id='line_1_20' title="bbox 125 2019 3045 2105; baseline 0.001 -21"><span class='ocrx_word' id='word_1_228' title='bbox 125 2021 448 2088; x_wconf 81' lang='lat' dir='ltr'>vanienses</span> <span class='ocrx_word' id='word_1_229' title='bbox 494 2027 538 2084; x_wconf 71' lang='lat'>8:</span> <span class='ocrx_word' id='word_1_230' title='bbox 582 2020 889 2101; x_wconf 90' lang='lat' dir='ltr'>Duaceni,</span> <span class='ocrx_word' id='word_1_231' title='bbox 935 2021 1034 2086; x_wconf 90' lang='lat' dir='ltr'>uti</span> <span class='ocrx_word' id='word_1_232' title='bbox 1056 2020 1254 2086; x_wconf 86' lang='lat' dir='ltr'>refert</span> <span class='ocrx_word' id='word_1_233' title='bbox 1277 2019 1534 2085; x_wconf 89' lang='lat' dir='ltr'>libellus</span> <span class='ocrx_word' id='word_1_234' title='bbox 1556 2019 1820 2085; x_wconf 87' lang='lat' dir='ltr'>Lovanii</span> <span class='ocrx_word' id='word_1_235' title='bbox 1852 2043 2021 2086; x_wconf 87' lang='lat' dir='ltr'>anno</span> <span class='ocrx_word' id='word_1_236' title='bbox 2050 2019 2240 2087; x_wconf 85' lang='lat'>1641.</span> <span class='ocrx_word' id='word_1_237' title='bbox 2268 2021 2475 2086; x_wconf 89' lang='lat' dir='ltr'>editus</span> <span class='ocrx_word' id='word_1_238' title='bbox 2506 2022 2607 2087; x_wconf 89' lang='lat' dir='ltr'>tit.</span> <span class='ocrx_word' id='word_1_239' title='bbox 2639 2023 3045 2105; x_wconf 78' lang='lat' dir='ltr'>Querimonia</span> 
     </span>
     <span class='ocr_line' id='line_1_21' title="bbox 124 2107 3045 2196; baseline -0 -19"><span class='ocrx_word' id='word_1_240' title='bbox 124 2109 328 2177; x_wconf 79' lang='lat' dir='ltr'>Jacobi</span> <span class='ocrx_word' id='word_1_241' title='bbox 361 2111 580 2196; x_wconf 75' lang='lat' dir='ltr'>Zeqeri</span> <span class='ocrx_word' id='word_1_242' title='bbox 614 2108 726 2176; x_wconf 63' lang='lat'>80.</span> <span class='ocrx_word' id='word_1_243' title='bbox 771 2131 920 2196; x_wconf 73' lang='lat' dir='ltr'>paq.</span> <span class='ocrx_word' id='word_1_244' title='bbox 969 2110 1074 2181; x_wconf 86' lang='lat'>61.</span> <span class='ocrx_word' id='word_1_245' title='bbox 1121 2107 1246 2174; x_wconf 88' lang='lat' dir='ltr'>Sed</span> <span class='ocrx_word' id='word_1_246' title='bbox 1291 2108 1452 2174; x_wconf 86' lang='lat' dir='ltr'>haec</span> <span class='ocrx_word' id='word_1_247' title='bbox 1495 2108 1709 2193; x_wconf 85' lang='lat' dir='ltr'>opinio</span> <span class='ocrx_word' id='word_1_248' title='bbox 1756 2109 1913 2175; x_wconf 85' lang='lat' dir='ltr'>alibi</span> <span class='ocrx_word' id='word_1_249' title='bbox 1944 2109 2336 2175; x_wconf 84' lang='lat' dir='ltr'>excutienda.</span> <span class='ocrx_word' id='word_1_250' title='bbox 2384 2107 2635 2175; x_wconf 87' lang='lat' dir='ltr'>Sufficit</span> <span class='ocrx_word' id='word_1_251' title='bbox 2657 2109 2763 2175; x_wconf 91' lang='lat' dir='ltr'>hic</span> <span class='ocrx_word' id='word_1_252' title='bbox 2786 2116 3045 2194; x_wconf 87' lang='lat' dir='ltr'>propter</span> 
     </span>
     <span class='ocr_line' id='line_1_22' title="bbox 125 2195 3044 2287; baseline 0.001 -25"><span class='ocrx_word' id='word_1_253' title='bbox 125 2198 506 2265; x_wconf 82' lang='lat' dir='ltr'>affinitatem</span> <span class='ocrx_word' id='word_1_254' title='bbox 549 2198 856 2264; x_wconf 85' lang='lat' dir='ltr'>materiae</span> <span class='ocrx_word' id='word_1_255' title='bbox 903 2198 1232 2263; x_wconf 87' lang='lat' dir='ltr'>indicasse.</span> <span class='ocrx_word' id='word_1_256' title='bbox 1280 2195 1550 2262; x_wconf 88' lang='lat' dir='ltr'>Interim</span> <span class='ocrx_word' id='word_1_257' title='bbox 1593 2197 1929 2262; x_wconf 83' lang='lat' dir='ltr'>videantur</span> <span class='ocrx_word' id='word_1_258' title='bbox 1979 2199 2423 2282; x_wconf 72' lang='lat' dir='ltr'>Amaqonistae</span> <span class='ocrx_word' id='word_1_259' title='bbox 2455 2198 2948 2287; x_wconf 77' lang='lat' dir='ltr'>Pontificiorum,</span> <span class='ocrx_word' id='word_1_260' title='bbox 2973 2201 3044 2265; x_wconf 79' lang='lat' dir='ltr'>in</span> 
     </span>
     <span class='ocr_line' id='line_1_23' title="bbox 169 2284 3042 2372; baseline 0 -20"><span class='ocrx_word' id='word_1_261' title='bbox 169 2287 616 2367; x_wconf 76' lang='lat' dir='ltr'>uaeslionibus,</span> <span class='ocrx_word' id='word_1_262' title='bbox 641 2288 718 2352; x_wconf 81' lang='lat' dir='ltr'>de</span> <span class='ocrx_word' id='word_1_263' title='bbox 745 2286 983 2366; x_wconf 82' lang='lat' dir='ltr'>Limbo,</span> <span class='ocrx_word' id='word_1_264' title='bbox 1009 2288 1084 2352; x_wconf 84' lang='lat' dir='ltr'>de</span> <span class='ocrx_word' id='word_1_265' title='bbox 1106 2287 1424 2372; x_wconf 74' lang='lat' dir='ltr'>Baptismi</span> <span class='ocrx_word' id='word_1_266' title='bbox 1445 2287 1812 2352; x_wconf 76' lang='lat' dir='ltr'>necessitate.</span> <span class='ocrx_word' id='word_1_267' title='bbox 1845 2285 1928 2352; x_wconf 89' lang='lat' dir='ltr'>V.</span> <span class='ocrx_word' id='word_1_268' title='bbox 1973 2285 2182 2352; x_wconf 71' lang='lat' dir='ltr'>Probe.</span> <span class='ocrx_word' id='word_1_269' title='bbox 2214 2284 2321 2350; x_wconf 91' lang='lat' dir='ltr'>An</span> <span class='ocrx_word' id='word_1_270' title='bbox 2352 2286 2645 2353; x_wconf 87' lang='lat' dir='ltr'>Christus</span> <span class='ocrx_word' id='word_1_271' title='bbox 2668 2287 2932 2352; x_wconf 88' lang='lat' dir='ltr'>meritus</span> <span class='ocrx_word' id='word_1_272' title='bbox 2958 2288 3042 2353; x_wconf 91' lang='lat' dir='ltr'>sit</span> 
     </span>
     <span class='ocr_line' id='line_1_24' title="bbox 123 2309 3038 2463; baseline 0.001 -22"><span class='ocrx_word' id='word_1_273' title='bbox 123 2309 386 2463; x_wconf 65' lang='lat' dir='ltr'>Angelis</span> <span class='ocrx_word' id='word_1_274' title='bbox 406 2381 438 2445; x_wconf 77' lang='lat'>⁸?</span> <span class='ocrx_word' id='word_1_275' title='bbox 484 2377 667 2460; x_wconf 79' lang='lat' dir='ltr'>Resp.</span> <span class='ocrx_word' id='word_1_276' title='bbox 719 2377 778 2443; x_wconf 89' lang='lat'>1.</span> <span class='ocrx_word' id='word_1_277' title='bbox 815 2377 1018 2443; x_wconf 79' lang='lat' dir='ltr'>Concl.</span> <span class='ocrx_word' id='word_1_278' title='bbox 1052 2373 1151 2441; x_wconf 93' lang='lat' dir='ltr'>De</span> <span class='ocrx_word' id='word_1_279' title='bbox 1175 2373 1446 2461; x_wconf 78' lang='lat' dir='ltr'>Angelis</span> <span class='ocrx_word' id='word_1_280' title='bbox 1471 2375 1659 2441; x_wconf 88' lang='lat' dir='ltr'>malis</span> <span class='ocrx_word' id='word_1_281' title='bbox 1683 2374 1875 2441; x_wconf 90' lang='lat' dir='ltr'>hodie</span> <span class='ocrx_word' id='word_1_282' title='bbox 1899 2374 2095 2461; x_wconf 88' lang='lat' dir='ltr'>(quod</span> <span class='ocrx_word' id='word_1_283' title='bbox 2138 2374 2361 2459; x_wconf 85' lang='lat' dir='ltr'>sciam)</span> <span class='ocrx_word' id='word_1_284' title='bbox 2388 2376 2565 2441; x_wconf 89' lang='lat' dir='ltr'>nulla</span> <span class='ocrx_word' id='word_1_285' title='bbox 2596 2379 2693 2441; x_wconf 86' lang='lat' dir='ltr'>est</span> <span class='ocrx_word' id='word_1_286' title='bbox 2718 2376 3038 2461; x_wconf 86' lang='lat' dir='ltr'>quaestio:</span> 
     </span>
     <span class='ocr_line' id='line_1_25' title="bbox 119 2462 3039 2551; baseline -0 -20"><span class='ocrx_word' id='word_1_287' title='bbox 119 2466 162 2531; x_wconf 68' lang='grc' dir='ltr'>ἃ</span> <span class='ocrx_word' id='word_1_288' title='bbox 197 2489 392 2551; x_wconf 87' lang='lat' dir='ltr'>supra</span> <span class='ocrx_word' id='word_1_289' title='bbox 449 2466 785 2550; x_wconf 88' lang='lat' dir='ltr'>rejecimus</span> <span class='ocrx_word' id='word_1_290' title='bbox 831 2469 1161 2531; x_wconf 89' lang='lat' dir='ltr'>aeternum</span> <span class='ocrx_word' id='word_1_291' title='bbox 1184 2464 1344 2529; x_wconf 88' lang='lat' dir='ltr'>illud</span> <span class='ocrx_word' id='word_1_292' title='bbox 1366 2463 1798 2550; x_wconf 84' lang='lat' dir='ltr'>Euangelium</span> <span class='ocrx_word' id='word_1_293' title='bbox 1822 2462 2118 2549; x_wconf 83' lang='lat' dir='ltr'>Origenis</span> <span class='ocrx_word' id='word_1_294' title='bbox 2144 2464 2481 2550; x_wconf 89' lang='lat' dir='ltr'>(siquidem</span> <span class='ocrx_word' id='word_1_295' title='bbox 2504 2464 2664 2530; x_wconf 89' lang='lat' dir='ltr'>haec</span> <span class='ocrx_word' id='word_1_296' title='bbox 2686 2464 2883 2530; x_wconf 89' lang='lat' dir='ltr'>fuerit</span> <span class='ocrx_word' id='word_1_297' title='bbox 2906 2466 3039 2551; x_wconf 90' lang='lat' dir='ltr'>ejus</span> 
     </span>
     <span class='ocr_line' id='line_1_26' title="bbox 119 2552 3040 2638; baseline 0 -20"><span class='ocrx_word' id='word_1_298' title='bbox 119 2554 458 2638; x_wconf 85' lang='lat' dir='ltr'>sententia)</span> <span class='ocrx_word' id='word_1_299' title='bbox 508 2554 778 2619; x_wconf 87' lang='lat' dir='ltr'>diabolis</span> <span class='ocrx_word' id='word_1_300' title='bbox 825 2556 871 2620; x_wconf 66' lang='grc' dir='ltr'>ἃ</span> <span class='ocrx_word' id='word_1_301' title='bbox 917 2553 1232 2619; x_wconf 89' lang='lat' dir='ltr'>damnatis</span> <span class='ocrx_word' id='word_1_302' title='bbox 1277 2556 1423 2638; x_wconf 81' lang='lat' dir='ltr'>post</span> <span class='ocrx_word' id='word_1_303' title='bbox 1476 2552 1644 2618; x_wconf 90' lang='lat' dir='ltr'>diem</span> <span class='ocrx_word' id='word_1_304' title='bbox 1675 2552 1900 2638; x_wconf 91' lang='lat' dir='ltr'>judicii</span> <span class='ocrx_word' id='word_1_305' title='bbox 1952 2552 2442 2637; x_wconf 89' lang='lat' dir='ltr'>praedicandum</span> <span class='ocrx_word' id='word_1_306' title='bbox 2488 2554 2569 2618; x_wconf 88' lang='lat' dir='ltr'>ad</span> <span class='ocrx_word' id='word_1_307' title='bbox 2592 2554 2887 2619; x_wconf 87' lang='lat' dir='ltr'>salutem.</span> <span class='ocrx_word' id='word_1_308' title='bbox 2935 2553 3040 2619; x_wconf 92' lang='lat' dir='ltr'>Ad</span> 
     </span>
     <span class='ocr_line' id='line_1_27' title="bbox 123 2640 3037 2728; baseline 0 -19"><span class='ocrx_word' id='word_1_309' title='bbox 123 2642 553 2726; x_wconf 86' lang='lat' dir='ltr'>quaestionem</span> <span class='ocrx_word' id='word_1_310' title='bbox 585 2664 779 2727; x_wconf 89' lang='lat' dir='ltr'>quam</span> <span class='ocrx_word' id='word_1_311' title='bbox 826 2642 932 2708; x_wconf 87' lang='lat' dir='ltr'>hic</span> <span class='ocrx_word' id='word_1_312' title='bbox 977 2644 1236 2708; x_wconf 85' lang='lat' dir='ltr'>movent</span> <span class='ocrx_word' id='word_1_313' title='bbox 1264 2640 1625 2709; x_wconf 76' lang='lat' dir='ltr'>Scholastici</span> <span class='ocrx_word' id='word_1_314' title='bbox 1666 2642 1752 2707; x_wconf 84' lang='lat' dir='ltr'>ad</span> <span class='ocrx_word' id='word_1_315' title='bbox 1779 2642 1835 2707; x_wconf 94' lang='grc'>1.</span> <span class='ocrx_word' id='word_1_316' title='bbox 1862 2663 1967 2728; x_wconf 83' lang='lat' dir='ltr'>qu.</span> <span class='ocrx_word' id='word_1_317' title='bbox 2004 2640 2107 2706; x_wconf 88' lang='lat'>65.</span> <span class='ocrx_word' id='word_1_318' title='bbox 2134 2652 2253 2706; x_wconf 77' lang='lat' dir='ltr'>art.</span> <span class='ocrx_word' id='word_1_319' title='bbox 2290 2644 2350 2705; x_wconf 90' lang='grc'>2.</span> <span class='ocrx_word' id='word_1_320' title='bbox 2385 2664 2494 2708; x_wconf 83' lang='lat' dir='ltr'>cur</span> <span class='ocrx_word' id='word_1_321' title='bbox 2517 2641 2692 2707; x_wconf 83' lang='lat' dir='ltr'>Deus</span> <span class='ocrx_word' id='word_1_322' title='bbox 2714 2646 2966 2727; x_wconf 88' lang='lat' dir='ltr'>tempus</span> <span class='ocrx_word' id='word_1_323' title='bbox 2992 2643 3037 2709; x_wconf 66' lang='grc' dir='ltr'><strong><em>ἃ</em></strong></span> 
     </span>
     <span class='ocr_line' id='line_1_28' title="bbox 119 2730 3035 2816; baseline 0 -21"><span class='ocrx_word' id='word_1_324' title='bbox 119 2732 430 2797; x_wconf 82' lang='lat' dir='ltr'>auxilium</span> <span class='ocrx_word' id='word_1_325' title='bbox 453 2731 534 2797; x_wconf 87' lang='lat' dir='ltr'>ad</span> <span class='ocrx_word' id='word_1_326' title='bbox 555 2731 1011 2816; x_wconf 87' lang='lat' dir='ltr'>poenitentiam</span> <span class='ocrx_word' id='word_1_327' title='bbox 1039 2753 1164 2795; x_wconf 90' lang='lat' dir='ltr'>non</span> <span class='ocrx_word' id='word_1_328' title='bbox 1191 2730 1588 2810; x_wconf 88' lang='lat' dir='ltr'>concesserit,</span> <span class='ocrx_word' id='word_1_329' title='bbox 1613 2733 1755 2794; x_wconf 80' lang='lat' dir='ltr'>tuto</span> <span class='ocrx_word' id='word_1_330' title='bbox 1787 2730 1834 2795; x_wconf 72' lang='lat'>8:</span> <span class='ocrx_word' id='word_1_331' title='bbox 1862 2730 2058 2795; x_wconf 76' lang='lat' dir='ltr'>solide</span> <span class='ocrx_word' id='word_1_332' title='bbox 2083 2730 2447 2814; x_wconf 87' lang='lat' dir='ltr'>responderi</span> <span class='ocrx_word' id='word_1_333' title='bbox 2472 2753 2818 2810; x_wconf 77' lang='lat' dir='ltr'>censemuS,</span> <span class='ocrx_word' id='word_1_334' title='bbox 2869 2730 3035 2807; x_wconf 82' lang='lat' dir='ltr'>Quia</span> 
     </span>
     <span class='ocr_line' id='line_1_29' title="bbox 117 2817 3032 2905; baseline 0 -22"><span class='ocrx_word' id='word_1_335' title='bbox 117 2840 236 2884; x_wconf 92' lang='lat' dir='ltr'>non</span> <span class='ocrx_word' id='word_1_336' title='bbox 259 2820 497 2886; x_wconf 81' lang='lat' dir='ltr'>voluit:</span> <span class='ocrx_word' id='word_1_337' title='bbox 523 2820 620 2885; x_wconf 88' lang='lat' dir='ltr'>uti</span> <span class='ocrx_word' id='word_1_338' title='bbox 643 2819 1004 2905; x_wconf 86' lang='lat' dir='ltr'>colligimus</span> <span class='ocrx_word' id='word_1_339' title='bbox 1029 2842 1107 2884; x_wconf 83' lang='lat' dir='ltr'>ex</span> <span class='ocrx_word' id='word_1_340' title='bbox 1129 2824 1426 2903; x_wconf 71' lang='lat' dir='ltr'>suprema</span> <span class='ocrx_word' id='word_1_341' title='bbox 1454 2820 1500 2885; x_wconf 68' lang='lat' dir='ltr'>s</span> <span class='ocrx_word' id='word_1_342' title='bbox 1532 2817 1824 2884; x_wconf 76' lang='lat' dir='ltr'>absoluta</span> <span class='ocrx_word' id='word_1_343' title='bbox 1847 2818 2166 2896; x_wconf 87' lang='lat' dir='ltr'>libertate,</span> <span class='ocrx_word' id='word_1_344' title='bbox 2192 2822 2530 2901; x_wconf 82' lang='lat' dir='ltr'>potestate,</span> <span class='ocrx_word' id='word_1_345' title='bbox 2573 2819 2853 2885; x_wconf 88' lang='lat' dir='ltr'>dominio</span> <span class='ocrx_word' id='word_1_346' title='bbox 2878 2818 3032 2895; x_wconf 85' lang='lat' dir='ltr'>Dei;</span> 
     </span>
     <span class='ocr_line' id='line_1_30' title="bbox 117 2906 3035 2992; baseline 0 -20"><span class='ocrx_word' id='word_1_347' title='bbox 117 2929 273 2991; x_wconf 84' lang='lat' dir='ltr'>quae</span> <span class='ocrx_word' id='word_1_348' title='bbox 317 2909 599 2975; x_wconf 83' lang='lat' dir='ltr'>inculcat</span> <span class='ocrx_word' id='word_1_349' title='bbox 647 2906 993 2992; x_wconf 82' lang='lat' dir='ltr'>Apostolus</span> <span class='ocrx_word' id='word_1_350' title='bbox 1036 2908 1217 2975; x_wconf 83' lang='lat' dir='ltr'>Rom.</span> <span class='ocrx_word' id='word_1_351' title='bbox 1252 2907 1317 2972; x_wconf 88' lang='grc'>9.</span> <span class='ocrx_word' id='word_1_352' title='bbox 1338 2928 1394 2972; x_wconf 89' lang='grc' dir='ltr'>υ.</span> <span class='ocrx_word' id='word_1_353' title='bbox 1425 2906 1528 2972; x_wconf 90' lang='grc'><strong>18.</strong></span> <span class='ocrx_word' id='word_1_354' title='bbox 1555 2908 1663 2974; x_wconf 90' lang='grc'>20.</span> <span class='ocrx_word' id='word_1_355' title='bbox 1687 2908 1732 2973; x_wconf 65' lang='grc' dir='ltr'>ἃ</span> <span class='ocrx_word' id='word_1_356' title='bbox 1763 2908 1865 2972; x_wconf 93' lang='grc'>11.</span> <span class='ocrx_word' id='word_1_357' title='bbox 1904 2929 1959 2972; x_wconf 90' lang='grc' dir='ltr'>υ.</span> <span class='ocrx_word' id='word_1_358' title='bbox 1988 2907 2095 2974; x_wconf 88' lang='grc'>35.</span> <span class='ocrx_word' id='word_1_359' title='bbox 2120 2908 2278 2992; x_wconf 76' lang='grc' dir='ltr'><strong>Ερὴ.</strong></span> <span class='ocrx_word' id='word_1_360' title='bbox 2312 2906 2367 2973; x_wconf 95' lang='grc'>1.</span> <span class='ocrx_word' id='word_1_361' title='bbox 2395 2930 2449 2973; x_wconf 90' lang='grc' dir='ltr'>υ.</span> <span class='ocrx_word' id='word_1_362' title='bbox 2485 2909 2589 2973; x_wconf 94' lang='grc'>11.</span> <span class='ocrx_word' id='word_1_363' title='bbox 2614 2906 2703 2973; x_wconf 81' lang='lat' dir='ltr'>Et</span> <span class='ocrx_word' id='word_1_364' title='bbox 2734 2906 3035 2973; x_wconf 85' lang='lat' dir='ltr'>Servator</span> 
     </span>
     <span class='ocr_line' id='line_1_31' title="bbox 120 2995 3037 3073; baseline -0 -12"><span class='ocrx_word' id='word_1_365' title='bbox 120 2996 329 3063; x_wconf 77' lang='lat' dir='ltr'>Maleh.</span> <span class='ocrx_word' id='word_1_366' title='bbox 391 2997 492 3062; x_wconf 93' lang='grc'>11.</span> <span class='ocrx_word' id='word_1_367' title='bbox 538 3017 696 3063; x_wconf 81' lang='lat' dir='ltr'>vers.</span> <span class='ocrx_word' id='word_1_368' title='bbox 732 2997 838 3063; x_wconf 83' lang='lat'>27.</span> <span class='ocrx_word' id='word_1_369' title='bbox 863 2995 1040 3062; x_wconf 91' lang='lat' dir='ltr'>Haec</span> <span class='ocrx_word' id='word_1_370' title='bbox 1063 2995 1426 3061; x_wconf 87' lang='lat' dir='ltr'>indubitata</span> <span class='ocrx_word' id='word_1_371' title='bbox 1454 2995 1774 3061; x_wconf 83' lang='lat' dir='ltr'>axiomata</span> <span class='ocrx_word' id='word_1_372' title='bbox 1796 2996 1992 3060; x_wconf 89' lang='lat' dir='ltr'>etiam</span> <span class='ocrx_word' id='word_1_373' title='bbox 2015 2996 2281 3073; x_wconf 88' lang='lat' dir='ltr'>ratione,</span> <span class='ocrx_word' id='word_1_374' title='bbox 2309 2999 2353 3062; x_wconf 67' lang='lat' dir='ltr'>a</span> <span class='ocrx_word' id='word_1_375' title='bbox 2380 3019 2456 3061; x_wconf 83' lang='lat' dir='ltr'>ex</span> <span class='ocrx_word' id='word_1_376' title='bbox 2488 2996 2729 3061; x_wconf 90' lang='lat' dir='ltr'>lumine</span> <span class='ocrx_word' id='word_1_377' title='bbox 2754 2997 3037 3062; x_wconf 85' lang='lat' dir='ltr'>naturali</span> 
     </span>
     <span class='ocr_line' id='line_1_32' title="bbox 117 3083 3038 3168; baseline 0 -19"><span class='ocrx_word' id='word_1_378' title='bbox 117 3088 330 3151; x_wconf 87' lang='lat' dir='ltr'>contra</span> <span class='ocrx_word' id='word_1_379' title='bbox 374 3108 594 3151; x_wconf 91' lang='lat' dir='ltr'>omnes</span> <span class='ocrx_word' id='word_1_380' title='bbox 647 3084 1040 3151; x_wconf 87' lang='lat' dir='ltr'>adversarios</span> <span class='ocrx_word' id='word_1_381' title='bbox 1085 3084 1242 3149; x_wconf 86' lang='lat' dir='ltr'>satis</span> <span class='ocrx_word' id='word_1_382' title='bbox 1289 3106 1604 3168; x_wconf 85' lang='lat' dir='ltr'>superque</span> <span class='ocrx_word' id='word_1_383' title='bbox 1657 3084 1911 3149; x_wconf 71' lang='lat' dir='ltr'>defendi</span> <span class='ocrx_word' id='word_1_384' title='bbox 1958 3088 2242 3168; x_wconf 79' lang='lat' dir='ltr'>possunt.</span> <span class='ocrx_word' id='word_1_385' title='bbox 2268 3083 2611 3149; x_wconf 87' lang='lat' dir='ltr'>Rationem</span> <span class='ocrx_word' id='word_1_386' title='bbox 2634 3084 3038 3160; x_wconf 85' lang='lat' dir='ltr'>discriminis,</span> 
     </span>
     <span class='ocr_line' id='line_1_33' title="bbox 127 3172 3037 3259; baseline 0 -21"><span class='ocrx_word' id='word_1_387' title='bbox 127 3173 392 3240; x_wconf 74' lang='lat' dir='ltr'>Thomas</span> <span class='ocrx_word' id='word_1_388' title='bbox 433 3174 542 3240; x_wconf 84' lang='lat' dir='ltr'>loc.</span> <span class='ocrx_word' id='word_1_389' title='bbox 589 3175 688 3241; x_wconf 80' lang='lat' dir='ltr'>cit.</span> <span class='ocrx_word' id='word_1_390' title='bbox 737 3196 880 3239; x_wconf 88' lang='lat' dir='ltr'>cum</span> <span class='ocrx_word' id='word_1_391' title='bbox 935 3172 1314 3257; x_wconf 88' lang='lat' dir='ltr'>sequacibus</span> <span class='ocrx_word' id='word_1_392' title='bbox 1360 3173 1491 3237; x_wconf 89' lang='lat' dir='ltr'>suis</span> <span class='ocrx_word' id='word_1_393' title='bbox 1514 3172 1680 3237; x_wconf 87' lang='lat' dir='ltr'>hanc</span> <span class='ocrx_word' id='word_1_394' title='bbox 1703 3172 2014 3251; x_wconf 88' lang='lat' dir='ltr'>obtendit,</span> <span class='ocrx_word' id='word_1_395' title='bbox 2040 3172 2211 3257; x_wconf 92' lang='lat' dir='ltr'>quod</span> <span class='ocrx_word' id='word_1_396' title='bbox 2235 3172 2523 3259; x_wconf 89' lang='lat' dir='ltr'>Angelus</span> <span class='ocrx_word' id='word_1_397' title='bbox 2555 3176 2671 3238; x_wconf 78' lang='lat' dir='ltr'>sua</span> <span class='ocrx_word' id='word_1_398' title='bbox 2692 3177 2923 3238; x_wconf 79' lang='lat' dir='ltr'>natura</span> <span class='ocrx_word' id='word_1_399' title='bbox 2944 3174 3037 3238; x_wconf 91' lang='lat' dir='ltr'>in·</span> 
     </span>
     <span class='ocr_line' id='line_1_34' title="bbox 117 3259 3037 3347; baseline 0 -22"><span class='ocrx_word' id='word_1_400' title='bbox 117 3260 412 3328; x_wconf 82' lang='lat' dir='ltr'>flexibilis</span> <span class='ocrx_word' id='word_1_401' title='bbox 446 3262 532 3327; x_wconf 90' lang='lat' dir='ltr'>sit</span> <span class='ocrx_word' id='word_1_402' title='bbox 577 3264 623 3329; x_wconf 70' lang='lat'>8⁵</span> <span class='ocrx_word' id='word_1_403' title='bbox 666 3262 792 3326; x_wconf 76' lang='lat' dir='ltr'>fixe</span> <span class='ocrx_word' id='word_1_404' title='bbox 824 3283 898 3327; x_wconf 90' lang='lat' dir='ltr'>ac</span> <span class='ocrx_word' id='word_1_405' title='bbox 921 3260 1334 3327; x_wconf 84' lang='lat' dir='ltr'>immobiliter</span> <span class='ocrx_word' id='word_1_406' title='bbox 1358 3261 1701 3325; x_wconf 88' lang='lat' dir='ltr'>adhaereat</span> <span class='ocrx_word' id='word_1_407' title='bbox 1725 3260 1804 3339; x_wconf 91' lang='lat' dir='ltr'>ei,</span> <span class='ocrx_word' id='word_1_408' title='bbox 1829 3260 1998 3345; x_wconf 91' lang='lat' dir='ltr'>quod</span> <span class='ocrx_word' id='word_1_409' title='bbox 2022 3259 2216 3325; x_wconf 86' lang='lat' dir='ltr'>semel</span> <span class='ocrx_word' id='word_1_410' title='bbox 2242 3261 2460 3347; x_wconf 89' lang='lat' dir='ltr'>elegit,</span> <span class='ocrx_word' id='word_1_411' title='bbox 2486 3260 2578 3326; x_wconf 87' lang='lat' dir='ltr'>ita</span> <span class='ocrx_word' id='word_1_412' title='bbox 2602 3266 2675 3326; x_wconf 90' lang='lat' dir='ltr'>ut</span> <span class='ocrx_word' id='word_1_413' title='bbox 2698 3262 2921 3327; x_wconf 90' lang='lat' dir='ltr'>electio</span> <span class='ocrx_word' id='word_1_414' title='bbox 2956 3263 3037 3327; x_wconf 87' lang='lat' dir='ltr'>ab</span> 
     </span>
     <span class='ocr_line' id='line_1_35' title="bbox 116 3348 3035 3435; baseline 0 -22"><span class='ocrx_word' id='word_1_415' title='bbox 116 3348 222 3415; x_wconf 90' lang='lat' dir='ltr'>illo</span> <span class='ocrx_word' id='word_1_416' title='bbox 243 3350 444 3417; x_wconf 90' lang='lat' dir='ltr'>semel</span> <span class='ocrx_word' id='word_1_417' title='bbox 469 3350 641 3416; x_wconf 85' lang='lat' dir='ltr'>facta</span> <span class='ocrx_word' id='word_1_418' title='bbox 663 3350 902 3415; x_wconf 88' lang='lat' dir='ltr'>mutari</span> <span class='ocrx_word' id='word_1_419' title='bbox 916 3372 1044 3415; x_wconf 89' lang='lat' dir='ltr'>non</span> <span class='ocrx_word' id='word_1_420' title='bbox 1074 3350 1310 3435; x_wconf 88' lang='lat' dir='ltr'>possit:</span> <span class='ocrx_word' id='word_1_421' title='bbox 1338 3349 1514 3434; x_wconf 86' lang='lat' dir='ltr'>cujus</span> <span class='ocrx_word' id='word_1_422' title='bbox 1539 3350 1704 3417; x_wconf 88' lang='lat' dir='ltr'>ratio</span> <span class='ocrx_word' id='word_1_423' title='bbox 1729 3349 1833 3428; x_wconf 90' lang='lat' dir='ltr'>sit,</span> <span class='ocrx_word' id='word_1_424' title='bbox 1868 3348 2031 3432; x_wconf 92' lang='lat' dir='ltr'>quod</span> <span class='ocrx_word' id='word_1_425' title='bbox 2058 3349 2351 3414; x_wconf 80' lang='lat' dir='ltr'>voluntas</span> <span class='ocrx_word' id='word_1_426' title='bbox 2385 3354 2714 3415; x_wconf 86' lang='lat' dir='ltr'>moveatur</span> <span class='ocrx_word' id='word_1_427' title='bbox 2739 3349 2818 3413; x_wconf 88' lang='lat' dir='ltr'>ab</span> <span class='ocrx_word' id='word_1_428' title='bbox 2846 3349 3035 3414; x_wconf 91' lang='lat' dir='ltr'>intel-</span> 
     </span>
     <span class='ocr_line' id='line_1_36' title="bbox 118 3436 3039 3523; baseline 0 -22"><span class='ocrx_word' id='word_1_429' title='bbox 118 3437 281 3504; x_wconf 90' lang='lat' dir='ltr'>lectu</span> <span class='ocrx_word' id='word_1_430' title='bbox 305 3462 420 3504; x_wconf 89' lang='lat' dir='ltr'>seu</span> <span class='ocrx_word' id='word_1_431' title='bbox 442 3438 680 3523; x_wconf 91' lang='lat' dir='ltr'>judicio</span> <span class='ocrx_word' id='word_1_432' title='bbox 703 3438 982 3523; x_wconf 86' lang='lat' dir='ltr'>practico</span> <span class='ocrx_word' id='word_1_433' title='bbox 1009 3462 1024 3515; x_wconf 92' lang='lat'>;</span> <span class='ocrx_word' id='word_1_434' title='bbox 1066 3438 1246 3523; x_wconf 90' lang='lat' dir='ltr'>atqui</span> <span class='ocrx_word' id='word_1_435' title='bbox 1263 3437 1571 3523; x_wconf 91' lang='lat' dir='ltr'>judicium</span> <span class='ocrx_word' id='word_1_436' title='bbox 1597 3438 1836 3523; x_wconf 87' lang='lat' dir='ltr'>Angeli</span> <span class='ocrx_word' id='word_1_437' title='bbox 1866 3459 2191 3521; x_wconf 88' lang='lat' dir='ltr'>nunquam</span> <span class='ocrx_word' id='word_1_438' title='bbox 2216 3438 2453 3502; x_wconf 88' lang='lat' dir='ltr'>mutari</span> <span class='ocrx_word' id='word_1_439' title='bbox 2478 3442 2688 3522; x_wconf 90' lang='lat' dir='ltr'>potest</span> <span class='ocrx_word' id='word_1_440' title='bbox 2719 3440 2843 3523; x_wconf 87' lang='lat' dir='ltr'>(est</span> <span class='ocrx_word' id='word_1_441' title='bbox 2868 3436 3039 3502; x_wconf 90' lang='lat' dir='ltr'>enim</span> 
     </span>
     <span class='ocr_line' id='line_1_37' title="bbox 116 3523 3037 3612; baseline 0 -22"><span class='ocrx_word' id='word_1_442' title='bbox 116 3526 246 3592; x_wconf 87' lang='lat' dir='ltr'>sine</span> <span class='ocrx_word' id='word_1_443' title='bbox 278 3527 608 3608; x_wconf 88' lang='lat' dir='ltr'>discursu),</span> <span class='ocrx_word' id='word_1_444' title='bbox 633 3549 788 3612; x_wconf 89' lang='lat' dir='ltr'>ergo</span> <span class='ocrx_word' id='word_1_445' title='bbox 809 3550 926 3593; x_wconf 91' lang='lat' dir='ltr'>nec</span> <span class='ocrx_word' id='word_1_446' title='bbox 950 3527 1174 3592; x_wconf 87' lang='lat' dir='ltr'>electio</span> <span class='ocrx_word' id='word_1_447' title='bbox 1196 3526 1563 3591; x_wconf 84' lang='lat' dir='ltr'>voluntatis.</span> <span class='ocrx_word' id='word_1_448' title='bbox 1611 3523 1736 3591; x_wconf 88' lang='lat' dir='ltr'>Sed</span> <span class='ocrx_word' id='word_1_449' title='bbox 1761 3528 1873 3591; x_wconf 87' lang='lat' dir='ltr'>has</span> <span class='ocrx_word' id='word_1_450' title='bbox 1905 3526 2072 3590; x_wconf 88' lang='lat' dir='ltr'>male</span> <span class='ocrx_word' id='word_1_451' title='bbox 2104 3530 2398 3591; x_wconf 87' lang='lat' dir='ltr'>consutas</span> <span class='ocrx_word' id='word_1_452' title='bbox 2432 3525 2911 3610; x_wconf 84' lang='lat' dir='ltr'>consequentias</span> <span class='ocrx_word' id='word_1_453' title='bbox 2936 3548 3037 3591; x_wconf 89' lang='lat' dir='ltr'>re-</span> 
     </span>
     <span class='ocr_line' id='line_1_38' title="bbox 115 3612 3038 3696; baseline 0 -18"><span class='ocrx_word' id='word_1_454' title='bbox 115 3612 325 3681; x_wconf 81' lang='lat' dir='ltr'>futant</span> <span class='ocrx_word' id='word_1_455' title='bbox 347 3616 586 3695; x_wconf 79' lang='lat' dir='ltr'>Scotus,</span> <span class='ocrx_word' id='word_1_456' title='bbox 617 3616 1000 3696; x_wconf 73' lang='lat' dir='ltr'>Dav-andus,</span> <span class='ocrx_word' id='word_1_457' title='bbox 1028 3616 1497 3695; x_wconf 75' lang='lat' dir='ltr'>Bonaventura,</span> <span class='ocrx_word' id='word_1_458' title='bbox 1528 3615 1877 3683; x_wconf 67' lang='lat' dir='ltr'>Biclaro-dus</span> <span class='ocrx_word' id='word_1_459' title='bbox 1907 3613 2018 3679; x_wconf 65' lang='lat' dir='ltr'>aa.</span> <span class='ocrx_word' id='word_1_460' title='bbox 2060 3613 2148 3677; x_wconf 84' lang='lat' dir='ltr'>Et</span> <span class='ocrx_word' id='word_1_461' title='bbox 2173 3636 2250 3678; x_wconf 87' lang='lat' dir='ltr'>ex</span> <span class='ocrx_word' id='word_1_462' title='bbox 2274 3614 2725 3679; x_wconf 86' lang='lat' dir='ltr'>recentioribus</span> <span class='ocrx_word' id='word_1_463' title='bbox 2750 3616 3038 3680; x_wconf 56' lang='lat' dir='ltr'>Bet-anus</span> 
     </span>
     <span class='ocr_line' id='line_1_39' title="bbox 114 3698 3039 3789; baseline -0.001 -20"><span class='ocrx_word' id='word_1_464' title='bbox 114 3716 272 3785; x_wconf 78' lang='lat' dir='ltr'>part.</span> <span class='ocrx_word' id='word_1_465' title='bbox 323 3704 382 3769; x_wconf 91' lang='lat'>1.</span> <span class='ocrx_word' id='word_1_466' title='bbox 425 3704 626 3771; x_wconf 80' lang='lat' dir='ltr'>Theol.</span> <span class='ocrx_word' id='word_1_467' title='bbox 678 3704 878 3771; x_wconf 80' lang='lat' dir='ltr'>Schol.</span> <span class='ocrx_word' id='word_1_468' title='bbox 924 3716 1072 3769; x_wconf 80' lang='lat' dir='ltr'>tom.</span> <span class='ocrx_word' id='word_1_469' title='bbox 1117 3704 1175 3768; x_wconf 94' lang='grc'>1.</span> <span class='ocrx_word' id='word_1_470' title='bbox 1205 3715 1376 3769; x_wconf 72' lang='lat' dir='ltr'>tract.</span> <span class='ocrx_word' id='word_1_471' title='bbox 1407 3706 1465 3768; x_wconf 82' lang='lat'>3.</span> <span class='ocrx_word' id='word_1_472' title='bbox 1498 3724 1548 3768; x_wconf 85' lang='grc'>0.</span> <span class='ocrx_word' id='word_1_473' title='bbox 1576 3704 1638 3768; x_wconf 89' lang='lat'>4.</span> <span class='ocrx_word' id='word_1_474' title='bbox 1665 3724 1769 3789; x_wconf 83' lang='lat' dir='ltr'>qu.</span> <span class='ocrx_word' id='word_1_475' title='bbox 1799 3704 1903 3767; x_wconf 90' lang='grc'>12.</span> <span class='ocrx_word' id='word_1_476' title='bbox 1954 3698 2292 3766; x_wconf 88' lang='lat' dir='ltr'>Rationem</span> <span class='ocrx_word' id='word_1_477' title='bbox 2318 3702 2513 3767; x_wconf 84' lang='lat' dir='ltr'>aliam</span> <span class='ocrx_word' id='word_1_478' title='bbox 2537 3702 3039 3767; x_wconf 86' lang='lat' dir='ltr'>comminiscitur</span> 
     </span>
     <span class='ocr_line' id='line_1_40' title="bbox 117 3790 3039 3877; baseline -0.001 -20"><span class='ocrx_word' id='word_1_479' title='bbox 117 3790 461 3872; x_wconf 78' lang='lat' dir='ltr'>Salmeron,</span> <span class='ocrx_word' id='word_1_480' title='bbox 511 3792 692 3869; x_wconf 83' lang='lat' dir='ltr'>Quod</span> <span class='ocrx_word' id='word_1_481' title='bbox 731 3792 908 3857; x_wconf 89' lang='lat' dir='ltr'>Deus</span> <span class='ocrx_word' id='word_1_482' title='bbox 961 3792 1070 3857; x_wconf 92' lang='lat' dir='ltr'>diu</span> <span class='ocrx_word' id='word_1_483' title='bbox 1115 3792 1482 3857; x_wconf 82' lang='lat' dir='ltr'>invitaverit</span> <span class='ocrx_word' id='word_1_484' title='bbox 1521 3791 1806 3877; x_wconf 86' lang='lat' dir='ltr'>Angelos</span> <span class='ocrx_word' id='word_1_485' title='bbox 1836 3792 2049 3875; x_wconf 88' lang='lat' dir='ltr'>lapsos</span> <span class='ocrx_word' id='word_1_486' title='bbox 2075 3790 2155 3856; x_wconf 87' lang='lat' dir='ltr'>ad</span> <span class='ocrx_word' id='word_1_487' title='bbox 2182 3790 2662 3874; x_wconf 83' lang='lat' dir='ltr'>poenitentiam,</span> <span class='ocrx_word' id='word_1_488' title='bbox 2695 3794 3039 3875; x_wconf 87' lang='lat' dir='ltr'>antequam</span> 
     </span>
     <span class='ocr_line' id='line_1_41' title="bbox 117 3878 3033 3965; baseline -0 -20"><span class='ocrx_word' id='word_1_489' title='bbox 117 3900 216 3945; x_wconf 88' lang='lat' dir='ltr'>eos</span> <span class='ocrx_word' id='word_1_490' title='bbox 263 3884 300 3945; x_wconf 75' lang='grc' dir='ltr'>ὲ</span> <span class='ocrx_word' id='word_1_491' title='bbox 347 3881 521 3947; x_wconf 90' lang='lat' dir='ltr'>coelo</span> <span class='ocrx_word' id='word_1_492' title='bbox 553 3881 828 3965; x_wconf 85' lang='lat' dir='ltr'>ejiceret.</span> <span class='ocrx_word' id='word_1_493' title='bbox 877 3878 1003 3945; x_wconf 91' lang='lat' dir='ltr'>Sed</span> <span class='ocrx_word' id='word_1_494' title='bbox 1049 3904 1190 3946; x_wconf 88' lang='lat' dir='ltr'>eam</span> <span class='ocrx_word' id='word_1_495' title='bbox 1245 3880 1473 3945; x_wconf 87' lang='lat' dir='ltr'>merito</span> <span class='ocrx_word' id='word_1_496' title='bbox 1517 3880 1725 3965; x_wconf 86' lang='lat' dir='ltr'>rejicit</span> <span class='ocrx_word' id='word_1_497' title='bbox 1767 3880 2043 3965; x_wconf 76' lang='lat' dir='ltr'>Arriaqa</span> <span class='ocrx_word' id='word_1_498' title='bbox 2065 3880 2271 3963; x_wconf 80' lang='lat' dir='ltr'>dispp.</span> <span class='ocrx_word' id='word_1_499' title='bbox 2296 3880 2367 3944; x_wconf 81' lang='lat' dir='ltr'>in</span> <span class='ocrx_word' id='word_1_500' title='bbox 2402 3880 2459 3945; x_wconf 93' lang='lat'>1.</span> <span class='ocrx_word' id='word_1_501' title='bbox 2496 3879 2768 3947; x_wconf 81' lang='lat' dir='ltr'>Thomae</span> <span class='ocrx_word' id='word_1_502' title='bbox 2799 3891 2945 3945; x_wconf 74' lang='lat' dir='ltr'>tom.</span> <span class='ocrx_word' id='word_1_503' title='bbox 2974 3880 3033 3944; x_wconf 93' lang='grc'><strong>2.</strong></span> 
     </span>
     <span class='ocr_line' id='line_1_42' title="bbox 117 3966 3034 4054; baseline -0 -22"><span class='ocrx_word' id='word_1_504' title='bbox 117 3968 275 4054; x_wconf 75' lang='lat' dir='ltr'>disp.</span> <span class='ocrx_word' id='word_1_505' title='bbox 327 3969 434 4035; x_wconf 84' lang='lat'>25.</span> <span class='ocrx_word' id='word_1_506' title='bbox 467 3981 604 4035; x_wconf 75' lang='lat' dir='ltr'>sect.</span> <span class='ocrx_word' id='word_1_507' title='bbox 635 3970 692 4033; x_wconf 91' lang='lat'>1.</span> <span class='ocrx_word' id='word_1_508' title='bbox 727 3969 814 4033; x_wconf 85' lang='lat' dir='ltr'>Et</span> <span class='ocrx_word' id='word_1_509' title='bbox 841 3972 1108 4037; x_wconf 80' lang='lat' dir='ltr'>Zuarez.</span> <span class='ocrx_word' id='word_1_510' title='bbox 1136 3970 1205 4035; x_wconf 75' lang='lat' dir='ltr'>in</span> <span class='ocrx_word' id='word_1_511' title='bbox 1238 3980 1410 4036; x_wconf 76' lang='lat' dir='ltr'>tract.</span> <span class='ocrx_word' id='word_1_512' title='bbox 1440 3969 1514 4034; x_wconf 86' lang='lat' dir='ltr'>de</span> <span class='ocrx_word' id='word_1_513' title='bbox 1534 3970 1784 4054; x_wconf 77' lang='lat' dir='ltr'>Anyelis</span> <span class='ocrx_word' id='word_1_514' title='bbox 1815 3969 1895 4034; x_wconf 83' lang='lat' dir='ltr'>ib.</span> <span class='ocrx_word' id='word_1_515' title='bbox 1922 3969 2019 4034; x_wconf 76' lang='lat' dir='ltr'>cit.</span> <span class='ocrx_word' id='word_1_516' title='bbox 2047 3966 2183 4032; x_wconf 87' lang='lat' dir='ltr'>Alii</span> <span class='ocrx_word' id='word_1_517' title='bbox 2206 3990 2284 4032; x_wconf 84' lang='lat' dir='ltr'>ex</span> <span class='ocrx_word' id='word_1_518' title='bbox 2308 3968 2515 4032; x_wconf 88' lang='lat' dir='ltr'>tribus</span> <span class='ocrx_word' id='word_1_519' title='bbox 2544 3966 2648 4031; x_wconf 88' lang='lat' dir='ltr'>his</span> <span class='ocrx_word' id='word_1_520' title='bbox 2674 3969 2853 4051; x_wconf 85' lang='lat' dir='ltr'>ajunt</span> <span class='ocrx_word' id='word_1_521' title='bbox 2877 3990 3034 4033; x_wconf 90' lang='lat' dir='ltr'>con-</span> 
     </span>
     <span class='ocr_line' id='line_1_43' title="bbox 119 4054 3033 4141; baseline 0 -22"><span class='ocrx_word' id='word_1_522' title='bbox 119 4054 217 4121; x_wconf 78' lang='lat' dir='ltr'>fici</span> <span class='ocrx_word' id='word_1_523' title='bbox 239 4080 432 4123; x_wconf 90' lang='lat' dir='ltr'>unam</span> <span class='ocrx_word' id='word_1_524' title='bbox 463 4058 798 4138; x_wconf 86' lang='lat' dir='ltr'>rationem,</span> <span class='ocrx_word' id='word_1_525' title='bbox 844 4057 980 4123; x_wconf 87' lang='lat' dir='ltr'>scil.</span> <span class='ocrx_word' id='word_1_526' title='bbox 1008 4080 1086 4123; x_wconf 85' lang='lat' dir='ltr'>ex</span> <span class='ocrx_word' id='word_1_527' title='bbox 1122 4057 1501 4123; x_wconf 72' lang='lat' dir='ltr'>brevissima</span> <span class='ocrx_word' id='word_1_528' title='bbox 1523 4062 1700 4122; x_wconf 67' lang='lat' dir='ltr'>mora</span> <span class='ocrx_word' id='word_1_529' title='bbox 1725 4058 1867 4123; x_wconf 84' lang='lat' dir='ltr'>viae</span> <span class='ocrx_word' id='word_1_530' title='bbox 1892 4055 2269 4141; x_wconf 84' lang='lat' dir='ltr'>Angelicae3</span> <span class='ocrx_word' id='word_1_531' title='bbox 2296 4078 2374 4120; x_wconf 84' lang='lat' dir='ltr'>ex</span> <span class='ocrx_word' id='word_1_532' title='bbox 2398 4056 2613 4139; x_wconf 73' lang='lat' dir='ltr'>aliqua</span> <span class='ocrx_word' id='word_1_533' title='bbox 2636 4056 3033 4133; x_wconf 88' lang='lat' dir='ltr'>difficultate,</span> 
     </span>
     <span class='ocr_line' id='line_1_44' title="bbox 117 4142 3038 4231; baseline 0.001 -24"><span class='ocrx_word' id='word_1_534' title='bbox 117 4142 180 4207; x_wconf 88' lang='lat' dir='ltr'>in</span> <span class='ocrx_word' id='word_1_535' title='bbox 217 4166 294 4210; x_wconf 91' lang='lat' dir='ltr'>eo</span> <span class='ocrx_word' id='word_1_536' title='bbox 343 4147 512 4231; x_wconf 89' lang='lat' dir='ltr'>quod</span> <span class='ocrx_word' id='word_1_537' title='bbox 559 4146 957 4230; x_wconf 86' lang='lat' dir='ltr'>resipiscant,</span> <span class='ocrx_word' id='word_1_538' title='bbox 1005 4146 1051 4211; x_wconf 68' lang='lat' dir='ltr'>a</span> <span class='ocrx_word' id='word_1_539' title='bbox 1099 4169 1176 4211; x_wconf 85' lang='lat' dir='ltr'>ex</span> <span class='ocrx_word' id='word_1_540' title='bbox 1215 4167 1289 4211; x_wconf 91' lang='lat' dir='ltr'>eo</span> <span class='ocrx_word' id='word_1_541' title='bbox 1329 4146 1497 4231; x_wconf 91' lang='lat' dir='ltr'>quod</span> <span class='ocrx_word' id='word_1_542' title='bbox 1529 4146 1703 4211; x_wconf 89' lang='lat' dir='ltr'>Deus</span> <span class='ocrx_word' id='word_1_543' title='bbox 1756 4167 1881 4209; x_wconf 91' lang='lat' dir='ltr'>non</span> <span class='ocrx_word' id='word_1_544' title='bbox 1906 4144 2078 4209; x_wconf 91' lang='lat' dir='ltr'>dedit</span> <span class='ocrx_word' id='word_1_545' title='bbox 2100 4143 2255 4227; x_wconf 89' lang='lat' dir='ltr'>ipsis</span> <span class='ocrx_word' id='word_1_546' title='bbox 2288 4143 2581 4209; x_wconf 86' lang='lat' dir='ltr'>uberiora</span> <span class='ocrx_word' id='word_1_547' title='bbox 2605 4143 2863 4210; x_wconf 85' lang='lat' dir='ltr'>auxilia.</span> <span class='ocrx_word' id='word_1_548' title='bbox 2913 4143 3038 4211; x_wconf 90' lang='lat' dir='ltr'>Sed</span> 
     </span>
     <span class='ocr_line' id='line_1_45' title="bbox 117 4228 3037 4321; baseline 0.001 -26"><span class='ocrx_word' id='word_1_549' title='bbox 117 4228 387 4318; x_wconf 63' lang='lat' dir='ltr'>Asi-iuga</span> <span class='ocrx_word' id='word_1_550' title='bbox 411 4234 530 4301; x_wconf 91' lang='lat' dir='ltr'>loc.</span> <span class='ocrx_word' id='word_1_551' title='bbox 556 4234 662 4299; x_wconf 88' lang='lat' dir='ltr'>cit.</span> <span class='ocrx_word' id='word_1_552' title='bbox 689 4235 765 4299; x_wconf 92' lang='lat' dir='ltr'>de</span> <span class='ocrx_word' id='word_1_553' title='bbox 795 4234 900 4299; x_wconf 90' lang='lat' dir='ltr'>his</span> <span class='ocrx_word' id='word_1_554' title='bbox 930 4234 1189 4319; x_wconf 86' lang='lat' dir='ltr'>judicat,</span> <span class='ocrx_word' id='word_1_555' title='bbox 1216 4234 1395 4321; x_wconf 88' lang='lat' dir='ltr'>[pag.</span> <span class='ocrx_word' id='word_1_556' title='bbox 1426 4234 1588 4320; x_wconf 85' lang='lat'>263]</span> <span class='ocrx_word' id='word_1_557' title='bbox 1622 4234 1790 4318; x_wconf 92' lang='lat' dir='ltr'>quod</span> <span class='ocrx_word' id='word_1_558' title='bbox 1811 4233 1881 4297; x_wconf 89' lang='lat' dir='ltr'>in</span> <span class='ocrx_word' id='word_1_559' title='bbox 1909 4232 2030 4297; x_wconf 92' lang='lat' dir='ltr'>hoc</span> <span class='ocrx_word' id='word_1_560' title='bbox 2052 4236 2287 4316; x_wconf 86' lang='lat' dir='ltr'>puncto</span> <span class='ocrx_word' id='word_1_561' title='bbox 2312 4256 2379 4298; x_wconf 90' lang='lat' dir='ltr'>se</span> <span class='ocrx_word' id='word_1_562' title='bbox 2402 4255 2527 4297; x_wconf 90' lang='lat' dir='ltr'>non</span> <span class='ocrx_word' id='word_1_563' title='bbox 2560 4233 2717 4299; x_wconf 84' lang='lat' dir='ltr'>satis</span> <span class='ocrx_word' id='word_1_564' title='bbox 2741 4234 3037 4299; x_wconf 88' lang='lat' dir='ltr'>determi-</span> 
     </span>
     <span class='ocr_line' id='line_1_46' title="bbox 117 4320 3039 4410; baseline 0.002 -25"><span class='ocrx_word' id='word_1_565' title='bbox 117 4324 286 4401; x_wconf 89' lang='lat' dir='ltr'>nent,</span> <span class='ocrx_word' id='word_1_566' title='bbox 309 4324 355 4389; x_wconf 70' lang='grc' dir='ltr'>ἃ</span> <span class='ocrx_word' id='word_1_567' title='bbox 383 4322 564 4389; x_wconf 74' lang='lat' dir='ltr'>valde</span> <span class='ocrx_word' id='word_1_568' title='bbox 587 4322 852 4389; x_wconf 76' lang='lat' dir='ltr'>obscure</span> <span class='ocrx_word' id='word_1_569' title='bbox 876 4322 1241 4410; x_wconf 81' lang='lat' dir='ltr'>loquantur.</span> <span class='ocrx_word' id='word_1_570' title='bbox 1276 4321 1446 4389; x_wconf 91' lang='lat' dir='ltr'>Hinc</span> <span class='ocrx_word' id='word_1_571' title='bbox 1469 4323 1605 4407; x_wconf 87' lang='lat' dir='ltr'>ipse</span> <span class='ocrx_word' id='word_1_572' title='bbox 1628 4322 1718 4388; x_wconf 90' lang='lat' dir='ltr'>sic</span> <span class='ocrx_word' id='word_1_573' title='bbox 1740 4320 2091 4387; x_wconf 89' lang='lat' dir='ltr'>concludit:</span> <span class='ocrx_word' id='word_1_574' title='bbox 2121 4321 2339 4388; x_wconf 72' lang='lat' dir='ltr'>Melius</span> <span class='ocrx_word' id='word_1_575' title='bbox 2361 4343 2504 4409; x_wconf 75' lang='lat' dir='ltr'>erqo</span> <span class='ocrx_word' id='word_1_576' title='bbox 2526 4324 2802 4390; x_wconf 65' lang='lat' dir='ltr'>absolate</span> <span class='ocrx_word' id='word_1_577' title='bbox 2823 4324 2894 4389; x_wconf 77' lang='lat' dir='ltr'>in</span> <span class='ocrx_word' id='word_1_578' title='bbox 2917 4324 3039 4390; x_wconf 82' lang='lat' dir='ltr'>Dei</span> 
     </span>
     <span class='ocr_line' id='line_1_47' title="bbox 2934 4432 3036 4477; baseline 0 -16"><span class='ocrx_word' id='word_1_579' title='bbox 2934 4432 3036 4477; x_wconf 80' lang='lat' dir='ltr'>vo-</span> 
     </span>
    </p>
   </div>
  </div>
 </body>
</html>
