3694 4871
606 316 647 385 2
1329 312 1692 386 91331.
1761 313 1884 384 Dr:
1953 316 2359 384 RATIONE:
2429 311 2806 384 HUMANA

604 506 861 573 modum
885 504 1203 591 principii,
1230 528 1343 571 seu
1366 506 1569 570 mavis
1586 507 1850 572 habitus
1865 505 2342 590 principiorum,
2361 505 2716 589 diciturque
2735 505 3088 570 communis
3105 528 3352 586 sensus,
3375 531 3556 572 com·

604 618 827 660 munes
850 595 1139 659 notiones
1158 595 1283 678 1,ᾶο
1308 595 1539 678 quibus
1563 595 1810 680 egimus
1833 595 1904 658 in
1927 595 2086 678 disp.
2110 595 2187 659 de
2219 593 2586 658 Atheismo:
2613 597 2706 660 vel
2727 595 3112 678 acquisitum
3136 597 3182 660 &
3207 601 3355 678 post
3375 600 3552 662 nati·

604 684 873 748 vitatem
913 683 1193 748 hominis
1235 684 1310 748 de
1334 705 1497 748 novo
1520 683 2041 766 superinductum
2071 705 2186 767 per
2209 683 2449 748 auxilia
2473 681 2593 746 Dei
2625 683 2984 767 generalia;
3013 683 3336 768 habetque
3363 708 3442 750 se
3475 689 3552 752 ad

607 773 861 836 modum
894 771 1195 836 scientiae
1227 794 1338 837 seu
1370 771 1632 836 habitus
1657 771 2149 846 conclusionum,
2175 793 2302 855 quo
2333 793 2512 836 mens
2545 771 2922 854 disponitur,
2950 772 3328 852 facilitatur,
3363 775 3418 840 a
3445 777 3552 840 tle·

604 860 988 926 terminatur
1029 860 1109 924 ad
1132 861 1525 946 cognitiones
1550 860 1830 926 actuales
1865 859 2221 939 eliciendae,
2247 862 2586 941 conceptus
2613 858 2996 940 fortnandOS,
3029 863 3075 927 81
3099 861 3548 929 conclusio-nes

606 950 729 1014 rite
782 971 859 1014 ex
899 948 1227 1033 principiis
1274 949 1667 1015 deducendas
1714 949 1790 1013 (10
1837 947 1974 1012 Deo
2023 950 2069 1014 8⁶
2106 949 2295 1012 rebus
2320 947 2569 1012 divinis,
2621 947 2716 1012 De
2741 948 2982 1013 lumine
3006 949 3127 1014 hoc
3148 950 3409 1016 interno
3437 975 3548 1018 sen

602 1038 796 1103 insito
842 1039 1019 1104 Rom.
1063 1037 1126 1102 2.
1164 1037 1265 1100 14.
1307 1038 1407 1102 15.
1462 1039 1567 1104 Ps.
1622 1037 1722 1102 19.
1750 1059 1806 1102 v.
1838 1037 1895 1101 1.
1933 1036 1993 1100 8.
2031 1039 2205 1103 Rom.
2245 1037 2301 1098 1.
2334 1037 2438 1101 19.
2464 1037 2568 1098 20.
2617 1035 2702 1100 II.
2751 1035 2944 1100 Ratio
2969 1037 3255 1102 humana
3281 1043 3546 1124 proprie

604 1127 774 1192 dicta
795 1126 1180 1191 considerari
1213 1129 1439 1209 potest.
1494 1125 1555 1190 1.
1600 1129 1695 1192 vel
1723 1126 1792 1189 in
1820 1126 1982 1205 idea,
2011 1148 2122 1189 seu
2147 1124 2476 1210 objective‚
2504 1127 2550 1190 &
2575 1125 2924 1189 abstracte:
2961 1126 3062 1190 vel
3087 1130 3412 1208 concrete,
3439 1152 3544 1194 300

604 1214 971 1299 subjective,
1006 1214 1053 1279 &
1083 1214 1330 1279 ratione
1361 1213 1517 1279 certi
1542 1218 1769 1294 statuS,
1798 1214 1933 1279 3011.
1960 1218 2108 1278 ante
2132 1215 2384 1298 lapsum
2411 1216 2481 1276 ut
2507 1214 2722 1278 dotata
2747 1214 3030 1298 imagine
3053 1213 3174 1278 Dei
3196 1238 3211 1290 ;
3239 1215 3307 1278 in
3333 1217 3546 1300 lapsu,

605 1307 679 1367 ut
719 1307 1038 1386 corrupta3
1064 1303 1132 1366 in
1148 1303 1379 1388 gratia,
1404 1307 1477 1368 ut
1508 1302 1801 1382 liberata,
1827 1301 2119 1385 quamvis
2143 1301 2547 1386 imperfecte:
2590 1301 2655 1365 in
2681 1301 2906 1386 gloria,
2935 1307 3006 1367 ut
3029 1302 3315 1386 perfecte
3339 1306 3544 1370 collu-

604 1395 809 1456 strata
830 1391 1071 1456 lumine
1095 1391 1359 1476 gloriae.
1386 1389 1523 1455 Nos
1546 1390 1653 1454 hic
1668 1394 1742 1455 ut
1758 1390 2112 1474 plurimum
2130 1413 2270 1454 eam
2289 1389 2670 1472 accipiemus
2683 1391 3050 1474 subjective,
3071 1396 3143 1455 ut
3157 1393 3544 1476 perlapsum

604 1480 894 1544 totaliter
916 1483 1215 1563 corrupta
1240 1483 1356 1561 est,
1385 1483 1499 1543 aut
1522 1483 1595 1543 ut
1618 1501 1731 1562 per
1747 1478 2026 1564 gratiam
2043 1479 2314 1543 liberata
2333 1482 2449 1556 est,
2469 1479 2576 1542 sed
2594 1501 2718 1542 non
2735 1479 3035 1562 perfecte:
3055 1480 3328 1544 subinde
3345 1483 3544 1548 etiam

606 1568 938 1654 objective,
987 1569 1325 1648 abstracte,
1371 1570 1446 1632 ut
1470 1567 1561 1632 310
1607 1566 1654 1630 81
1677 1568 1743 1630 in
1768 1572 1885 1632 sua
1917 1567 2192 1632 essentia
2216 1567 2737 1631 contradistincte
2765 1569 2810 1632 &
2835 1567 3090 1632 divisim
3115 1568 3195 1632 ab
3221 1571 3404 1633 omni
3429 1571 3541 1635 ha·

607 1658 768 1736 bitu,
816 1660 930 1720 aut
977 1656 1407 1740 dispositione,
1456 1660 1569 1721 aut
1592 1660 1967 1759 quacunque
1991 1655 2196 1720 forma
2220 1655 2593 1720 accidentali
2625 1677 2768 1718 eam
2793 1655 3200 1732 informante,
3235 1656 3548 1723 determi-

610 1749 801 1810 nante
828 1766 903 1809 ac
924 1745 1345 1824 modificante,
1364 1767 1527 1829 quae
1545 1767 1623 1809 ex
1634 1744 1966 1829 principiis
1979 1744 2425 1809 essentialibus
2443 1744 2709 1827 subjecti
2729 1743 3026 1822 (hominis
3039 1745 3203 1827 scil.)
3221 1768 3350 1809 non
3367 1770 3544 1812 ema-

606 1837 721 1898 nat
744 1836 791 1899 81
815 1832 995 1910 fluit,
1022 1836 1214 1916 atque
1238 1834 1394 1898 adeo
1416 1855 1544 1897 non
1570 1838 1665 1898 est
1688 1833 2039 1918 proprium,
2066 1833 2230 1916 quod
2249 1832 2442 1910 omni,
2463 1832 2602 1911 soli,
2631 1834 2676 1898 81
2700 1855 2950 1916 semper
2973 1838 3316 1917 competat.
3341 1835 3546 1900 Prout

609 1922 743 1987 scil.
772 1925 916 1986 est
894 1945 931 1986 a
953 1883 1091 1986 I’)eo
1114 1921 1444 1986 hominem
1468 1922 1872 2006 producente;
1884 1926 2075 2004 atque
2093 1922 2248 1984 adeo
2266 1943 2424 2005 opus
2437 1920 2560 1985 Dei
2585 1943 2694 1986 seu
2723 1921 2891 1985 bona
2908 1921 3030 1986 Dei
3045 1926 3359 1987 creatura:
3378 1947 3544 1990 non-

606 2032 935 2093 nunquam
961 2009 1157 2074 etiam
1179 2010 1525 2095 composite
1550 2033 1695 2074 cum
1718 2010 1968 2089 habitu,
1993 2014 2106 2075 aut
2130 2009 2542 2093 dispositione
2565 2032 2680 2092 per
2703 2010 2840 2074 sola
2865 2010 3071 2074 media
3083 2012 3414 2077 naturalia
3431 2019 3544 2078 aut

608 2121 720 2183 per
743 2098 867 2162 Dei
889 2098 1203 2183 quaedam
1225 2099 1465 2164 auxilia
1487 2099 1847 2164 communia
1865 2099 2024 2163 citra
2039 2099 2318 2184 gratiam
2334 2099 2834 2182 regenerationis
2852 2099 2917 2163 in
2929 2099 3136 2182 ipsam
3151 2100 3540 2168 introducta.

606 2186 725 2254 ΙΙΙ.
743 2187 1137 2271 Principium
1162 2187 1307 2252 fidei
1332 2188 1565 2272 duplex
1590 2192 1705 2266 est,
1732 2210 1809 2253 em
1829 2209 1953 2274 quo
1977 2210 2088 2251 seu
2115 2190 2465 2262 externum:
2495 2188 2540 2252 81
2565 2209 2688 2272 quo
2713 2209 2824 2250 seu
2851 2208 2966 2271 per
2987 2189 3158 2274 quod
3181 2188 3316 2252 sive
3335 2189 3541 2255 inter-

606 2299 780 2340 num.
804 2275 971 2341 Illud
1000 2279 1211 2360 posset
1228 2276 1350 2341 dici
1366 2277 1750 2360 principium
1767 2276 2174 2360 objectivum;
2201 2276 2370 2339 istud
2388 2275 2768 2358 principium
2785 2276 3075 2341 formale.
3088 2275 3254 2340 Illud
3273 2281 3374 2341 est
3393 2302 3538 2343 ver·

605 2367 760 2430 bum
784 2363 925 2430 Dei:
950 2363 1124 2430 istud
1150 2364 1536 2429 illuminatio
1560 2363 1726 2449 Spir.
1754 2363 1816 2429 S.
1845 2387 1959 2429 seu
1983 2365 2200 2429 lumen
2225 2365 2707 2448 supernaturale
2732 2365 3206 2429 mentinostrae
3230 2364 3542 2432 infusum.

606 2454 963 2519 Externum
996 2454 1144 2518 fidei
1183 2454 1588 2538 principium,
1634 2454 1709 2518 (10
1750 2476 1876 2537 quo
1899 2454 2005 2518 hic
2038 2454 2366 2537 quaeritur
2399 2454 2586 2517 debet
2611 2476 2746 2518 esse
2771 2454 3049 2537 primum
3074 2456 3121 2519 81
3151 2452 3536 2531 zara-mm,

608 2566 686 2608 ex
708 2565 835 2629 quo
858 2543 1067 2628 prime
1091 2542 1444 2607 educuntur
1468 2541 1513 2604 a
1537 2542 1603 2604 in
1628 2543 1796 2624 quod
1828 2542 2057 2607 ultimo
2083 2541 2488 2607 resolvuntur
2511 2564 2730 2607 omnes
2755 2542 2902 2607 fidei
2925 2544 3250 2622 veritates,
3279 2543 3540 2609 articuli

608 2654 719 2697 seu
766 2630 1231 2697 conclusiones:
1282 2631 1357 2695 de
1394 2629 1724 2714 principiis
1754 2630 1979 2713 primis
2007 2630 2144 2694 vide
2175 2630 2583 2715 Philosophus
2614 2632 2700 2695 ad
2723 2630 2827 2697 lib.
2859 2631 2916 2695 1.
2937 2631 3269 2715 posterior.
3307 2652 3357 2697 0.
3382 2633 3456 2697 2.
3483 2633 3538 2695 6.

613 2722 713 2784 10.
741 2720 803 2787 ἃ·
825 2720 1230 2785 Scholastica-3
1260 2719 1347 2785 ad
1374 2719 1433 2783 1.
1452 2739 1519 2803 p.
1546 2739 1651 2805 qu.
1684 2720 1742 2784 1.
1767 2730 1885 2784 art.
1915 2720 1976 2783 2.
2006 2720 2066 2782 6.
2093 2718 2154 2784 8.
2199 2716 2314 2783 IV.
2343 2717 2679 2801 Objectum
2710 2718 2858 2783 fidei
2883 2719 3136 2784 divinae
3161 2720 3265 2784 hic
3291 2719 3546 2786 intelli-

608 2808 821 2893 gimus
844 2807 1132 2886 formale,
1158 2829 1285 2871 non
1317 2807 1901 2891 praesuppositum:
1938 2807 2001 2871 h.
2030 2829 2082 2872 e.
2119 2807 2419 2871 articulos
2444 2808 2591 2871 fidei
2617 2807 2937 2872 salvificae
2964 2810 3210 2882 οἰκείους,
3241 2810 3543 2893 proprios

609 2898 657 2963 8⁶
696 2895 913 2961 stricte
946 2896 1166 2970 dictos,
1209 2918 1335 2959 non
1378 2918 1525 2959 vero
1574 2896 2108 2980 praesuppositOS,
2155 2897 2263 2979 qui
2287 2895 2410 2979 ipsi
2436 2918 2579 2959 cum
2605 2896 2960 2981 Theologifi.
2988 2896 3292 2977 naturali,
3320 2900 3367 2963 81
3391 2920 3544 2963 cum

610 2988 766 3053 sana
786 2983 1206 3068 Philosophia
1237 2987 1386 3048 sunt
1410 3005 1808 3048 communes:
1849 2984 2082 3060 Quales
2110 3009 2142 3050 e
2191 3008 2286 3071 gr.
2315 2988 2464 3052 Esse
2489 2986 2718 3065 Deum,
2742 2986 2952 3051 Deum
2975 2986 3388 3068 essejustum,
3417 3008 3540 3072 91(-

609 3074 999 3139 bernatorem
1046 3073 1293 3150 mundi,
1341 3074 1635 3138 animam
1679 3094 1806 3137 esse
1845 3074 2283 3151 immortalem,
2326 3072 2439 3140 ἃὌ.
2490 3072 2570 3137 V.
2603 3072 3189 3157 Praesupponimus
3221 3074 3544 3140 rationem

607 3161 957 3226 humanam
1000 3182 1221 3225 revera
1254 3182 1390 3225 esse
1432 3163 1477 3227 &
1508 3163 1683 3237 ⁴recte
1723 3161 1843 3225 dici
1873 3162 2228 3245 subjectum
2252 3162 2399 3225 fidei
2423 3162 2753 3245 recipienS,
2777 3162 2936 3226 item
2960 3161 3472 3229 instrumentum
3497 3164 3544 3229 ἃ

609 3249 995 3335 principium
1019 3249 1199 3335 [pag.
1226 3250 1299 3335 3]
1328 3252 1429 3334 (ut
1452 3250 1703 3333 vocant)
1724 3250 2073 3315 elicitivum
2097 3250 2313 3315 fidei&
2338 3249 2717 3334 cognitionis
2743 3251 3012 3314 actualis
3033 3249 3219 3333 :quia
3237 3251 3376 3315 sola
3391 3252 3543 3318 fidei

612 3343 708 3403 est
732 3359 931 3421 capax
954 3359 1080 3401 non
1112 3360 1259 3401 vero
1285 3337 1414 3401 alia
1415 3339 1654 3442 aliqua
1676 3338 1945 3403 inferior
1968 3338 2262 3417 facultas,
2287 3360 2450 3422 quae
2474 3337 2713 3402 homini
2742 3361 2886 3403 cum
2908 3338 3116 3403 brutis
3141 3339 3228 3402 sit
3251 3361 3544 3405 commu*

610 3426 729 3491 nis.
778 3424 955 3490 Haec
984 3430 1293 3528 tanquam
1322 3427 1711 3510 principium
1744 3427 1912 3511 quod
1935 3427 2364 3491 conclusiones
2397 3426 2544 3490 fidei
2577 3448 2654 3491 ex
2678 3428 2863 3491 unico
2891 3426 3226 3490 infallibili
3249 3428 3544 3513 scriptu-

610 3536 827 3580 rarum
865 3514 1180 3598 principio
1206 3514 1434 3593 educit,
1461 3519 1651 3598 atque
1679 3516 1832 3579 adeo
1858 3516 2105 3580 actibus
2131 3515 2436 3599 simplicis
2461 3515 3003 3598 apprehensioniS,
3036 3515 3544 3599 compositionis,

615 3602 965 3682 divisionis,
978 3602 1022 3666 &
1048 3603 1366 3668 discursus
1388 3609 1492 3662 τοῦ
1510 3608 1784 3677 γνωστοῦ
1800 3604 2300 3687 supernaturalis
2319 3627 2430 3667 seu
2446 3604 2797 3687 spiritualis
2813 3604 3248 3689 intelligentia
3263 3606 3548 3691 peragit.

610 3688 726 3757 VI.
753 3653 1334 3801 Praesiipponimus
1362 3690 1554 3755 etiam
1580 3694 2096 3775 supernaturales
2121 3694 2421 3757 veritates
2446 3692 2591 3756 fidei
2619 3693 2869 3757 divinae
2895 3714 3217 3793 superare·
3223 3692 3546 3759 rationem

610 3779 887 3843 hominis
912 3802 1039 3864 qua
1069 3782 1267 3844 talem
1291 3803 1401 3845 seu
1426 3784 1498 3843 ut
1520 3779 1647 3843 sic:
1676 3781 1825 3863 quia
1847 3804 1977 3845 non
2000 3781 2274 3865 percipit
2304 3782 2449 3845 illas
2475 3780 2599 3844 nisi
2623 3804 2737 3864 per
2763 3782 2978 3844 lumen
3003 3780 3301 3863 superius
3329 3780 3546 3846 eleve-

610 3871 717 3931 tur
750 3872 941 3951 atque
980 3869 1389 3933 informetur:
1436 3868 1580 3933 Non
1619 3872 1834 3933 tamen
1883 3870 1942 3934 01
1967 3892 2080 3954 per
2112 3892 2178 3933 30
2205 3872 2252 3935 81
2275 3873 2400 3953 qua
2423 3869 2540 3933 tali
2565 3891 2944 3954 repugnare,
2969 3869 3078 3933 sed
3102 3892 3219 3953 per
3251 3869 3548 3935 accidens

611 3956 1052 4040 corruptioniS,
1101 3958 1148 4021 &
1180 3980 1411 4041 pravae
1452 3957 1905 4040 dispositionis,
1948 3980 2110 4041 quae
2145 3958 2346 4022 menti
2378 3962 2632 4022 nostrae
2657 3958 2980 4022 adhaeret.
3027 3955 3361 4023 Hactenus
3385 3980 3548 4045 ergo

612 4045 765 4109 fides
792 4046 836 4111 &
858 4043 1211 4130 Theologia
1234 4048 1453 4109 nostia
1475 4050 1611 4109 tota
1637 4045 1760 4109 dici
1784 4050 1995 4128 potest
2017 4045 2368 4125 rationaliS,
2389 4068 2514 4110 non
2531 4046 2744 4147 (10011
2722 4070 2760 4110 a
2783 4045 2978 4129 priori
3002 4046 3343 4109 veritatem
3357 4068 3548 4111 suam

611 4133 967 4197 rationibus
1001 4134 1355 4197 necessarie
1393 4134 1783 4197 demonstret
1814 4134 1983 4217 apud
2017 4138 2325 4218 negantes
2371 4134 2684 4218 plincipia
2721 4132 3050 4219 religionis
3098 4134 3546 4211 Christianae:

612 4222 722 4285 sed
747 4222 915 4305 quod
939 4222 1328 4286 demonstret
1352 4222 1781 4286 conclusiones
1808 4246 1886 4285 ex
1903 4222 2294 4287 authoritate
2313 4224 2682 4307 scripturae,
2697 4226 2740 4289 81
2759 4222 3112 4286 rationibus
3131 4244 3210 4287 ex
3226 4224 3547 4307 scriptura

614 4310 917 4388 deductiS,
966 4311 1135 4394 apud
1173 4332 1277 4373 eos
1323 4310 1433 4393 qui
1466 4310 1709 4393 aliquid
1748 4313 2096 4376 concedunt
2137 4334 2373 4390 eorum,
2422 4334 2585 4395 quae
2627 4312 2931 4376 divinitus
2957 4311 3240 4375 revelata
3269 4316 3460 4375 sunt:
3501 4312 3547 4376 ἃ

613 4399 781 4483 (10οᾶ
820 4400 1023 4463 solvat
1061 4398 1291 4464 saltem
1332 4398 1606 4462 rationes
1639 4422 1858 4464 eorum
1892 4401 1998 4484 (1οἰ
2035 4400 2195 4463 nihil
2227 4402 2596 4477 concedunt,
2623 4400 2855 4482 quibus
2879 4399 2975 4462 illi
3001 4399 3544 4479 contradictionis,

3355 4490 3402 4553 85
3423 4488 3546 4551 ab·
