3694 4871
370 353 593 422 Dtsr.
638 354 776 422 VI.
824 355 943 422 Da
998 354 1696 422 PnoPAoArioun
1742 355 2134 422 Paccium
2181 355 2762 425 Ostorium&
2899 357 3030 424 145

112 541 345 694 {iffi
362 541 1239 698 ⁸3ssss3’esssswuffib3333fflt
1262 538 3030 715 32¹2&³1}l}{zssgtssssfizfflfifflsssszffiesszt{2323}55·

112 719 291 783 sitate
322 653 843 804 chnsequentilae:
871 719 1060 784 sicuti
1083 741 1206 784 non
1232 723 1567 804 praesente
1596 722 1711 784 aut
1730 719 1964 784 collato
1990 719 2253 799 lumine,
2277 725 2490 785 aerem
2514 680 2828 804 occupant
2850 724 3029 786 tene-

113 806 274 886 brae,
300 810 347 874 8⁶
369 809 669 892 operiunt
687 812 960 885 terram3
1004 831 1131 874 non
1178 809 1327 873 data
1374 807 1669 884 sanitate,
1718 808 1797 873 ad
1830 811 1930 872 est
1951 807 1999 873 &
2029 807 2098 872 in
2123 814 2221 873 est
2243 809 2523 874 morbus.
2570 809 3030 889 Decimam-cia,

112 900 313 979 partes
342 897 479 980 ejus
504 897 621 977 (ita
644 898 819 982 loqui
843 897 1059 982 liceat)
1085 919 1197 962 seu
1220 899 1543 961 momenta
1564 896 1633 961 in
1658 919 1732 961 eo
1755 895 2212 962 consideranda
2243 919 2379 963 esse
2423 897 2585 962 haec
2615 897 2758 975 duc,
2792 899 3031 964 aversi·

110 1005 285 1049 onem
336 988 377 1048 a
420 986 609 1066 bono,
664 987 711 1052 a
734 985 1211 1051 conversionem
1254 985 1337 1050 ad
1367 985 1628 1064 malum,
1662 986 1765 1050 vel
1798 989 1896 1068 (ut
1918 985 2034 1050 alii
2056 985 2350 1066 malunt,)
2375 985 2724 1051 carentiam
2740 986 3033 1071 justitiae

112 1073 155 1138 ἃ
192 1073 574 1158 pravitatem
620 1078 909 1154 naturae,
942 1096 1134 1159 quam
1184 1074 1379 1141 etiam
1410 1074 1726 1152 morbum,
1759 1074 2240 1158 dispositionem
2263 1074 2522 1154 malam,
2550 1075 3030 1159 dispositionem

110 1162 183 1225 ad
224 1163 488 1243 malum,
534 1163 1039 1248 propensionem,
1085 1163 1555 1248 proclivitatem
1604 1161 1966 1246 appellant:
2007 1162 2120 1227 ubi
2152 1163 2322 1228 enim
2358 1163 2673 1248 principia
2711 1164 3034 1230 actionum

111 1251 527 1316 humanarum
576 1275 702 1317 non
748 1251 991 1317 habent
1036 1253 1245 1317 lucem
1290 1251 1591 1336 imaginis
1639 1251 1892 1316 divinae
1939 1273 2055 1316 nec
2093 1252 2540 1316 rectitudinem
2571 1252 2863 1336 justitiae
2902 1253 3030 1316 ori-

110 1339 353 1423 ginalis,
406 1340 501 1404 ibi
546 1363 798 1406 necesse
846 1345 943 1406 est
988 1341 1317 1406 succedere
1368 1340 1669 1405 tenebras
1716 1342 1762 1406 &
1812 1339 2336 1405 irrectitudinem.
2407 1340 2496 1406 Et
2541 1341 2631 1405 sic
2677 1340 3034 1408 Scholastica·

108 1429 187 1492 ad
232 1429 291 1495 1.
344 1431 408 1494 2.
455 1451 563 1515 qu.
612 1431 718 1494 82.
766 1441 886 1495 art.
938 1431 995 1493 1.
1044 1429 1280 1504 dicunt,
1328 1449 1456 1493 non
1500 1450 1638 1494 esse
1682 1451 1912 1514 puram
1958 1425 2402 1512 privationem,
2457 1429 2568 1493 sed
2615 1429 3031 1496 inordinatio-

109 1537 243 1582 nem
288 1518 573 1602 partium
610 1519 882 1583 animae.
928 1519 1437 1604 Decimaquarta,
1483 1516 1819 1583 Peccatum
1868 1517 2183 1602 originale
2229 1539 2357 1582 non
2399 1539 2535 1582 esse
2571 1517 2848 1584 hominis
2880 1519 3033 1583 sub-

110 1607 429 1686 stantium,
469 1629 585 1671 nec
629 1608 991 1689 qualitates,
1041 1629 1155 1671 seu
1202 1606 1442 1690 primas
1489 1607 1809 1690 potentias
1853 1607 2180 1671 naturales
2227 1609 2266 1670 a
2309 1605 2517 1673 forma
2561 1607 2830 1692 subjecti
2861 1629 3033 1672 ema-

112 1698 343 1774 nanteS,
390 1717 509 1760 nec
548 1695 869 1780 potentias
894 1695 1219 1776 secundas,
1234 1717 1353 1760 nec
1382 1694 1642 1759 habitus
1667 1695 2011 1778 acquisitos
2043 1699 2156 1760 aut
2179 1693 2466 1773 infusos3
2492 1696 2603 1760 sed
2627 1696 3027 1762 affectionem

112 1783 331 1848 malam
376 1806 493 1848 seu
538 1784 891 1869 malignam
934 1789 1205 1848 naturae
1249 1783 1747 1868 dispositionem,
1791 1783 1974 1870 [pag.
2012 1783 2214 1870 1084]
2239 1805 2312 1849 ac
2342 1786 2650 1849 moralem
2673 1785 3027 1869 corruptio-

112 1893 264 1953 nem,
310 1895 425 1938 seu
476 1876 951 1958 permanentem
998 1872 1561 1952 deordinationem,
1609 1893 1773 1956 quae
1796 1893 1912 1956 per
1942 1872 2230 1938 accidens
2254 1874 2644 1957 supervenit,
2669 1875 2716 1940 δυ
2741 1874 2908 1939 unde
2933 1875 3033 1937 in·

112 1958 319 2026 haeret
340 1983 415 2026 ac
444 1961 679 2026 insidet
696 1961 998 2046 potentiis
1024 1965 1217 2045 atque
1242 1983 1462 2026 earum
1486 1961 1879 2025 activitatem
1903 1960 2169 2046 impedit
2192 1983 2264 2026 ac
2281 1962 2608 2045 pervertit,
2634 1962 3033 2045 quotiescun·

114 2069 223 2131 que
270 2050 335 2113 in
384 2055 601 2115 actum
649 2050 933 2116 exiturae
958 2053 1141 2115 sunt:
1178 2049 1350 2114 haud
1373 2049 1563 2114 aliter
1585 2071 1659 2114 ac
1681 2049 2021 2114 infirmitas
2054 2051 2101 2116 ἃ
2132 2051 2404 2135 languor
2425 2051 2742 2134 corporis;
2770 2050 2818 2116 ἃ
2841 2051 3031 2115 sicuti

111 2136 305 2202 infans
350 2139 581 2204 claudo
636 2139 795 2223 pede
838 2139 907 2204 in
953 2139 1158 2204 lucem
1204 2138 1411 2203 editus
1457 2139 1536 2202 ad
1558 2137 2082 2204 claudicationem
2107 2159 2456 2222 propensus
2504 2143 2621 2219 est,
2647 2141 2694 2205 ἃ
2715 2138 3030 2204 claudicat

113 2224 360 2292 simulac
383 2232 535 2294 actu
558 2227 783 2312 pedem
804 2228 1095 2293 moverit.
1145 2226 1360 2291 Primo
1406 2231 1621 2292 autem
1652 2227 1929 2291 mediate
1955 2249 2028 2292 ac
2054 2249 2170 2310 per
2199 2249 2266 2291 se
2291 2226 2684 2311 subJectatur
2706 2227 2774 2290 in
2797 2231 3028 2312 poten-

113 2314 209 2377 tiis
251 2315 655 2401 intelligendi
699 2316 747 2381 δι
776 2316 1046 2396 volendi,
1070 2337 1197 2380 non
1222 2314 1479 2399 quidem
1502 2315 1725 2400 primis
1748 2337 1866 2380 nec
1889 2314 2178 2380 absolute
2202 2315 2250 2382 δε
2271 2315 2337 2378 in
2362 2335 2429 2380 se
2453 2316 2888 2396 consideratiS,
2918 2317 3030 2381 sed

116 2402 173 2467 in
213 2404 431 2471 ordine
477 2405 557 2470 ad
602 2405 851 2491 objecta
894 2409 1033 2470 tum
1084 2403 1405 2469 naturalia
1450 2407 1587 2469 tum
1637 2403 2168 2489 supernaturalia.
2214 2401 2292 2469 In
2331 2403 2551 2470 ordine
2578 2405 2658 2470 ad
2681 2405 2805 2470 ista
2837 2405 3029 2491 plane

114 2497 383 2559 mortuae
432 2498 617 2571 sunt;
665 2495 713 2560 a
738 2494 829 2559 sic
851 2497 1021 2559 recte
1042 2493 1355 2559 Luthcrus
1384 2492 1545 2557 dixit
1569 2492 1843 2558 liberum
1869 2493 2209 2558 arbitrium
2242 2514 2378 2557 esse
2403 2514 2636 2577 purum
2660 2498 2890 2578 putum
2931 2495 3030 2559 ni-

114 2578 229 2646 hil:
274 2582 339 2647 in
384 2582 607 2663 ordine
662 2582 743 2647 ad
772 2582 886 2646 illa
931 2583 1261 2667 languent,
1316 2602 1445 2666 qua
1474 2604 1591 2646 nec
1628 2581 1841 2646 debito
1867 2581 2055 2647 modo
2077 2582 2124 2647 ἅ
2155 2582 2302 2662 fine,
2333 2602 2450 2647 nec
2471 2582 2658 2667 plene
2681 2584 2748 2647 in
2773 2604 2850 2647 ea
2874 2582 3030 2649 ferri

113 2676 379 2751 possunt.
424 2671 926 2757 Decimaquima,
951 2670 1131 2747 Quod
1161 2674 1376 2735 autem
1408 2670 1597 2734 multi
1622 2692 1699 2735 ex
1728 2670 1963 2736 nostris
1989 2670 2434 2750 determinant,
2458 2674 2790 2756 peccatum
2834 2672 3027 2757 origi-

114 2758 241 2822 nale
262 2780 383 2824 non
408 2776 553 2824 ‘esse
574 2782 801 2843 puram
828 2758 1249 2843 privationem
1272 2780 1385 2823 seu
1418 2758 1734 2824 defectum
1759 2760 1806 2825 a
1828 2760 2178 2824 carentiam
2195 2759 2487 2843 justitiae
2511 2759 2846 2844 originalis
2868 2786 2885 2840 ;
2918 2761 3031 2826 sed

114 2846 291 2911 etiam
314 2848 798 2913 inclinationem
821 2849 869 2914 a
891 2851 1159 2913 naturae
1181 2847 1588 2931 pravitatem,
1612 2846 1908 2931 justitiae
1929 2846 2030 2912 illi
2053 2847 2459 2927 contrariam,
2491 2848 2540 2913 δε
2561 2848 2630 2912 in
2655 2848 2865 2913 locum
2893 2849 3030 2933 ejus

114 2936 555 3015 succedentem,
608 2940 800 3019 atque
848 2936 1005 3001 adeo
1051 2936 1393 3020 positivam
1430 2936 1807 3020 qualitatem
1828 2960 1843 3013 3
1867 2937 1914 3002 a
1944 2936 2113 3020 quod
2136 2935 2258 3000 hoc
2279 2937 2534 3001 nomine
2558 2938 2866 3003 Danaeus
2891 2936 3030 3003 Au-

116 3024 429 3105 gustinum
460 3022 869 3109 reprehendit
896 3025 971 3089 in
991 3036 1393 3091 commentar.
1414 3025 1502 3090 ad
1532 3024 1671 3089 libr.
1689 3025 1767 3090 de
1788 3026 1998 3091 Doctr.
2041 3023 2268 3093 Christ.
2311 3046 2360 3090 c.
2392 3026 2422 3088 1
2436 3026 2495 3090 1.
2520 3025 2588 3089 id
2610 3026 2699 3090 sic
2722 3025 3030 3109 accipien-

114 3110 249 3176 dum
279 3116 377 3177 est
398 3112 455 3178 Ι.
486 3114 632 3179 illos
656 3114 944 3197 opposite
968 3112 1049 3177 ad
1079 3114 1387 3198 quosdam
1423 3110 1729 3177 Doctores
1750 3112 2121 3179 Pontificios
2145 3116 2259 3177 aut
2280 3113 2441 3179 alios
2472 3112 3029 3199 Neo-Pelagianos

114 3196 194 3263 ita
244 3201 440 3285 loqui,
488 3202 598 3286 qui
638 3224 867 3286 puram
890 3202 1175 3287 justitiae
1196 3201 1553 3266 absentiam
1576 3200 1816 3285 absque
1841 3202 1974 3267 ullo
2005 3206 2188 3267 reatu
2221 3205 2333 3266 aut
2354 3202 2604 3267 ratione
2628 3203 2890 3287 peccati,
2913 3203 3027 3268 ho·

114 3287 459 3376 minemque
504 3294 810 3375 tanquam
860 3289 1140 3356 medium
1194 3290 1462 3373 subjecti
1492 3289 1560 3354 in
1604 3290 1783 3373 puris
1827 3290 2250 3369 naturalibuS,
2295 3295 2490 3375 atque
2516 3291 2670 3356 adeo
2695 3295 3026 3377 peccatum

116 3376 716 3533 aeffltassquam
770 3400 1003 3482 purum
1048 3400 1177 3533 ili-qn
1200 3399 1335 3529 lens
1365 3378 1738 3533 rliegialgvibttili
1785 3378 1892 3482 hic
1943 3379 2297 3532 somniant:
2334 3379 2422 3532 lde
2471 3401 2617 3531 quqo,
2647 3402 2856 3533 elrgorle
2887 3380 3026 3444 vide

198 3487 217 3529 ι
412 3515 430 3531 .
739 3488 1160 3533 .οηιη.ι.
1240 3488 1337 3532 .c.
1409 3514 1425 3531 .
1591 3515 1607 3534 .
1728 3487 2040 3533 amne-rum
2109 3480 2552 3534 unstradam.
2623 3491 2770 3535 .t.
2844 3488 3023 3533 .ca.

116 3552 170 3617 2.
212 3568 343 3623 sect.
390 3557 457 3623 9.
501 3488 937 3623 loff’ssfmom?
957 3556 1295 3622 Bucatium
1342 3556 1384 3620 l.
1420 3556 1480 3620 2.
1524 3556 1601 3621 de
1636 3556 1914 3641 imayine
1944 3487 2145 3621 Deipci
2175 3557 2235 3622 1.
2281 3554 2364 3621 Π.
2390 3558 2513 3622 Aul
2537 3556 2660 3621 dici
2680 3560 2892 3640 potest
2917 3490 3026 3621 eops

118 3638 223 3706 hoc
250 3646 433 3727 velle,
479 3668 601 3710 non
632 3668 771 3711 esse
818 3645 983 3710 hanc
1007 3644 1430 3728 privationem
1454 3645 1746 3724 otiosam,
1771 3645 1982 3728 qualis
2007 3647 2102 3709 est
2127 3644 2329 3728 quies,
2354 3645 2725 3723 coelibatuS,
2751 3643 3024 3729 virgini-

119 3732 224 3811 tas,
246 3734 351 3798 sed
374 3756 513 3799 esse
538 3735 734 3800 talem
766 3754 931 3818 quae
976 3732 1219 3798 afficiat
1249 3733 1603 3815 subjectum
1628 3734 1799 3798 mala
1822 3733 2234 3817 dispositione
2259 3736 2334 3798 ut
2356 3733 2668 3818 tyranniS,
2695 3732 3018 3811 marchia,

117 3820 353 3887 morbus
367 3846 389 3887 .·
412 3844 541 3907 quo
561 3826 883 3907 postremo
907 3821 1103 3886 simili
1126 3820 1415 3905 plerique
1440 3825 1729 3901 utuntur,
1753 3844 1898 3886 cum
1927 3822 2274 3907 positivum
2295 3827 2530 3907 urgent
2554 3823 2887 3909 (Danaeus
2910 3822 3020 3888 loc.

120 3906 205 3973 cie.
244 3910 692 3977 Keckermann.
733 3912 805 3976 in
832 3923 1080 3996 system.
1116 3908 1498 3995 Theoloyiae)
1516 3934 1536 3974 .·
1566 3912 1697 3996 jam
1729 3933 1878 3975 vero
1907 3910 2166 3975 morbus
2197 3914 2295 3975 est
2327 3932 2438 3975 ens
2462 3911 2866 3995 privativum,
2898 3932 3026 3975 non

122 3996 459 4079 positivum,
478 3999 533 4063 si
550 4000 803 4083 proprie
820 4000 1174 4083 loquamur,
1190 4000 1238 4065 a
1253 4000 1657 4065 attendamus
1673 4000 1755 4064 ad
1770 4000 2204 4065 definitionem
2220 3999 2426 4065 morbi
2440 4024 2455 4075 3
2485 4000 2741 4065 Morbus
2757 4010 2842 4065 est
2857 4000 3024 4065 laesa

121 4085 297 4163 ασείος
325 4108 436 4152 seu
459 4092 533 4152 nt
554 4088 803 4171 plenius
827 4085 1209 4165 Sennertus3
1240 4088 1351 4153 Est
1380 4089 1665 4172 partium
1687 4089 2033 4157 viventium
2054 4088 2328 4154 humani
2348 4090 2626 4173 corporis
2649 4088 2736 4154 ad
2756 4088 3024 4154 actium-3

120 4176 415 4240 naturales
448 4176 819 4242 exercendas
862 4177 1228 4261 impotentia
1272 4198 1385 4241 seu
1428 4176 1788 4261 ineptitudo
1832 4177 1910 4242 ab
1956 4177 2301 4242 earundem
2321 4178 2752 4244 constitutione
2777 4189 3026 4262 praeter

120 4271 400 4329 naturam
421 4276 633 4332 ortum
656 4264 909 4330 habens.
934 4264 1146 4329 Instit.
1170 4262 1480 4329 Medecin.
1506 4265 1618 4329 lib.
1644 4266 1705 4329 2.
1731 4269 1898 4349 part.
1927 4265 1984 4330 1.
2011 4286 2065 4331 c.
2095 4266 2154 4331 1.
2179 4264 2300 4330 Est
2321 4266 2491 4330 enim
2506 4267 2766 4332 morbus
2781 4288 3023 4351 ponen-

39 4412 41 4421 ,
122 4347 223 4414 dus
248 4351 313 4416 in
354 4354 735 4439 impotentia
772 4352 853 4419 ad
884 4353 1227 4439 agendum,
1248 4357 1321 4418 ut
1344 4358 1441 4418 est
1472 4354 1639 4438 apud
1668 4355 1980 4421 Calenum
2023 4355 2080 4417 1.
2104 4353 2180 4419 de
2209 4354 2426 4420 dis-ser.
2454 4355 2724 4421 Morbor.
2749 4376 2801 4422 c.
2828 4356 2890 4421 2.
2915 4352 3022 4420 Sic

123 4438 293 4505 etiam
346 4444 584 4526 peccati
644 4444 811 4508 ratio
857 4441 1144 4507 formalis
1189 4441 1237 4506 δι
1276 4442 1633 4507 essentialis
1658 4447 1774 4524 est,
1799 4442 2074 4528 privatio
2097 4444 2496 4509 rectitudinis
2519 4444 2769 4509 debitae
2794 4443 2860 4508 in
2885 4466 3022 4509 esse

1517 4538 1595 4593 10
2851 4532 3022 4596 actui
