3694 4871
513 287 887 354 D1sp.1x.
935 289 1040 354 Da
1087 288 1334 354 Suro
1383 289 1840 354 Ensc'roauu
1886 312 2071 354 Ani-s
2118 291 2727 356 Convnaslonzu.
2958 290 3087 356 263

165 497 386 538 causae
417 473 888 540 reformationis
919 475 1249 556 favissent,
1298 479 1522 560 postea
1565 479 1782 541 tamen
1805 475 2043 541 irritati
2076 478 2115 540 a
2138 477 2370 542 nostris
2395 483 2509 543 aut
2532 480 2571 542 a
2591 476 2945 543 Pontificiis
2975 477 3087 543 de-

87 621 94 626 ,
165 561 354 640 liniti,
409 563 616 628 acrius
659 586 726 628 se
775 564 836 628 ei
881 569 1344 648 opposuerunt3
1372 563 1484 628 alii
1509 564 1575 628 in
1601 563 1851 650 Papatu
1875 564 2151 630 maxime
2182 565 2555 633 affectantes
2580 587 2718 632 esse
2742 566 2818 630 de
2840 570 3087 650 papatu

165 655 262 738 (ut
314 651 567 735 quidem
627 657 886 718 externe
931 675 1083 737 prae
1109 676 1175 718 se
1199 653 1441 736 ferunt)
1465 653 1532 716 in
1555 653 1739 737 praxi
1773 657 1987 718 tamen
2017 653 2278 738 pietatis
2306 657 2351 720 ἃ
2376 655 2509 720 vita
2534 655 2781 740 privata
2807 657 2846 719 a
2868 654 3086 739 papali

163 739 444 805 doctrina
490 742 536 807 ἃ
588 741 720 805 vita
773 763 900 806 non
947 743 1210 807 obscure
1241 743 1590 806 recedunt?
1646 744 1828 826 Hesp.
1876 741 1949 806 In
1977 765 2211 828 genere
2238 741 2419 830 [pag.
2447 742 2609 828 423]
2644 742 2945 819 dicimus;
2974 747 3087 807 aut

165 851 298 895 esse
323 851 584 906 crassos,
611 833 724 894 aut
747 830 1016 894 subtiles
1051 830 1449 915 hypocritas:
1485 833 1599 894 aut
1622 830 2006 915 incomplete
2035 853 2403 897 conversos:
2452 834 2566 897 aut
2603 833 2915 917 complete
2938 831 3085 916 qui-

161 917 300 981 dem
347 941 700 996 converSOS,
741 920 788 985 ἃ
811 918 878 982 in
902 919 1110 1003 specie
1135 918 1333 984 fuisse
1362 923 1630 994 nostros,
1657 921 1766 984 sed
1793 919 2059 1004 eclipsin
2084 920 2164 983 ad
2186 923 2439 1006 tempus
2464 942 2704 1005 passos,
2754 923 2833 984 Et
2856 942 3085 1004 quam-

163 1005 252 1071 vis
289 1008 580 1091 exempla
603 1007 820 1072 odiosa
841 1007 1003 1072 sint:
1037 1029 1152 1072 nos
1175 1007 1480 1072 tamenin
1505 1006 1663 1072 haec
1685 1009 1979 1092 paucula,
2005 1030 2130 1073 non
2162 1030 2388 1091 parum
2411 1013 2629 1074 tamen
2658 1009 2829 1072 inter
2858 1031 2925 1072 se
2956 1008 3085 1073 dis-

161 1095 454 1172 sidentia,
480 1096 714 1179 inquiri
738 1096 1191 1180 permittimus,
1216 1100 1288 1160 ut
1313 1119 1390 1161 ex
1420 1095 1594 1160 Vitis
1625 1097 1672 1162 8v
1695 1096 1947 1180 scriptis
1988 1118 2207 1162 eorum
2230 1097 2475 1180 aliquid
2498 1100 2822 1162 statuatur
2852 1100 3083 1181 (quan-

161 1185 294 1247 tum
341 1183 478 1248 fieri
527 1185 783 1268 potest),
835 1185 1002 1268 quod
1048 1185 1504 1268 respondeatur
1550 1185 1929 1250 adversariis
1976 1185 2271 1250 meliores
2317 1185 2463 1252 illas
2511 1185 2757 1250 animas
2807 1207 2885 1249 ex
2930 1185 3086 1264 suiS,

160 1271 738 1338 abominationibus
771 1275 818 1340 ἃ
841 1273 1132 1338 sordibus
1159 1272 1440 1356 Papatus
1465 1273 2051 1356 praetendentibus
2100 1270 2265 1337 Sunt
2288 1278 2505 1339 autem
2527 1273 2855 1351 ErasmuS,
2882 1271 3083 1338 Sado-

160 1359 348 1438 letus,
374 1361 786 1436 contarenus,
811 1362 1028 1440 Polus,
1053 1361 1334 1426 Isidorus
1361 1359 1634 1439 Clarius,
1661 1360 1979 1426 Antonius
1996 1361 2371 1441 Flaminius,
2390 1361 2744 1428 Cardinalis
2764 1364 3081 1440 Moronus,

160 1447 512 1514 cardinalis
537 1449 799 1529 Hosius,
825 1449 1313 1515 Bartholomeus
1346 1448 1648 1528 Caranza,
1675 1449 2044 1528 Cassander,
2079 1449 2433 1516 Balduinus
2470 1449 2531 1516 J.
2560 1449 2628 1515 C.
2654 1449 3079 1533 Espencaeus,

161 1535 442 1602 Renatus
490 1538 892 1616 Benedictus,
942 1538 1221 1604 Michael
1267 1537 1504 1623 BayuS,
1539 1537 1903 1622 Gropperus
1949 1537 2401 1616 Bellarminus,
2424 1537 2857 1622 Stapletonus,
2882 1536 3085 1602 Baro-

161 1625 319 1706 niuS,
366 1626 696 1692 Cornelius
735 1631 774 1691 a
805 1626 1064 1712 Lapide,
1093 1626 1364 1703 Zwarez,
1394 1625 1707 1704 PereriuS,
1736 1627 1836 1692 διο.
1862 1625 1975 1690 ΙΧ.
2015 1627 2224 1693 Proba.
2252 1625 2419 1702 Quid
2443 1627 2519 1692 de
2542 1626 2737 1710 Papis
2768 1625 3084 1710 imprimis

152 1714 282 1796 jam
327 1716 475 1780 inde
530 1718 570 1780 a
615 1715 924 1801 Gregorio
956 1715 1105 1780 VII.
1139 1715 1546 1780 statuendum
1565 1718 1596 1779 Ρ
1631 1713 1734 1779 An
1766 1714 1885 1780 ulli
1909 1716 2195 1798 ipsorum
2226 1715 2553 1800 potuerint
2578 1737 2714 1781 esse
2738 1713 3013 1800 regeniti
3036 1715 3082 1782 St

159 1802 374 1880 electi;
401 1826 546 1869 cum
569 1804 859 1869 dicantur
882 1805 1001 1869 filii
1026 1803 1399 1889 perditionis
1424 1804 1482 1867 2.
1529 1802 1798 1868 Thessal.
1850 1805 1911 1867 2.
1953 1805 2132 1888 Hesp.
2165 1803 2311 1890 Ne9.
2336 1825 2479 1870 eum
2510 1805 2653 1870 dise.
2678 1802 2992 1887 siquidem
3015 1803 3084 1867 in

160 1913 268 1956 suo
313 1915 525 1968 sensu,
573 1916 688 1958 sua
726 1893 1100 1973 intentione,
1133 1894 1180 1958 &
1204 1891 1561 1957 formaliter
1583 1890 1823 1957 fuerint
1846 1891 2062 1976 Papae
2087 1894 2133 1959 ἃ
2168 1891 2575 1973 Antichristi,
2600 1893 2942 1958 secundum
2972 1891 3084 1956 de-

161 1980 563 2065 scriptionem
595 1981 973 2047 Antichristi
997 1985 1057 2046 2.
1103 1981 1370 2047 Thessal.
1398 1981 1457 2044 2.
1486 1980 1532 2045 8⁶
1557 1982 1808 2065 Apocal.
1841 1981 1941 2044 13.
1978 1983 2025 2048 ἃ
2054 1981 2157 2047 17.
2174 2003 2317 2047 cum
2341 1981 2529 2046 factis
2554 1981 2877 2046 collatam.
2900 1979 3081 2055 Quod

160 2068 504 2154 impietatis
528 2070 860 2156 fastigium
886 2071 1134 2135 interne
1161 2071 1207 2136 ἃ
1231 2091 1346 2134 suo
1371 2091 1581 2145 sensu,
1609 2091 1680 2134 ac
1703 2072 1935 2134 conatu
1965 2091 2111 2134 cum
2148 2092 2264 2135 nec
2286 2071 2581 2155 attigisse
2604 2091 2720 2133 nec
2750 2069 3081 2134 affectasse

163 2159 493 2223 nonnullos
519 2161 896 2244 sperandum
921 2159 1006 2224 sit
1031 2181 1128 2242 eit.
1155 2180 1253 2244 gr.
1283 2157 1637 2222 Adrianum
1665 2155 1778 2223 VI.
1798 2161 1905 2243 (ne
1920 2158 2073 2241 quid
2091 2158 2295 2223 dicam
2320 2160 2398 2223 de
2420 2157 2696 2242 simplici
2713 2156 3079 2240 Celestinoz)

163 2246 376 2330 utique
429 2271 552 2313 non
600 2248 932 2314 dicendum
969 2253 1064 2312 est
1096 2247 1383 2312 omnium
1405 2247 1680 2311 salutem
1705 2245 1903 2310 fuisse
1928 2247 2349 2331 desperatam,
2390 2247 2705 2330 siquidem
2728 2249 2877 2311 ante
2907 2267 3079 2310 mor-

162 2336 284 2398 tem
317 2341 468 2401 vera
495 2335 934 2421 resipiscentia
958 2336 1285 2401 dominum
1318 2334 1777 2419 quaesiverint;
1812 2337 1858 2401 ἃ
1882 2335 2243 2418 specialiter
2273 2335 2514 2400 idolum
2538 2357 2723 2399 suum
2748 2332 3079 2399 Antichri-

165 2422 434 2491 stianum
460 2425 864 2491 monarchiae
889 2423 1250 2491 infallibilis
1274 2425 1340 2489 in
1366 2423 1557 2489 rebus
1581 2423 1730 2489 fidei
1753 2425 1799 2491 ἃ
1818 2423 2143 2503 ecclesiae,
2169 2446 2245 2489 ex
2272 2424 2483 2489 animo
2516 2423 2817 2488 detestati
2839 2421 3081 2488 fuerint

164 2516 345 2597 atque
399 2514 770 2600 abjecerint,
813 2515 1127 2598 siquidem
1175 2534 1457 2597 unquam
1487 2512 1649 2578 illud
1670 2512 1738 2577 in
1765 2514 2051 2578 animum
2076 2536 2263 2578 suum
2287 2513 2712 2578 admisissent.
2760 2510 2939 2587 Quod
2963 2533 3077 2596 po-

165 2601 353 2668 tuisse
379 2608 420 2667 a
444 2603 768 2669 nonnullis
790 2604 930 2668 fieri
960 2625 1038 2667 ex
1063 2626 1136 2668 eo
1170 2605 1438 2679 constat,
1473 2600 1626 2685 quia
1649 2604 1688 2665 a
1710 2602 1846 2666 solo
1878 2605 2139 2687 peccato
2160 2602 2228 2665 in
2260 2601 2556 2687 spiritum
2582 2624 2632 2667 s,
2660 2598 2949 2659 ἀδύνατον
2978 2602 3077 2664 est

159 2692 432 2757 converti
481 2692 666 2760 Hebr.
715 2692 774 2756 6.
824 2692 872 2757 ἃ
902 2714 1017 2777 pro
1041 2691 1131 2757 sic
1155 2689 1564 2776 peccantibus
1609 2712 1736 2755 non
1769 2694 1868 2755 est
1891 2690 2219 2755 orandum.
2266 2690 2415 2755 Jam
2440 2711 2588 2755 vero
2610 2710 2730 2772 pro
2755 2688 3075 2772 Paparum

161 2781 552 2847 conversione
573 2786 784 2866 potest
803 2780 994 2846 orari.

243 2865 310 2935 9.
359 2868 530 2935 Usus
552 2870 744 2935 huius
767 2870 1110 2935 doctrinae.
1155 2867 1208 2933 Ι.
1235 2868 1650 2934 didascalicus
1675 2872 1792 2946 est,
1826 2868 1909 2933 ad
1932 2867 2183 2934 felicius
2222 2867 2661 2953 concipiendos
2686 2866 2731 2931 ἃ
2764 2865 3079 2951 explican-

165 2956 264 3021 dos
309 2958 480 3025 locos
525 2980 911 3037 communeS,
959 2960 1036 3023 de
1063 2958 1413 3037 Electione,
1451 2956 1724 3035 foedere,
1757 2956 2066 3036 Ecclesia,
2100 2956 2323 3023 Gratia
2346 2954 2764 3021 universali&
2794 2953 3077 3039 speciali,

163 3042 698 3133 Poedobaptismo,
733 3046 1242 3132 Regeneratione
1283 3048 1329 3113 δι
1367 3046 1795 3121 conversione,
1822 3046 1923 3111 so.
1951 3044 2033 3109 ΙΙ.
2076 3046 2461 3121 Elencticus‚
2486 3045 2566 3109 ad
2588 3044 2781 3109 trica-s
2804 3044 2851 3109 ἃ
2880 3065 3078 3129 quae-

163 3134 388 3202 stiones
439 3137 648 3202 varias
677 3136 1088 3221 Anabaptist.
1129 3134 1740 3213 Remonstrantium,
1775 3132 2253 3199 Pontificiorum
2284 3133 2727 3220 expediendas.
2752 3130 2869 3197 ΙΙΙ.
2894 3131 3079 3196 Prac-

163 3221 316 3289 ticus
343 3227 373 3288 1
388 3276 402 3290 .
431 3230 505 3290 ut
527 3225 914 3290 admiremur
927 3224 1052 3290 Dei
1075 3223 1660 3308 imperscrutabiles
1686 3222 1843 3303 vias,
1870 3222 2103 3307 quibus
2126 3246 2274 3288 suos
2299 3222 2475 3289 ducit
2496 3222 2577 3287 ad
2599 3222 2875 3287 salutem
2897 3221 3076 3287 Rom.

167 3309 262 3375 11.
307 3314 408 3378 33.
447 3316 550 3378 34.
609 3316 670 3378 2.
729 3312 813 3379 Ut
857 3315 903 3380 ἃ
927 3316 1215 3378 nostrum
1238 3314 1285 3380 δι
1309 3312 1583 3377 aliorum
1607 3315 1849 3377 statum
1874 3311 2294 3395 spiritualem,
2320 3312 2580 3396 ejusque
2602 3309 2917 3395 periodos,
2938 3330 3077 3373 mo-

164 3406 386 3482 menta,
419 3425 814 3488 progressus,
845 3422 1174 3488 regressus
1197 3400 1478 3487 penitius
1501 3400 1773 3465 scrutari
1804 3401 1851 3466 δι
1882 3400 2134 3483 assequi
2160 3400 2499 3466 discamus·

247 3487 474 3556 Omnia
504 3514 648 3557 cum
680 3490 971 3569 diximus,
998 3512 1161 3574 quae
1184 3488 1308 3554 Dei
1331 3488 1546 3575 gratia
1567 3488 1688 3553 hac
1711 3488 1846 3553 vice
1870 3489 2287 3582 occurrebant
2310 3487 2592 3565 dicenda,
2618 3488 2836 3549 manet
2856 3486 3075 3550 tamen

162 3574 309 3643 illud
329 3578 684 3645 Servatoris
707 3578 750 3645 -J
751 3580 855 3645 oh.
883 3581 944 3644 3.
978 3580 1038 3643 8.
1071 3575 1142 3637 τὸ
1166 3578 1418 3653 Πνεῦμα
1438 3575 1581 3637 ὅπου
1601 3575 1765 3637 Βέλει
1784 3584 1929 3637 πνεῖ.
1960 3576 2062 3642 ἃς..
2110 3576 2237 3637 ἀλλ
2300 3574 2401 3637 οὐκ
2444 3564 2625 3651 οἶδας,
2674 3573 2776 3639 ἃς).

1123 3814 1512 3912 Appendix
1563 3813 2103 3901 Quaestionum

733 3964 886 4037 DE
955 3964 1422 4041 SURDIS
1499 3965 1642 4037 ΕΤ·
1717 3958 2502 4037 AMEN'I'IBUS.

251 4182 310 4251 l.
356 4186 406 4251 Ι.
461 4187 710 4268 Quae-32.
745 4188 900 4265 Quis
947 4189 1032 4254 sit
1054 4193 1262 4254 status
1285 4189 1514 4255 salutis
1539 4188 1894 4253 surdorum.
1930 4187 2109 4270 Resp.
2135 4182 2327 4249 Surdi
2348 4187 2498 4249 sunt
2524 4183 2623 4248 vel
2650 4186 2688 4247 a
2711 4182 3071 4259 nativitate,

169 4271 257 4335 vel
280 4294 352 4339 ex
375 4298 521 4342 casu
553 4281 780 4363 postea
811 4278 1318 4363 superveniente.
1373 4278 1772 4351 Posteriores,
1813 4274 2129 4358 siquidem
2162 4272 2410 4338 tamdiu
2449 4271 2673 4337 auditu
2704 4270 2912 4357 gavisi
2935 4269 3071 4335 fue-

169 4358 286 4425 rint
307 4368 375 4429 ut
396 4365 615 4432 literas
639 4366 876 4433 discere
900 4367 1226 4451 potuerint
1247 4368 1294 4433 ἃ
1319 4367 1536 4451 aliqua
1558 4365 1706 4431 fidei
1730 4366 2046 4430 elementa
2067 4361 2461 4441 imbiberint,
2486 4384 2563 4427 ex
2586 4361 2857 4425 lectione
2872 4358 3073 4511 sprip-

2922 4468 3077 4512 urae
