3694 4871
866 325 1102 390 Dtsp.
1160 323 1432 391 XLDn
1479 324 1944 390 8111311110
1993 347 2085 390 01·
2133 323 2478 390 Fas'rrs.
3006 327 3134 390 317

174 533 317 594 pus
376 511 801 576 ministerium
846 509 1005 575 illud
1035 511 1329 575 omnibus
1360 509 1740 575 Christianis
1767 509 2215 575 interdixisset.
2267 509 2356 576 Ut
2388 511 2586 575 refert
2613 511 2683 576 R.
2709 509 2876 576 luda
2901 512 2977 576 de
3002 514 3136 579 Mo·-

171 599 361 664 dena
386 599 947 686 archi-symlqoqus
978 597 1266 663 Venetus
1290 599 1355 662 in
1383 611 1555 664 tract.
1584 599 1658 664 de
1680 599 1904 664 ritibus
1930 600 2358 674 ludaeoram;
2392 620 2580 681 quem
2605 621 2746 662 cum
2781 597 2870 664 M.
2897 598 2961 664 S.
2991 606 3138 665 ante

173 710 401 752 0111103
426 688 818 753 commodato
842 692 1171 770 acceptum
1197 687 1277 750 ab
1304 688 1528 765 amic0,
1554 688 1972 772 perlegerem,
2000 687 2168 752 inter
2193 687 2321 752 alia
2344 688 2509 751 hanc
2533 686 2964 752 narrationem
2992 689 3137 753 inde

21 785 79 828 5³⁴·
168 777 471 840 enotavi.
496 776 880 841 Essenorum
907 775 1373 840 sabbathizatio
1397 778 1615 861 (quam
1642 797 1785 839 cum
1804 776 2114 860 Scaliqero
2139 776 2557 858 probabiliter
2574 776 2780 840 dicere
2799 799 3135 859 possumus

26 853 65 913 ἕ
168 864 264 928 ab
322 861 611 947 apostolo
666 865 789 930 col.
849 865 909 928 2.
958 863 1317 947 specialiter
1347 865 1556 946 tangi)
1582 864 1663 928 ab
1696 863 1991 928 omnibus
2018 863 2246 928 eduliis
2280 863 2643 946 coquendis,
2671 863 2878 949 &igni
2905 888 3130 930 000011-

21 953 69 1002 ·2-
166 952 421 1030 ‹lend0,
468 952 663 1016 etiam
709 957 746 1016 a
791 953 1123 1052 purganda
1168 951 1310 1016 alvo
1342 951 1724 1025 abstinebat,
1751 956 1912 1016 teste
1939 953 2030 1016 m.
2067 951 2334 1035 1011ορ110
2360 951 2464 1017 lib.
2493 953 2551 1015 2.
2586 953 2877 1038 antiquie.
2904 975 3036 1037 cap.
3077 955 3134 1017 7.

166 1038 315 1104 Sed
341 1039 661 1106 refutatur
692 1040 847 1105 haec
870 1041 1151 1104 essenica
1173 1040 1219 1105 &
1244 1039 1512 1104 Judaica
1536 1041 1749 1126 glossa
1774 1063 1847 1104 ac
1870 1039 2102 1122 praxis.
2139 1038 2190 1104 I.
2221 1040 2429 1122 Quia
2413 1063 2477 1103 1n
2505 1041 2746 1124 templo
2772 1064 2884 1106 seu
2908 1042 3128 1105 taber-

169 1129 425 1193 naculo
472 1129 823 1194 sacerdotes
869 1129 1202 1193 struebant
1248 1129 1485 1214 ignem,
1526 1150 1681 1213 ergo
1706 1127 2084 1212 simpliciter
2107 1150 2230 1192 non
2264 1128 2660 1212 prohibetur
2713 1129 2772 1192 2.
2807 1129 2970 1208 Quia
2997 1135 3136 1194 erat

168 1218 311 1281 hoc
336 1239 496 1300 opus
520 1217 913 1282 necessitatis
932 1218 1012 1317 ad
1034 1217 1367 1281 caritatem
1389 1217 1683 1300 proximi,
1709 1216 2024 1300 imprimis
2049 1239 2174 1300 pue
2177 1239 2251 1300 rp
2269 1239 2420 1295 1,100
2449 1215 2712 1280 infantis
2741 1239 2960 1282 recens
2977 1219 3136 1296 nati,

166 1305 463 1390 aegroti,
488 1305 789 1390 decrepiti
814 1304 1004 1384 senis,
1030 1305 1225 1368 immo
1242 1305 1675 1388 jumentorum
1700 1307 1799 1370 810.
1837 1306 1895 1366 3.
1927 1305 2092 1386 Quia
2117 1308 2401 1368 servator
2423 1327 2538 1368 sua
2563 1326 2688 1368 non
2716 1305 2900 1390 [pag.
2933 1307 3134 1390 1251]

26 1417 65 1450 ‚⁹
167 1399 449 1457 tantum
496 1395 797 1472 doctrina,
854 1393 963 1457 sed
1010 1393 1205 1457 etiam
1252 1393 1543 1476 exemplo
1568 1393 1850 1478 glossam
1887 1393 2052 1457 hanc
2078 1391 2382 1457 refutavit
2406 1395 2550 1458 Luc.
2597 1393 2697 1456 14.
2733 1395 2790 1457 l.
2817 1395 3132 1478 siquidem

54 1504 69 1528 1
164 1503 493 1546 accensus
550 1482 715 1566 ignis
770 1483 815 1548 &
860 1481 941 1545 ad
993 1482 1153 1546 illud
1183 1480 1525 1546 calefactus
1552 1481 1729 1546 cibus
1755 1479 2155 1565 profanasset
2177 1480 2588 1559 sabbathum,
2619 1481 2839 1563 utique
2875 1504 3129 1547 accessu

166 1593 307 1634 suo
334 1570 418 1634 ad
438 1571 795 1634 convivium
817 1569 1257 1654 profanatores
1290 1569 1433 1633 illos
1461 1592 1585 1634 non
1612 1570 2066 1634 confirmasset.
2118 1569 2178 1632 4.
2209 1569 2386 1634 Adde
2415 1569 2584 1653 quod
2611 1569 2777 1634 inter
2802 1568 3131 1634 Rabbinos

168 1660 255 1725 R.
315 1657 496 1724 Aben
524 1657 694 1723 Εἶτα
727 1657 1004 1742 exponit,
1038 1657 1283 1721 licitum
1307 1656 1504 1722 fuisse
1537 1659 1755 1742 ignem
1780 1658 2141 1722 accendere.
2189 1656 2290 1722 Ita
2323 1658 2578 1742 quidem
2605 1657 2802 1722 refert
2853 1660 3132 1726 Willetus

30 1778 57 1786 ·-
164 1747 268 1812 ad
324 1747 521 1812 Erod.
572 1748 655 1809 35
701 1768 760 1811 v.
810 1749 871 1810 2.
914 1743 1039 1811 Sed
1084 1758 1407 1810 comment.
1444 1747 1619 1813 Aben
1652 1748 1821 1812 Ezra
1844 1743 2159 1811 0111οο11171
2183 1747 2283 1812 cit.
2311 1749 2356 1812 &
2383 1747 2470 1812 ad
2501 1747 2698 1811 Est-od.
2735 1748 2834 1810 16.
2870 1749 2974 1811 23.
3003 1749 3131 1812 tale

23 1851 71 1908 fis,
166 1833 345 1919 quid
402 1857 525 1897 non
580 1835 853 1898 habent:
893 1833 1082 1898 Forte
1108 1835 1258 1898 alibi
1287 1834 1406 1899 1100
1430 1834 1609 1898 dixit.
1660 1835 1878 1918 Atque
1905 1834 1996 1899 ita
2025 1834 2182 1898 satis
2209 1857 2522 1919 superque
2547 1834 2590 1899 J
2593 1836 2937 1900 udaeorum
2965 1837 3130 1901 circa

168 1922 510 1988 Sabbathi
563 1923 1069 1988 observationem
1116 1922 1414 2006 ineptiae,
1457 1944 1615 2005 quas
1640 1945 1834 2006 supra
1861 1945 1936 1986 ex
1961 1927 2142 2006 parte
2169 1923 2525 2008 attigimm,
2551 1924 2930 2008 profligatae
2956 1930 3125 1988 sunt.

30 2024 53 2086 Γ·
172 2013 445 2078 nivems
470 2012 553 2076 ad
575 2012 675 2076 Ea:
698 2012 775 2076 ad.
804 2013 905 2075 35.
928 2035 1003 2075 ex
1023 2013 1265 2077 Isidoro
1293 2011 1614 2078 Pelusiotd
1634 2011 1817 2096 (Quis
1842 2011 2007 2075 liber
2031 2012 2116 2076 sit
2141 2013 2186 2077 &
2203 2015 2396 2095 quota
2419 2011 2707 2094 epistola,
2729 2035 2851 2075 non
2872 2011 3127 2091 indicat,

23 2141 47 2179 3
168 2123 305 2164 1100
327 2099 397 2162 111
423 2100 677 2182 epistola
707 2101 792 2164 ad
824 2100 1185 2184 Euoptium,
1212 2121 1373 2182 quae
1399 2099 1653 2178 citatur,
1680 2099 2028 2182 quidquam
2053 2099 2404 2182 comparet)
2432 2098 2630 2163 refert
2659 2099 2978 2164 Judaeum
3011 2123 3127 2165 na-

168 2189 540 2273 vigantem,
577 2189 857 2252 noluisse
880 2189 1131 2252 clavum
1154 2209 1392 2272 regere.
1446 2186 1667 2252 Refert
1691 2186 1928 2252 ibidem
1956 2189 2204 2254 Rivems
2230 2187 2428 2251 alium
2455 2209 2644 2270 quem
2669 2188 2951 2272 ejusdem
2985 2211 3126 2253 coe-

23 2331 26 2342 .
57 2331 66 2339 .
170 2275 411 2342 citatis
457 2276 732 2341 uoluisse
780 2299 853 2341 ex
880 2277 1110 2352 cloaca,
1137 2276 1203 2340 in
1236 2298 1428 2359 quam
1460 2276 1559 2340 die
1586 2274 1888 2340 sabbathi
1917 2275 2227 2340 inciderat
2253 2275 2539 2341 extrahi:
2565 2298 2644 2340 ex
2695 2275 3120 2356 Volaterravw,

23 2411 51 2450 3.
168 2387 311 2449 quo
368 2369 484 2428 aut
537 2369 729 2448 quoto
776 2365 939 2429 libro
963 2387 1088 2430 non
1115 2363 1387 2428 additur.
1435 2364 1659 2429 Certus
1684 2364 1842 2428 mihi
1877 2366 2062 2428 autor
2092 2361 2454 2429 Munsterus
2481 2366 2551 2430 in
2583 2365 2831 2429 scholiis
2857 2366 2943 2430 ad
2969 2368 3124 2430 Mat·

171 2456 405 2519 eheu-m
459 2454 832 2520 Hebraicum
876 2455 961 2519 ad
1006 2475 1140 2538 cap.
1172 2455 1273 2517 12.
1301 2456 1346 2520 81
1378 2453 1819 2538 Ηοερίπίαηιιε
1844 2474 1912 2538 p.
1945 2455 2048 2516 12.
2081 2453 2317 2517 alicubi
2349 2453 2415 2517 in
2451 2452 2792 2519 Germania
2825 2454 3121 2540 (Magde-

168 2542 411 2627 burgi)
435 2540 749 2607 Judaeum
782 2542 881 2607 die
913 2541 1213 2607 sabbathi
1245 2542 1309 2605 in
1334 2541 1598 2607 foricam
1623 2541 1937 2619 incidisse,
1963 2563 2152 2624 quem
2177 2542 2514 2626 populares
2541 2543 2759 2607 eodem
2786 2543 2884 2607 die
2911 2548 3120 2607 extra-

24 2679 49 2716 ‚2
166 2632 341 2696 here
364 2630 705 2695 noluerint:
734 2652 1001 2715 cumque
1024 2631 1353 2714 episcopus
1378 2630 1499 2695 loci
1526 2630 1865 2695 vertuisset
1887 2630 1988 2695 die
2013 2630 2328 2694 dominico
2353 2630 2620 2695 eundem
2639 2630 2911 2707 extrahi,
2932 2632 3123 2696 tertio

170 2721 447 2784 demum
473 2719 593 2799 die,
618 2720 729 2803 qui
753 2723 893 2783 erat
916 2719 1123 2794 lunae,
1152 2718 1453 2783 miserum
1478 2719 1801 2783 hominem
1834 2718 2348 2782 indeliberatum
2383 2718 2601 2783 fuisse.
2653 2718 2800 2782 Vah
2825 2720 3123 2783 stolidam

172 2811 221 2875 81
280 2829 565 2872 crassam
596 2806 1009 2892 hypocrysin!
1043 2807 1233 2892 genio
1257 2806 1608 2892 indulgere,
1635 2806 1977 2872 cuticulam
2005 2830 2228 2871 curare
2259 2808 2508 2871 licebit:
2537 2829 2728 2890 opera
2752 2807 3122 2873 misericor-

23 2868 39 2983 r
172 2898 351 2975 diae,
397 2897 443 2962 81
472 2895 765 2977 quidem
748 2918 813 2958 m
839 2898 1019 2959 tanta
1042 2894 1419 2959 necessitate
1440 2900 1765 2979 praestare
1793 2917 1919 2957 non
1952 2894 2190 2959 licebit.
2243 2894 2408 2959 Vide
2433 2917 2596 2979 quae.
2629 2896 2704 2960 de
2737 2896 3126 2961 Essenorum

172 2984 523 3068 stupendis
555 2982 717 3048 1100
700 3006 766 3047 10
791 2988 971 3068 parte
995 2983 1551 3067 superstitionibus
1576 2988 1794 3048 narrat
1818 2984 1910 3048 Fc.
1944 2983 2266 3067 1030711103,
2301 2983 2403 3048 lib.
2434 2986 2492 3047 2.
2521 2985 2596 3049 de
2619 2985 2789 3050 Becco
2816 2984 2858 3051 J
2862 2986 2967 3050 ud
2993 3008 3126 3083 cap

174 3074 238 3137 7.
296 3072 413 3139 80.
464 3073 510 3137 81
557 3094 632 3136 ex
678 3094 753 3137 eo
784 3076 1046 3137 enotant
1070 3071 1467 3150 recentioreS,
1493 3076 1639 3155 post
1662 3072 1818 3136 alios
1843 3093 2062 3137 omnes
2086 3071 2272 3155 plene
2305 3072 2663 3139 Sculletus
2641 3094 2710 3137 m
2735 3074 2994 3141 Emercic.
3020 3068 3126 3139 ad

176 3160 618 3245 Evanqelistas
650 3159 754 3225 lib.
787 3162 841 3225 1.
868 3181 1045 3245 capp.
1075 3160 1359 3223 28-34,
1384 3159 1522 3224 Nec
1545 3160 1733 3224 hodie
1759 3182 1943 3224 coeca
1967 3180 2124 3245 gens
2151 3163 2196 3223 a:
2213 3161 2526 3245 majorum
2550 3161 2840 3247 vestigiis
2866 3163 3122 3227 recedit.

172 3248 459 3313 Memini
508 3271 649 3312 cum
698 3248 951 3333 scriptis
994 3248 1127 3312 suis
1158 3247 1226 3311 in
1263 3248 1485 3332 Belgio
1518 3270 1643 3313 non
1666 3248 1926 3334 ignotus
1956 3249 2025 3313 R.
2059 3249 2336 3315 Menas-se
2364 3248 2478 3315 ben
2510 3250 2705 3315 Israel
2735 3250 3126 3315 ι1011000111111

171 3336 876 3402 Amstelodamensium
925 3335 1327 3402 concionator
1379 3340 1525 3401 ante
1580 3358 1778 3401 annos
1830 3336 2076 3419 aliquot
2123 3338 2290 3401 diem
2338 3338 2783 3402 sabbathicum
2814 3343 3122 3422 tanquam

170 3426 473 3491 vacivum
494 3425 619 3503 (uti
649 3425 785 3509 ipse
810 3424 991 3489 nobis
1015 3424 1359 3508 referebat)
1385 3425 1737 3490 excursioni
1764 3426 1841 3489 ad
1869 3424 2054 3490 varia‘
2068 3425 2206 3489 loca
2231 3428 2276 3491 81
2302 3425 2652 3490 salutandis
2683 3426 2873 3489 variis
2897 3426 3118 3491 amicis

172 3538 253 3579 ac
280 3512 645 3578 fautoribus
670 3513 1066 3592 destinasset,
1084 3534 1157 3578 ac
1181 3536 1295 3597 pro
1313 3513 1481 3578 virili
1501 3513 1916 3597 impenderet,
1935 3516 2126 3595 atque
2144 3518 2272 3577 una
2287 3513 2714 3597 Ultrajectum
2729 3515 3053 3593 inviseret,
3076 3516 3121 3579 81

172 3603 247 3667 in
275 3602 665 3685 colloquium
692 3624 935 3667 mecum
959 3601 1027 3666 in
1051 3602 1312 3666 aedibus
1336 3601 1621 3666 nobiliss.
1648 3603 1693 3667 &
1710 3601 2026 3666 eruditiss·
2052 3601 2193 3680 viri,
2215 3607 2340 3685 quo
2357 3603 2482 3666 ista
2499 3602 2822 3667 occasione
2840 3624 3116 3667 accerse-

170 3692 323 3771 bar,
349 3690 694 3769 incidisset,
736 3711 984 3755 comma
1007 3690 1265 3773 aliquod
1290 3712 1366 3753 ex
1389 3689 1608 3754 bibliis
1632 3688 1968 3754 Hebraicis
2003 3690 2100 3769 (de
2128 3691 2304 3774 cujus
2331 3690 2645 3755 scribendi
2671 3691 2855 3755 modo
2879 3692 3118 3756 mentio

170 3780 419 3864 injecta
466 3780 629 3862 erat)
656 3778 1009 3843 describere
1034 3782 1372 3864 gravatum
1426 3776 1643 3843 fuisse.
1694 3777 1854 3842 Cum
1887 3776 2056 3841 enim
2090 3782 2280 3843 antea
2305 3778 2486 3843 nobis
2523 3782 2746 3861 sponte
2777 3780 3114 3844 obtulisset

178 3867 360 3931 modi
384 3866 560 3932 illius
584 3866 897 3931 scribendi
922 3866 1367 3945 ostensionem,
1394 3868 1441 3932 81
1469 3866 1729 3931 chartae
1752 3865 2112 3949 postulatae
2132 3866 2264 3949 jam
2292 3867 2608 3931 calamum
2621 3889 2812 3931 manu
2847 3867 3117 3950 prehen-

176 3977 329 4020 sum
380 3954 790 4039 imposituras
831 3959 1017 4035 esset,
1043 3955 1189 4019 ilico
1220 3954 1883 4033 manumretrahebat,
1912 3954 2144 4033 (1100113,
2173 3977 2240 4019 30
2267 3955 2583 4019 recordari
2604 3977 2772 4019 nunc
2805 3976 2940 4019 esse
2965 3957 3114 4019 sab-

174 4044 479 4123 bathum,
534 4065 659 4128 quo
682 4066 840 4127 opus
886 4045 1157 4123 nullum,
1206 4048 1661 4125 consequenter
1684 4064 1798 4107 nec
1820 4042 1942 4106 hoc
1967 4064 2122 4125 opus
2155 4042 2516 4126 scriptionis
2541 4042 2902 4107 faciendum
2929 4048 3114 4132 esset.

177 4134 368 4218 [pag.
404 4132 629 4217 1252]
