3694 4871
637 341 766 406 260
947 342 1174 410 Drsr.
1227 341 1340 408 IX.
1388 341 1504 407 Ds
1549 339 1804 406 SrA'rt'
1852 339 2343 406 Enscrontn
2390 363 2577 405 sie-rs
2621 341 3263 407 Convensionsn.
3638 0 3671 546 1

633 531 774 592 tum
797 527 1122 611 peccandi,
1149 527 1606 592 conscientiam
1629 525 2105 596 cauterizatam.
2136 524 2569 590 Atheismum.
2602 528 2783 608 Resp.
2816 523 3095 589 Videtur
3106 524 3572 612 affirmandum
3668 547 3670 604 ᾗ

639 637 718 680 ex
767 615 998 702 Ephes.
1023 617 1088 681 4.
1115 616 1301 702 [pag.
1327 615 1488 700 419]
1523 618 1622 679 16.
1653 615 1759 678 19.
1785 615 1832 680 ἃ
1854 636 1909 680 c.
1932 615 1995 678 2.
2020 615 2082 678 2.
2108 615 2171 678 3.
2202 615 2307 678 12.
2362 617 2541 682 Bona.
2566 616 2629 678 3.
2660 616 2761 677 12.
2793 615 2893 676 13.
2920 615 3071 678 coll.
3092 635 3239 678 cum
3272 615 3457 678 M.
3482 615 3571 676 14.
3667 663 3670 672 ,

638 705 696 769 1.
733 706 796 770 1.
850 705 990 770 Cor.
1041 704 1106 769 6.
1139 707 1202 771 9.
1261 704 1362 768 10.
1408 705 1512 767 11.
1571 705 1686 769 Tit.
1713 705 1774 767 3.
1800 705 1863 769 3.
1912 701 2149 767 XXXI.
2178 702 2397 769 Probl.
2442 703 2570 781 An,
2600 725 2745 767 cum
2768 724 3229 786 nonnunquam
3252 707 3573 784 auteoepe
3668 679 3670 718 ⁵

634 793 882 894 aliquos
917 815 1136 857 eornm
1165 797 1530 876 praeservat
1553 791 1729 856 Deus
1753 792 1836 856 ab
1864 813 2125 892 excessu
2149 793 2413 876 peccati,
2436 793 2503 856 in
2527 814 2717 876 quem
2742 791 2855 892 alii
2884 791 3199 892 incidunt,
3222 791 3453 891 gratia
3474 790 3571 854 illa

635 880 2101 1054 ananan.‚umanum
2122 879 3189 1053 ‘523¹.5¹3{232”3‡5¹.2ss{1332⁸33ffl
3210 879 3569 1032 ww*

635 1061 852 1122 autem
901 1079 1066 1140 quae
1111 1059 1158 1124 ἃ
1187 1057 1397 1141 qualis
1427 1059 1514 1123 sit
1537 1059 1883 1123 intrinseca
1920 1056 2121 1141 ipsius
2144 1057 2395 1142 gratiae
2420 1057 2881 1142 (dispositionis
2912 1057 3051 1121 scil.
3100 1056 3505 1121 inhaerentis
3528 1061 3569 1123 8

633 1145 1018 1234 impressae)
1062 1145 1470 1231 reprimentis
1516 1147 1768 1231 passive
1799 1147 2028 1223 dictae,
2054 1167 2217 1230 quae
2242 1145 2547 1230 recipitur
2569 1147 2616 1212 a
2640 1146 3037 1229 subjectatur
3058 1145 3127 1208 in
3148 1151 3383 1210 mente
3410 1148 3457 1212 ἃ
3478 1167 3565 1208 vo-
3668 1161 3670 1164 ⁴

634 1233 882 1300 luntate
907 1234 1206 1312 hominis,
1235 1256 1364 1300 non
1387 1235 1482 1300 ita
1507 1235 1731 1318 liquet,
1757 1256 1922 1318 quae
1948 1234 2105 1308 scil„
2123 1234 2355 1317 qualis,
2372 1239 2633 1318 quanta,
2658 1256 2851 1317 quam
2880 1233 3185 1318 frequens
3210 1235 3305 1298 sit
3336 1235 3404 1298 in
3428 1235 3565 1298 elec-

627 1325 716 1400 te,
739 1323 788 1389 δι
811 1344 937 1388 non
961 1323 1047 1388 sit
1070 1323 1312 1408 pariter
1333 1324 1401 1388 in
1424 1322 1716 1408 reprobo,
1743 1321 1871 1388 Sed
1894 1323 2249 1388 extrinseca
2272 1325 2319 1388 ἃ
2342 1323 2693 1406 respectiva
2718 1321 3043 1386 distinctio
3066 1323 3305 1386 auxilii
3332 1324 3513 1387 istius
3531 1325 3567 1389 lt

628 1411 883 1495 gratiae
935 1412 1140 1477 active
1186 1415 1480 1496 sumptae
1526 1435 1638 1476 seu
1685 1415 1725 1475 a
1769 1415 1953 1496 parte
1997 1408 2141 1482 Dei,
2188 1411 2435 1476 desumi
2464 1415 2675 1494 potest
2726 1411 2783 1475 1.
2832 1409 2939 1473 Ab
2964 1411 3243 1494 objecto,
3266 1412 3449 1494 quod
3468 1417 3569 1486 est,

627 1499 891 1564 electus.
943 1501 1004 1564 2.
1049 1503 1089 1563 a
1135 1522 1326 1565 causa
1371 1500 1716 1584 impulsiva
1762 1500 2017 1564 interna
2062 1520 2227 1582 quae
2258 1504 2356 1563 est
2380 1521 2559 1563 amor
2590 1499 2938 1576 electioniS,
2962 1499 3131 1563 unde
3152 1503 3478 1583 tanquam
3498 1521 3563 1563 ex

631 1585 809 1651 fonte
837 1588 1052 1652 omnia
1075 1587 1236 1653 haec
1267 1588 1510 1652 auxilia
1531 1593 1934 1673 promanant.
1972 1589 2032 1652 3.
2068 1587 2157 1652 Et
2194 1590 2286 1652 sic
2310 1609 2389 1651 ex
2410 1588 2537 1652 fine
2562 1610 2670 1652 seu
2703 1587 3064 1652 intentione
3094 1585 3225 1652 Dei
3259 1589 3569 1664 ultimats,

627 1695 790 1757 quae
846 1681 944 1740 est
1001 1675 1281 1742 hominis
1333 1675 1507 1742 illius
1551 1677 1882 1760 perductio
1936 1677 2015 1740 ad
2068 1676 2348 1760 gratiam
2386 1678 2433 1743 ἃ
2456 1676 2750 1760 gloriam.
2784 1677 2849 1738 4.
2900 1675 3004 1738 An
3031 1676 3259 1756 etiam,
3284 1699 3375 1741 ex
3398 1699 3569 1742 causa

630 1765 1111 1847 procatarctica,
1167 1787 1278 1830 seu
1341 1763 1668 1830 meritoria
1685 1767 1716 1828 ⁴?
1773 1768 1845 1828 ut
1898 1765 2033 1829 scil.
2089 1765 2155 1828 in
2203 1765 2597 1848 repressione
2644 1765 2831 1828 electi
2868 1764 3231 1828 intercedat
3279 1767 3571 1831 meritum

631 1849 906 1929 Christi3
954 1853 1000 1919 δι
1049 1853 1264 1918 omnia
1310 1853 1469 1918 haec
1493 1854 1656 1918 dona
1687 1857 1879 1936 atque
1904 1853 2165 1929 auxilia,
2192 1852 2481 1936 quamvis
2514 1874 2629 1916 suo
2660 1853 2848 1916 modo
2872 1852 3165 1934 reprobis
3192 1855 3571 1929 communia,

627 1939 950 2024 profluant
972 1941 1073 2007 illi
1099 1963 1177 2006 ex
1201 1942 1377 2007 fonte
1401 1941 1515 2006 illo
1540 1942 1921 2026 impetratae
1945 1941 2476 2006 reconciliationis
2500 1943 2546 2006 δι
2570 1941 2798 2005 salutis
2824 1963 2941 2024 pro
2966 1941 3087 2006 tali
3112 1942 3326 2006 electo
3344 1948 3379 2007 P
3406 1942 3571 2007 Nihil

623 2027 885 2094 absurdi
941 2034 1039 2096 est
1084 2030 1139 2094 si
1194 2029 1318 2096 hoc
1348 2031 1613 2094 dicatur.
1681 2031 1953 2115 Vosquez
1982 2030 2069 2094 ad
2096 2032 2154 2094 1.
2176 2051 2285 2115 qu.
2318 2031 2423 2092 23.
2470 2041 2595 2094 art.
2626 2030 2687 2093 4.
2713 2030 2880 2112 disp.
2912 2031 2968 2092 1.
3002 2029 3295 2095 membro
3330 2033 3437 2096 12.
3460 2035 3571 2095 sta·

622 2115 752 2181 tuit
776 2117 1057 2202 gratiam
1083 2116 1327 2182 Christi
1358 2140 1796 2202 praeservasse
1831 2117 2105 2183 Paulum
2128 2140 2206 2182 ne
2233 2121 2523 2201 peccaret
2546 2140 2622 2182 ex
2654 2118 2906 2181 malitia
2932 2119 3023 2202 (1.
3058 2117 3339 2184 Timoth.
3366 2121 3427 2184 1.
3458 2120 3573 2198 13.)

624 2205 671 2272 ἃ
717 2204 786 2270 in
833 2228 1066 2290 genere
1121 2207 1560 2290 qualecunque
1593 2206 1939 2271 vocationis
1970 2206 2248 2284 initium,
2280 2205 2475 2270 etiam
2502 2207 2872 2290 negativum
2896 2207 3099 2292 (quod
3128 2208 3273 2273 scil.
3297 2211 3575 2273 removet

623 2291 1177 2377 impedimentum)
1224 2294 1537 2378 proficisci
1593 2317 1670 2359 ex
1717 2295 1929 2378 gratia
1982 2293 2242 2359 Christi.
2292 2293 2497 2368 Quam
2528 2294 2890 2377 opinionem
2941 2295 3277 2378 improbat
3312 2298 3507 2362 Com.
3539 2298 3575 2360 ὁ

627 2381 864 2467 Lepide
910 2382 980 2449 in
1009 2383 1066 2448 1.
1105 2384 1370 2449 Timolh.
1409 2385 1464 2448 l.
1497 2383 1596 2447 13.
1645 2381 1781 2448 Nos
1821 2382 2031 2449 missis
2072 2405 2291 2448 eorum
2339 2383 2589 2468 pugniS,
2618 2382 2901 2447 dicamus
2926 2383 3395 2451 coercitionem
3419 2389 3575 2451 circs

628 2471 860 2536 electos
893 2494 1269 2556 promanare
1293 2494 1420 2537 non
1446 2477 1696 2536 tantum
1721 2494 1798 2537 ex
1829 2472 2041 2557 gratia
2066 2472 2414 2550 electionis,
2438 2472 2547 2535 sed
2570 2472 2615 2535 δι
2633 2472 2895 2555 speciali
2918 2474 3139 2556 gratia
3162 2473 3421 2539 Christi
3452 2497 3575 2540 me-

627 2558 908 2633 diatoris,
959 2560 1428 2645 impetrationis
1473 2560 1631 2638 scil.,
1677 2582 1804 2643 qua
1834 2560 2101 2625 meritus
2134 2565 2231 2624 est
2277 2561 2434 2645 ipsis
2475 2560 2687 2625 omnia
2711 2581 2875 2643 quae
2908 2562 2991 2625 ad
3014 2562 3301 2627 salutem
3324 2564 3473 2629 sive
3494 2585 3575 2627 re-

625 2650 818 2726 mote,
844 2647 975 2712 sive
1001 2649 1378 2733 propinque,
1402 2649 1536 2713 sive
1569 2648 1855 2731 proxime
1880 2649 2010 2713 sint
2040 2649 2414 2713 necessaria.
2464 2646 2733 2714 XXXII.
2784 2648 2995 2715 Proba.
3030 2648 3133 2714 De
3158 2651 3573 2717 distinctione

627 2734 876 2819 gratiae
899 2737 1308 2820 reprimentis
1354 2737 1418 2801 in
1445 2736 1663 2801 electis
1689 2736 2030 2802 foederatis
2058 2758 2130 2800 ac
2153 2737 2481 2821 regenitis,
2526 2736 2572 2799 Sc
2596 2737 2661 2800 in
2687 2737 2906 2802 electis
2930 2759 3062 2802 non
3088 2739 3474 2816 foederatis,
3498 2762 3573 2804 an

624 2824 672 2888 a
704 2823 914 2907 qualis
939 2824 1056 2888 illa
1080 2824 1186 2903 sit,
1211 2825 1456 2889 nonita
1483 2824 1702 2907 liquet.
1753 2823 1978 2909 Itaque
2004 2825 2319 2889 malumus
2344 2825 2412 2889 in
2436 2826 2941 2909 praesentiarum
2964 2824 3223 2905 ἐπέχειν.
3262 2826 3573 2893 XXXIII.

625 2911 836 2977 Probl.
884 2910 1060 2977 Idem
1085 2912 1353 2977 dicimus
1377 2912 1454 2977 de
1479 2912 1891 2996 sequentibus
1924 2915 1977 2976 1.
2004 2913 2107 2977 Αη
2139 2913 2447 2996 ejusmodi
2478 2914 2903 2997 repressiones
2930 2914 3155 2979 electis
3178 2938 3329 2981 cum
3356 2938 3570 3001 repro·

621 2998 720 3062 bis
752 3020 1116 3065 communes
1147 3003 1192 3067 ἃ
1239 3006 1697 3085 consequenter
1727 3000 2086 3065 formaliter
2132 3000 2466 3066 distinctae
2514 3005 2551 3065 a
2581 3002 2861 3067 motibus
2883 3002 3034 3067 fidei
3059 3005 3109 3069 a
3132 3006 3569 3071 conversionis

619 3086 1060 3172 incompletae,
1093 3090 1471 3172 proveniant
1501 3093 1540 3153 a
1565 3090 1796 3173 spiritu
1829 3092 1876 3157 δι
1916 3088 2155 3154 semine
2180 3090 2691 3175 regenerationes
2714 3090 2781 3154 in
2819 3090 3100 3155 infantia
3122 3091 3473 3177 impresso,
3496 3116 3569 3159 an

618 3196 766 3239 vero
798 3176 880 3241 ab
907 3177 1164 3241 auxiliis
1189 3177 1420 3242 divinis
1445 3184 1488 3239 δι
1513 3178 1744 3263 gratiis
1769 3177 2265 3262 reprimentibus
2291 3178 2697 3262 generalibus
2717 3182 2747 3243 Ρ
2776 3180 2840 3243 2.
2867 3178 3117 3261 Quibus
3140 3184 3569 3265 argumentis,

618 3263 895 3343 motivis,
943 3286 1068 3347 quo
1113 3266 1299 3330 modo
1347 3268 1392 3332 &
1418 3286 1543 3349 quo
1569 3288 1862 3331 successu
1902 3269 2057 3350 agat
2096 3265 2255 3331 haec
2279 3266 2490 3351 gratia
2513 3266 2902 3349 reprimens?
2928 3268 2991 3332 3.
3018 3270 3125 3333 An
3150 3269 3343 3333 electi
3368 3270 3443 3334 in
3476 3270 3569 3335 in·

618 3351 824 3417 fantis
872 3353 1169 3437 regeniti,
1219 3354 1328 3418 sed
1368 3354 1512 3419 inde
1561 3354 1629 3418 in
1667 3355 1991 3438 apostasia
2016 3354 2418 3439 &impietate
2442 3360 2624 3419 extra
2642 3355 2972 3420 ecclesiam
3006 3357 3285 3431 educati,
3309 3364 3571 3441 praeter

617 3440 889 3523 gratiam
929 3441 1386 3525 reprimentem
1434 3442 1632 3507 etiam
1678 3443 1973 3508 stimulos
2018 3443 2441 3527 incompletae
2488 3443 2913 3508 conversionis
2938 3445 3211 3509 subinde
3236 3447 3567 3511 sentiant?

620 3527 935 3594 Absolute
964 3530 1327 3614 negandum
1353 3534 1468 3609 est,
1497 3530 1820 3614 siquidum
1850 3531 2031 3595 nulla
2055 3531 2234 3595 verbi
2266 3531 2465 3596 divini
2489 3531 2675 3595 lectio
2704 3535 2819 3596 aut
2842 3532 3090 3597 auditio
3114 3534 3274 3617 ipsis
3304 3534 3565 3620 obtige-

621 3616 726 3681 rit.
778 3617 840 3681 4.
889 3618 990 3683 An
1023 3617 1322 3702 vestigia,
1347 3640 1460 3683 seu
1485 3619 1789 3684 obscurae
1821 3620 1971 3684 illae
1998 3618 2463 3702 dispositiones,
2488 3619 2543 3683 si
2566 3640 2727 3702 quae
2754 3620 2938 3706 [pag.
2971 3622 3141 3707 420]
3178 3626 3327 3705 post
3384 3629 3567 3687 actus

615 3701 1044 3788 incompletae
1069 3707 1497 3772 conversionis
1522 3707 1588 3770 in
1621 3706 1834 3771 animo
1858 3708 2305 3790 relinquantur
2328 3712 2428 3793 (ut
2457 3707 2712 3790 quidem
2750 3708 3029 3792 relinqui
3061 3732 3189 3775 non
3214 3718 3565 3796 repugnat)

615 3792 907 3857 totaliter
955 3793 1169 3858 amitti
1217 3798 1328 3858 aut
1363 3795 1571 3859 excuti
1595 3796 1841 3879 possint
1868 3800 1897 3860 P
1922 3794 2025 3860 Ita
2052 3799 2123 3859 ut
2146 3795 2393 3861 actibus
2418 3796 2918 3875 transeuntibus,
2942 3800 2990 3863 St
3015 3798 3306 3883 vestigiis
3334 3822 3563 3864 eorum

617 3878 864 3960 deletis,
895 3880 1102 3947 solum
1127 3883 1628 3966 regenerationis
1659 3906 1877 3948 semen
1902 3883 2178 3968 supersit
2196 3887 2226 3948 Ρ
2254 3886 2315 3947 5.
2341 3886 2447 3951 An
2473 3886 2519 3950 ἃ
2542 3884 2855 3967 quomodo
2878 3886 3185 3951 differant
3220 3887 3438 3968 rudae,
3462 3889 3561 3952 in·

613 3966 874 4033 fantiles
923 3970 969 4036 δι
1001 3969 1375 4054 incompleti
1407 3975 1586 4035 actus
1633 3972 1780 4035 fidei
1828 3973 1875 4038 δι
1920 3971 2395 4055 resipiscentiae
2434 3973 2503 4036 in
2527 3971 2869 4037 Timotheo
2892 3996 3115 4057 puero,
3148 3976 3217 4039 in
3240 3997 3373 4059 quo
3396 3998 3557 4041 con·-

611 4054 819 4120 versio
843 4057 1146 4121 continuo
1171 4078 1244 4121 ac
1275 4060 1627 4124 successivo
1651 4065 1829 4124 motu
1854 4060 2202 4143 pertendit;
2232 4062 2277 4127 ἃ
2301 4060 2367 4124 in
2394 4061 2520 4125 alio
2544 4060 2757 4144 aliquo
2782 4084 2983 4145 puero
2996 4063 3311 4149 regenito,
3333 4064 3409 4129 in
3432 4086 3555 4148 quo

610 4144 936 4208 conversio
967 4166 1092 4209 non
1117 4146 1461 4229 pertendit.
1489 4147 1548 4211 6.
1579 4148 1678 4211 An
1700 4148 1747 4212 δι
1779 4148 2031 4231 quando
2061 4147 2360 4213 differant
2383 4148 2577 4213 iidem
2594 4152 2772 4213 actus
2797 4149 2864 4213 in
2882 4149 3249 4229 Timotheo,
3288 4152 3373 4216 ab
3398 4154 3555 4218 acti·

611 4230 732 4293 bus
756 4252 834 4293 ex
861 4228 1136 4295 formato
1162 4254 1236 4297 ac
1259 4234 1547 4299 stabilito
1571 4236 1997 4301 conversionis
2030 4237 2075 4301 a
2105 4235 2254 4301 fidei
2276 4236 2499 4302 habitu
2530 4236 2761 4301 elicitis
2778 4242 2809 4303 Ρ
2851 4236 3161 4307 XXXIV.
3208 4240 3425 4307 Probi.
3452 4241 3552 4305 An

611 4314 998 4380 tentationes
1021 4318 1068 4383 8ο
1091 4318 1476 4386 desertiones
1501 4322 1891 4405 spirituales,
1920 4346 2031 4390 seu
2054 4325 2225 4388 lucta
2250 4326 2465 4409 aliqua
2491 4325 2698 4390 carnis
2715 4327 2762 4391 δι
2784 4326 3056 4410 spiritus
3080 4329 3291 4393 locum
3312 4328 3549 4394 habeat

613 4400 678 4461 in
734 4401 951 4465 electis
999 4408 1147 4469 ante
1179 4408 1672 4474 conversionem.
1721 4412 1902 4494 Resp.
1948 4409 2047 4475 De
2094 4432 2221 4475 non
2252 4411 2594 4478 foederatis
2618 4414 2665 4479 ἃ
2688 4414 3059 4499 irregenitis
3080 4416 3377 4483 absolute
3404 4418 3547 4503 Nep.

3456 4504 3549 4569 De
