3694 4871
522 325 991 410 Doelnms
1036 366 1134 408 011
1181 338 2185 409 SS.'l*n1u1r'A·rs.PAns
2235 363 2590 407 Ani-nni.
2901 341 3028 407 109

92 533 442 597 salutarem
491 533 990 617 poenitentiam:
1040 533 1096 597 si
1142 536 1527 616 potestatem
1568 529 2058 615 Imperatoriam
2082 531 2446 608 statuimuS,
2480 552 2596 595 nec
2621 551 2762 595 eam
2787 531 2826 592 a
2849 528 3030 612 Papa

93 621 475 700 derivamu8,
522 643 649 686 non
697 626 911 686 tamen
958 643 1100 686 cum
1148 619 1503 686 Manicheis
1550 619 1894 684 statuimus
1927 620 2050 685 duo
2075 619 2421 704 principia3
2447 619 2503 683 si
2535 622 2574 683 a
2595 617 2871 683 factione
2895 615 3028 682 Ro-

94 709 549 794 mano-Papali
589 711 971 788 dissidimus,
997 733 1122 774 non
1153 715 1367 774 tamen
1401 709 1482 775 ab
1514 709 1780 775 ecclesia
1812 707 2182 785 Catholica3
2225 708 2280 772 si
2313 707 2613 790 Papistae
2635 729 2762 771 non
2788 727 3027 782 sumus,

96 821 217 864 non
250 798 605 864 desinimus
630 803 847 864 tamen
880 821 1017 864 esse
1041 798 1391 864 Christiani
1417 801 1462 864 &
1486 796 1799 862 Catholici
1826 821 1841 873 ;
1877 797 2192 882 imagines
2219 795 2440 880 patria
2477 799 2590 860 aut
2614 817 2881 872 crucem,
2918 798 3031 859 aut

95 888 375 970 speciem
421 888 754 952 columbae
798 910 929 953 non
976 888 1333 966 adoramus,
1374 885 1759 951 Trinitatem
1784 890 1999 950 tamen
2025 885 2426 950 invocamus:
2455 885 2501 950 &
2524 884 2616 949 sic
2640 884 2706 948 in
2739 883 3028 947 caeteriS.

96 975 401 1062 Denique,
426 977 483 1040 si
512 999 628 1060 per
650 977 1203 1042 reconventionem
1227 975 1463 1040 nostris
1488 997 1680 1059 agere
1708 974 1927 1053 libeat,
1952 973 2142 1038 facile
2169 977 2336 1040 esset
2359 972 2692 1038 ostendere
2719 969 3028 1057 ejusmodi

98 1063 225 1129 ICC
257 1071 385 1130 tos.
410 1087 539 1131 non
561 1087 747 1148 posse
778 1088 891 1149 per
922 1065 1135 1129 omnia
1158 1064 1531 1148 Papismum
1558 1063 1744 1140 tueri,
1777 1062 1933 1146 quin
1958 1062 2094 1145 juri
2117 1085 2232 1128 suo
2259 1063 2305 1128 8z
2331 1061 2772 1138 conscientiae,
2806 1062 2852 1126 81
2868 1058 3032 1144 juri-

100 1152 267 1218 dicae
317 1153 453 1217 vim
490 1153 754 1233 faciant,
781 1159 973 1238 atque
996 1153 1152 1218 adeo
1176 1154 1305 1218 sint
1329 1152 1634 1217 haeretici
1658 1153 1705 1218 8ι
1728 1150 2114 1236 Theologice
2141 1153 2188 1218 &
2209 1150 2254 1215 J
2257 1150 2515 1216 uridice.
2541 1149 2856 1215 Videatur
2879 1147 3026 1232 Spe·

99 1242 293 1307 eimen
315 1243 764 1308 Iuriscomzdti
792 1242 1139 1308 Orthodoaei
1160 1264 1364 1325 nuper
1388 1240 1622 1326 Sylvae
1646 1241 1821 1304 ducis
1857 1243 1896 1303 a
1918 1237 2190 1304 Doctiss.
2228 1238 2305 1303 D.
2336 1239 2602 1305 Maresio
2627 1238 2894 1316 editum,
2920 1235 3035 1301 ubi

100 1331 403 1414 disputat.
430 1331 475 1395 J
476 1333 609 1396 uris
637 1332 913 1414 peritum
939 1329 1663 1396 Catholico-Romanum
1690 1351 1767 1394 ex
1793 1327 2018 1393 Codice
2041 1328 2086 1393 J
2089 1328 2396 1394 ustiniani
2418 1349 2544 1392 non
2569 1327 2808 1392 habere
2832 1345 3028 1410 argu-

102 1424 310 1484 menta
336 1420 638 1484 manendi
669 1420 737 1484 in
768 1425 1027 1504 papatu.
1057 1419 1369 1484 Addimus
1396 1441 1531 1497 003,
1558 1440 1637 1482 ne
1662 1418 1918 1501 quidem
1943 1416 1986 1481 J
1990 1418 2088 1482 uri
2115 1417 2430 1482 Canonico
2447 1415 2830 1482 conformari
2847 1435 3033 1499 posse

103 1505 149 1570 F
153 1509 495 1572 abrianum
518 1507 871 1592 Papistam,
904 1508 1040 1572 sine
1066 1509 1291 1588 multa,
1316 1529 1677 1591 magnaque
1703 1505 2192 1572 reformatione:
2220 1506 2659 1589 utaliquando
2685 1503 2840 1569 alibi
2865 1501 3032 1566 indi-

105 1596 265 1661 cium
289 1597 623 1662 faciemus.
674 1597 909 1662 Confer
932 1597 1093 1681 disp.
1124 1597 1423 1664 Nostram
1446 1597 1522 1662 de
1543 1597 1695 1662 lure
1722 1595 2058 1662 Canonico.

607 1727 997 1823 Appendix
1048 1729 1579 1823 quaestionum
1633 1727 1724 1800 de
1778 1724 2535 1799 Remonstrantismo.

186 1865 255 1937 4.
303 1867 749 1948 Quaestiones,
804 1889 969 1951 quae
1013 1869 1089 1932 de
1131 1865 1754 1932 Remonstrantismo
1777 1865 1966 1930 hodie
1997 1865 2166 1948 apud
2195 1866 2512 1928 nostrates
2539 1862 2774 1947 agitari
2805 1863 3033 1943 solent,

109 1961 249 2021 sunt
270 1957 683 2040 potissimum
707 1958 889 2021 istae.
912 1959 969 2020 1.
991 1956 1095 2020 An
1112 1955 1475 2021 reformatis
1501 1964 1651 2020 unio
1668 1957 1715 2022 δι
1739 1953 2111 2020 fraternitas
2133 1975 2278 2018 cum
2303 1974 2378 2018 eo
2401 1952 2488 2016 sit
2509 1951 2790 2016 colenda.
2839 1952 2900 2016 2.
2931 1948 3036 2015 An

113 2044 226 2127 ipsi
248 2044 646 2110 Reformatis
672 2045 971 2111 unionem
996 2045 1177 2109 illam
1202 2045 1366 2108 serio
1390 2044 1684 2123 offerant,
1710 2047 1822 2108 aut
1846 2043 2075 2107 offerre
2098 2041 2364 2126 possint.
2407 2043 2466 2104 3.
2493 2039 2594 2104 An
2623 2038 2890 2104 eandem
2913 2041 3034 2105 toti

112 2133 617 2212 ChristianismO,
642 2157 756 2199 seu
779 2133 1281 2217 professionibus
1314 2132 1657 2197 hodiernis.
1694 2133 1755 2197 4.
1782 2132 1888 2196 An
1917 2130 1960 2196 J
1963 2131 2150 2196 urisc.
2177 2129 2578 2194 Christianus
2603 2149 2859 2193 manere
2881 2149 3030 2213 pos·

115 2223 191 2284 sit
211 2222 279 2286 in
300 2222 749 2288 communione
774 2222 1096 2288 societatis
1126 2221 1315 2287 Rom.
1352 2227 1411 2285 5.
1437 2220 1543 2284 An
1568 2220 1804 2305 reliqui
1825 2220 2144 2286 auditores
2175 2239 2414 2283 eorum.
2453 2215 2547 2282 Ut
2569 2221 2787 2282 autem
2811 2217 2892 2281 ad
2914 2216 3032 2281 has

116 2312 506 2393 quaestiones
554 2311 798 2394 liquido
845 2311 1321 2395 respondeatur,
1368 2309 1837 2394 praemittimus
1887 2309 2005 2373 has
2030 2307 2486 2372 distinctiones.
2511 2303 2563 2370 Ι.
2596 2328 2711 2390 per
2746 2327 3030 2370 commu-

116 2398 355 2465 nionem
414 2399 769 2465 fraternam
816 2399 1096 2485 intelligi
1141 2399 1700 2484 participationem
1725 2399 2068 2464 eorundem
2091 2399 2655 2473 sacramentorum,
2686 2394 3030 2460 earundem

116 2490 499 2567 concionum,
546 2490 831 2573 ejusdem
876 2488 1213 2574 regiminis
1261 2488 1329 2552 in
1375 2488 1601 2553 iisdem
1625 2486 2042 2553 conventibus
2068 2483 2530 2559 ecclesiastici&
2559 2486 2606 2549 St
2637 2483 3030 2568 agnitionem

119 2579 451 2642 eorundam
496 2582 849 2662 pastorum,
897 2598 993 2641 ex.
1042 2598 1139 2662 gr.
1191 2580 1262 2641 ut
1310 2576 1589 2642 ministri
1612 2578 1659 2642 &
1682 2576 1971 2641 membra
1995 2574 2295 2640 ecclesiae
2320 2571 2721 2656 Trajectinae
2744 2571 3034 2655 quamvis

118 2670 365 2749 propter
416 2665 897 2731 multitudinem
944 2666 1131 2749 plura
1153 2666 1397 2750 templa
1420 2665 1806 2749 frequenter,
1842 2686 1969 2729 una
1991 2668 2210 2728 tamen
2239 2666 2390 2727 sunt
2415 2661 2700 2741 ecclesia,
2724 2660 2815 2725 sic
2837 2660 3031 2725 mini-

120 2754 225 2817 stri
252 2757 299 2821 81
320 2760 541 2820 coetus
571 2752 1167 2820 Remonstranticus
1190 2775 1383 2819 unam
1408 2776 1551 2818 cum
1574 2757 1791 2819 nostra
1814 2753 1918 2818 hic
1939 2752 2329 2818 constituant
2353 2750 2684 2816 ecclesiam
2715 2748 3029 2815 Christia-

119 2864 255 2907 nam
304 2843 724 2908 reformatam
779 2841 1298 2927 Ultrajectinam3
1338 2844 1470 2907 sive
1496 2843 1753 2907 illorum
1777 2848 1993 2907 coetus
2017 2845 2234 2907 nostro
2260 2839 2455 2926 (quod
2487 2839 2735 2904 videtur
2757 2838 3031 2903 nonnul-

122 2930 313 2996 lorum
359 2932 698 2997 consilium
752 2932 917 3016 esse)
952 2932 1086 2996 sive
1116 2931 1331 3015 potius
1362 2935 1577 2995 noster
1598 2931 1857 2996 illorum
1881 2930 2088 2996 coetui
2119 2930 2576 3012 incorporetur,
2601 2928 2648 2995 85
2679 2927 2760 2992 ad
2785 2948 2930 2992 eum
2956 2948 3032 2991 ex

120 3021 425 3085 erroribus
447 3022 495 3087 St
518 3020 815 3085 scismate
838 3042 953 3085 suo
975 3020 1209 3095 redeat:
1237 3021 1551 3103 quomodo
1574 3042 1852 3104 nuperus
1875 3018 2162 3084 tenebrio
2179 3019 2436 3082 modum
2452 3014 2894 3101 &mysterium
2911 3015 3032 3081 hoc

124 3108 359 3174 unionis
404 3108 659 3193 pandit:
712 3108 801 3173 Et
823 3109 933 3189 sic,
965 3109 1061 3173 uti
1096 3112 1133 3172 a
1158 3108 1451 3193 patribus
1482 3109 1907 3192 integralibus
1930 3108 2010 3172 ad
2031 3110 2242 3171 totum
2265 3106 2579 3184 veniatur,
2607 3104 2901 3169 universa
2930 3125 3032 3168 so-

124 3196 303 3263 cietas
350 3196 907 3262 Remonstrantica
956 3196 1459 3263 communionem
1507 3196 1996 3263 ecclesiasticam
2029 3217 2174 3261 cum
2206 3194 2508 3259 Ecclesiis
2538 3191 2840 3278 Belgicis,
2867 3193 2915 3259 8⁶
2937 3194 3034 3256 vi-

126 3283 321 3350 cissim
374 3286 700 3351 Ecclesiae
745 3285 1045 3371 Belgicae
1090 3290 1400 3369 tanquam
1445 3286 1543 3350 illi
1590 3285 1879 3350 societati
1932 3285 2238 3360 σύσσωμοι
2283 3304 2430 3347 0001
2475 3304 2551 3347 ea
2588 3280 2649 3341 ἓν
2669 3288 2848 3357 σῶμα
2867 3280 3034 3341 mliv

126 3378 338 3449 πνεῦμα
382 3375 796 3441 constituant.
860 3373 1081 3439 Talem
1126 3375 1295 3439 enim
1335 3374 1842 3439 communionem
1887 3375 1936 3441 a
1959 3376 2109 3437 ante
2140 3373 2188 3439 &
2209 3377 2356 3457 post
2378 3370 2688 3456 synodum
2717 3364 3032 3431 Nationa-

130 3458 243 3524 lem
291 3464 789 3545 praetenderunt
818 3461 1344 3527 Remonstrantes
1370 3467 1409 3527 a
1438 3464 1673 3527 nostris
1700 3461 1992 3527 debuisse
2014 3461 2270 3525 servari.
2318 3458 2404 3525 ΙΙ.
2431 3459 2556 3525 Per
2579 3456 3035 3521 Remonstran-

129 3547 371 3616 tismum
420 3552 843 3637 intelligimus
880 3551 985 3617 hic
1007 3574 1134 3616 non
1160 3557 1235 3615 ut
1264 3552 1799 3635 praetendebatur
1823 3572 1990 3615 anno
2019 3550 2214 3613 1611.
2239 3547 2586 3614 reformata
2609 3544 2852 3611 scilicet
2880 3541 3032 3606 reli-

132 3636 245 3719 gio,
290 3647 553 3724 excepta
596 3640 893 3724 opinione
939 3641 1017 3705 de
1058 3641 1633 3725 praedestinatione
1656 3662 1799 3705 cum
1822 3638 2300 3723 appendicibus,
2325 3658 2484 3721 quas
2510 3634 2708 3702 tibetto
2731 3630 2965 3716 suplice
2988 3632 3034 3697 δι

133 3726 431 3795 conatione
474 3729 778 3815 Haqienai
824 3733 977 3794 tunc
1022 3728 1439 3813 explicarunt,
1479 3730 1526 3795 &
1549 3729 1862 3812 quomodo
1885 3728 2094 3812 primo
2116 3727 2164 3793 &
2185 3726 2442 3811 proprie
2466 3723 2556 3788 sic
2585 3720 2882 3788 definitus
2905 3717 3034 3785 fuit

136 3814 205 3878 ab
248 3816 397 3900 ipsis
443 3819 612 3902 apud
647 3817 940 3885 Grotium
971 3818 1283 3901 inpietate
1311 3818 1631 3885 ordinum
1657 3838 1726 3902 p.
1757 3819 1856 3881 11.
1892 3818 1994 3883 12.
2025 3816 2125 3880 16.
2162 3816 2267 3878 29.
2295 3818 2401 3878 43.
2427 3816 2692 3899 (quaeso
2716 3810 2913 3873 lector
2935 3808 3033 3873 vi-

137 3901 267 3967 deat
288 3907 332 3971 81
360 3907 671 3990 conferat)
695 3906 953 3971 resectis
976 3907 1272 3971 omnibus
1303 3905 1680 3982 Socinianis,
1702 3905 1974 3989 aliisque
1996 3902 2421 3969 heterodoxiis
2454 3903 2530 3966 de
2552 3901 2698 3979 fide,
2718 3896 3031 3981 justifica—

139 3990 311 4069 tione,
359 3994 813 4075 satisfactione,
860 4000 1119 4079 peccato
1142 3994 1430 4079 originiS,
1453 3994 1842 4078 perfectione
1865 3994 1934 4060 in
1957 3994 2076 4057 hac
2099 3992 2232 4057 vita
2255 3994 2354 4059 &a
2379 3996 2570 4055 Anno
2600 3986 2788 4053 1617.
2821 3984 2891 4048 in
2913 4004 3036 4052 sua

141 4082 393 4147 secunda
432 4085 939 4151 Remomtrantia
960 4083 1266 4167 petebant
1289 4083 1370 4147 ab
1396 4082 1499 4149 Ill.
1525 4082 1587 4147 H
1592 4083 1908 4147 ollandiae
1932 4080 2123 4147 Ordd.
2147 4102 2228 4145 ne
2251 4083 2386 4144 tam
2408 4077 2662 4163 injustis
2693 4073 3038 4139 criminati-

144 4169 346 4236 onibus
370 4172 416 4236 &
440 4172 773 4239 calumniis
805 4172 881 4236 de
906 4170 1499 4237 Remonstrantium
1522 4171 2024 4237 novitationibus
2053 4170 2244 4233 fidem
2267 4167 2665 4246 adhiberent,
2691 4165 2802 4229 sed
2825 4162 3034 4229 habe-

144 4262 341 4323 rentur
384 4258 925 4333 Remonstrantes,
975 4282 1319 4344 omnesque
1364 4260 1475 4344 qui
1500 4261 1782 4345 ipsorum
1804 4258 2158 4324 sententiae
2183 4260 2366 4322 erant
2389 4256 2644 4336 addicti,
2664 4274 2786 4339 pro
2811 4250 3036 4319 tatibus

146 4346 242 4427 qui
282 4349 569 4416 omnibus
612 4351 817 4416 modis
854 4360 1222 4436 sequantur,
1253 4347 1317 4415 ἃ·
1344 4368 1536 4433 porro
1558 4350 1733 4437 sequi
1762 4348 2114 4415 desiderant
2134 4367 2185 4411 s.
2212 4347 2614 4440 scripturam,
2641 4341 3036 4429 primitivam

148 4434 528 4515 orthodoxam
558 4439 987 4507 Christianam
1008 4439 1341 4519 ecclesiam,
1364 4458 1439 4505 ac
1458 4439 1653 4505 simul
1674 4438 1864 4505 etiam
1885 4456 2108 4503 verum
2143 4432 2208 4501 ἃ·
2225 4436 2518 4521 primum
2539 4433 3036 4583 fundameglt'urn

2931 4535 3034 4581 n—
