3694 4871
618 331 709 398 52
1222 321 1844 396 Ῑ)161’.ΙΙΙ.1)6
1891 323 2113 392 Jtran
2161 344 2252 391 61
2299 322 2732 393 ,10611111
2777 321 2962 391 Dar.

614 520 785 585 diate
810 518 944 584 scil.
972 541 1085 583 seu
1106 521 1583 600 consequenter.
1606 515 1783 592 Quae
1808 514 2108 580 distincta
2133 517 2283 578 nota
2307 516 2354 580 81
2377 511 2782 596 frequentata
2805 516 2904 576 est
2921 511 3254 596 tyronibus
3273 509 3558 575 dialecti-

613 609 704 673 cis
720 609 788 672 in
810 630 950 692 cap.
976 607 1051 672 de
1077 606 1591 690 praedicamenta
1606 603 2024 670 substantiae.
2049 600 2196 666 VII.
2216 603 2482 687 Arqwm.
2511 599 2812 664 Omnium
2845 601 3150 665 bonarum
3173 603 3222 666 a
3249 601 3556 664 malarum

613 697 939 762 actionum
962 717 1183 760 norma
1215 698 1314 760 est
1343 694 1481 758 lex:
1507 716 1653 758 nam
1682 691 1807 756 nisi
1830 691 2006 755 Deus
2029 713 2172 755 eam
2194 690 2378 754 nobis
2409 690 2754 754 revelasset
2777 711 2852 753 ac
2875 689 3150 768 tulisset,
3175 689 3556 753 nesciremus

612 784 952 851 discrimen
984 784 1155 849 inter
1194 784 1429 848 bonum
1452 785 1499 848 81
1520 782 1763 846 1116111111
1786 781 2050 858 11101616,
2083 802 2198 844 1166
2222 779 2417 843 etiam
2441 799 2864 862 peccaremus,
2896 778 3006 840 sed
3029 799 3252 841 omnes
3285 777 3554 842 actiones

616 877 829 938 essent
858 872 1316 937 indifferentes:
1346 892 1497 956 ergo
1529 871 1693 935 nihil
1716 873 1814 933 est
1838 870 2094 945 bonum,
2129 867 2289 932 nihil
2309 868 2574 950 justum,
2599 865 2848 930 nullum
2866 866 2972 949 jus
3003 866 3454 930 antecedenter
3481 865 3554 926 ad

612 961 737 1026 Dei
783 961 1013 1046 legem.
1066 961 1244 1044 Hesp.
1271 959 1737 1042 Consequentia
1757 959 2053 1040 negatur.
2079 955 2258 1032 Quod
2283 956 2362 1019 ad
2387 977 2500 1019 nos
2524 957 2571 1021 81
2595 953 3029 1039 cognitionem
3051 959 3364 1032 nostram,
3391 975 3498 1018 seu
3521 955 3554 1014 ὲ

615 1053 799 1133 parte
821 1053 1060 1128 nostra,
1084 1051 1131 1115 a
1153 1048 1321 1131 quod
1343 1048 1422 1111 ad
1438 1047 1543 1130 jus
1568 1045 1899 1112 obediendi
1923 1045 2174 1109 nullum
2197 1049 2294 1108 est
2309 1045 2436 1128 jus,
2461 1043 2710 1107 nullum
2727 1043 2994 1126 justum,
3021 1043 3202 1105 nulla
3217 1042 3428 1106 forma
3453 1045 3553 1104 aut

616 1137 783 1202 ratio
798 1137 1089 1222 justitiae
1112 1159 1225 1201 seu
1247 1135 1555 1200 bonitatis
1580 1133 1839 1199 moralis
1865 1138 2013 1198 ante
2037 1133 2240 1197 nostri
2265 1131 2689 1207 existentiam,
2715 1131 2763 1195 81
2786 1135 2995 1194 rectae
3019 1131 3315 1209 rationis,
3349 1135 3550 1214 synte-

617 1247 849 1304 166606,
876 1225 1060 1311 [pag.
1090 1224 1253 1310 375]
1281 1223 1445 1308 legis
1468 1223 1718 1288 divinae
1744 1223 2170 1306 cujuscunque
2196 1221 2511 1285 actualem
2543 1218 3178 1284 communicationem
3219 1242 3301 1282 ac
3323 1219 3552 1282 revela·

618 1315 889 1379 tionem:
940 1318 1039 1378 est
1074 1317 1291 1378 tamen
1339 1311 1557 1396 aliqua
1602 1311 1874 1386 bonitas,
1932 1310 2262 1387 rectitudO,
2297 1309 2570 1393 justitia,
2603 1311 2752 1371 ante
2774 1308 2987 1392 legem
3018 1307 3374 1370 revelatam
3399 1306 3556 1390 quod

616 1403 698 1467 ad
727 1401 938 1467 Deum
984 1423 1098 1466 seu
1146 1405 1183 1465 a
1222 1405 1404 1486 parte
1457 1398 1580 1463 Dei
1625 1402 1671 1464 &
1701 1399 1871 1484 quod
1903 1399 1982 1461 ad
1999 1399 2104 1481 jus
2137 1398 2424 1461 divinum
2449 1396 2777 1482 obligandi
2803 1397 2850 1461 81
2880 1395 3260 1478 imperandi,
3290 1394 3552 1460 habendi

620 1491 775 1576 quid
818 1494 859 1554 a
906 1494 1197 1554 creatura
1243 1487 1561 1566 rationali,
1612 1493 1725 1552 aut
1758 1487 1827 1550 in
1849 1508 1945 1566 ea,
1970 1509 2086 1570 per
2117 1509 2258 1550 eam
2276 1486 2442 1550 circa
2465 1507 2608 1550 eam
2638 1485 2790 1568 quid
2812 1483 3065 1567 agendi.
3091 1483 3276 1547 'Palis
3295 1485 3553 1558 bonitas,

616 1579 949 1657 rectitud0,
969 1578 1248 1662 justitia,
1276 1578 1405 1641 tale
1423 1577 1528 1660 jus
1561 1575 1879 1640 antecedit
1908 1574 2126 1638 ordine
2150 1579 2418 1638 naturae
2449 1573 2645 1636 immo
2691 1573 3048 1654 &tempore
3071 1594 3332 1636 omnem
3355 1577 3554 1636 actua·

618 1669 745 1732 lem
790 1667 955 1752 legis
1004 1666 1478 1744 revelationem,
1532 1687 1695 1748 quae
1744 1664 1819 1727 fit
1870 1662 2021 1727 huic
2066 1666 2180 1726 aut
2234 1662 2332 1726 illi
2378 1662 2644 1726 homini.
2693 1660 3033 1724 Antecedit
3063 1660 3262 1724 etiam
3289 1661 3358 1724 in
3387 1661 3554 1744 signo

618 1755 887 1826 rationis
913 1754 982 1818 in
1004 1755 1223 1818 ordine
1254 1754 1335 1819 ad
1360 1753 1567 1817 Deum
1592 1752 1894 1834 &inipso
1917 1749 2054 1816 Deo
2079 1765 2246 1833 quod
2271 1750 2351 1814 ad
2377 1750 2658 1834 aliquam
2691 1751 2940 1832 partem
2966 1748 3196 1830 adjecti
3227 1771 3344 1812 seu
3371 1753 3556 1811 mate-

618 1844 752 1908 riae
807 1844 1025 1928 legum
1078 1842 1457 1921 divinarum,
1511 1840 1850 1919 antecedit,
1897 1839 2184 1924 inquam,
2215 1837 2432 1922 ipsum
2457 1840 2779 1902 decretum
2824 1835 2967 1900 Dei.
3018 1837 3262 1901 Dein-de
3297 1835 3556 1901 conferri

618 1931 746 1997 huc
778 1935 989 2015 potest
1032 1930 1355 1994 distinctio
1379 1928 1749 1994 Scholastic.
1791 1928 1961 2012 apud
1995 1928 2316 1992 Becanum
2339 1935 2406 1990 in
2433 1927 2704 2010 Tlaeoloy.
2737 1925 3030 1991 Scholast.
3053 1947 3117 2009 p.
3150 1927 3181 1987 1
3195 1927 3303 1988 56.
3331 1925 3477 1988 edit.
3499 1923 3554 1985 in

620 2021 682 2085 8.
725 2020 829 2084 lex
875 2023 1137 2084 aeterna
1184 2023 1281 2084 est
1326 2022 1571 2082 remota
1616 2039 1728 2081 seu
1754 2014 2034 2080 mediata
2057 2016 2283 2100 regula
2314 2015 2738 2080 humanorum
2763 2018 3054 2078 actuum:
3083 2019 3256 2076 recta
3284 2013 3450 2077 ratio
3471 2015 3556 2075 est

620 2108 932 2193 proxima.
980 2109 1283 2194 Denique,
1330 2107 1385 2171 si
1423 2106 1545 2170 hoc
1569 2107 2018 2190 argumentum
2039 2104 2422 2188 procederet,
2448 2109 2586 2168 tum
2611 2105 2812 2185 aeque
2835 2102 3096 2166 deberet
3125 2102 3354 2186 negari
3387 2105 3552 2164 ante-

620 2197 847 2262 cedens
871 2196 994 2261 Dei
1016 2197 1359 2274 decretum,
1388 2217 1461 2258 ac
1485 2194 1860 2258 antecedens
1878 2193 1983 2277 jus
2011 2193 2294 2256 divinum
2317 2192 2630 2256 naturale.
2659 2189 2726 2254 Si
2753 2191 2924 2254 enim
2948 2189 3154 2273 primo
3179 2192 3228 2254 81
3251 2194 3554 2274 postremo

556 2286 559 2292 '
620 2309 736 2370 per
780 2308 847 2350 se
886 2287 933 2352 81
978 2284 1268 2350 absolute
1314 2283 1519 2348 omnis
1564 2281 1876 2346 rectitudo
1917 2283 1963 2348 81
1989 2281 2241 2345 bonitas
2269 2284 2306 2344 a
2335 2280 2642 2344 creaturis
2676 2279 2911 2355 debita,
2937 2283 3192 2342 tantum
3215 2278 3554 2360 procedit&

622 2374 856 2459 pendet
908 2376 947 2437 a
992 2374 1135 2458 lege
1179 2372 1303 2437 Dei
1355 2376 1501 2437 actu
1527 2372 1841 2435 revelata:
1871 2390 2024 2454 ergo
2047 2369 2225 2433 nulla
2249 2368 2506 2432 dabitur
2537 2368 2786 2432 bonitas
2811 2369 2858 2432 81
2888 2367 3200 2430 rectitudo
3223 2367 3290 2430 in
3323 2366 3554 2430 actibus

620 2462 971 2527 voluntatis
995 2461 1246 2526 divinae
1270 2460 1561 2542 internis,
1592 2481 1704 2524 seu
1734 2459 1802 2522 in
1834 2458 2102 2523 decretis
2127 2458 2270 2522 Dei.
2317 2455 2500 2522 VIII.
2527 2459 2675 2541 Ar9.
2718 2456 2890 2521 Deus
2915 2456 3295 2539 simpliciter
3325 2456 3406 2519 ad
3437 2476 3553 2518 0111-

624 2552 735 2616 1116
780 2555 963 2615 extra
1010 2572 1078 2614 se
1127 2554 1225 2613 est
1256 2550 1474 2613 exlex:
1524 2550 1571 2614 81
1616 2547 1779 2613 sicut
1834 2550 1873 2611 a
1903 2550 2134 2610 natura
2165 2549 2280 2610 sua
2309 2568 2436 2609 non
2459 2545 2956 2629 astringebatur,
2989 2548 3062 2607 ut
3083 2550 3428 2627 praecepta
3453 2562 3554 2606 sua

624 2640 806 2703 daret
852 2637 1251 2715 hominibus3
1300 2638 1395 2701 ita
1440 2637 1521 2700 ab
1569 2636 1789 2700 eadem
1823 2634 2098 2719 astringi
2119 2635 2345 2714 noluit,
2371 2639 2444 2698 ut
2470 2635 2626 2697 haec
2659 2634 2757 2697 vel
2781 2633 2914 2711 illa,
2941 2632 3099 2695 talia
3130 2633 3231 2696 vel
3255 2654 3387 2696 non
3414 2630 3554 2695 talia

626 2728 825 2791 daret.
876 2728 1061 2811 Resp.
1102 2724 1154 2790 Ι.
1210 2725 1331 2789 Est
1377 2725 1561 2789 exlex
1615 2726 1654 2787 ἐι
1698 2725 1862 2809 lege,
1897 2745 2088 2806 quam
2147 2723 2288 2807 figit
2317 2722 2585 2802 homini,
2610 2721 2968 2785 formaliter
2991 2720 3233 2785 scilicet
3263 2718 3554 2785 sumendo

628 2816 840 2900 legem
886 2818 959 2878 ut
1007 2815 1103 2878 lex
1134 2818 1268 2891 est3
1312 2814 1421 2877 sed
1444 2834 1572 2877 non
1590 2815 1688 2876 est
1712 2812 1876 2877 liber
1899 2814 1946 2877 &
1973 2812 2304 2876 absolutus
2329 2811 2411 2874 ab
2435 2809 2610 2875 omui
2633 2810 2904 2874 materia
2927 2831 3040 2873 6611
3063 2812 3362 2873 contento
3387 2807 3554 2893 legia,

625 2908 698 2967 ut
728 2903 1091 2988 oppositum
1115 2903 1251 2985 ejus
1274 2902 1478 2985 possit
1500 2905 1613 2965 aut
1636 2900 2004 2984 praecipere
2025 2922 2040 2976 3
2067 2903 2180 2963 aut
2202 2899 2338 2982 ipse
2361 2898 2569 2963 facere
2596 2920 2692 2962 ex.
2719 2920 2817 2983 gr.
2847 2901 2920 2961 ut
2949 2898 3164 2961 credat
3191 2918 3260 2960 se
3285 2919 3413 2961 11011
3435 2916 3554 2961 esse
3669 2936 3671 2971 :

625 2990 855 3071 Deum,
879 2993 926 3057 a
958 2990 1103 3055 aliis
1149 2990 1415 3054 mandet
1459 2988 1578 3054 hoc
1624 2989 1896 3067 credere,
1925 2988 2212 3072 opposite
2243 2988 2378 3052 scil.
2414 2988 2493 3051 ad
2519 2987 2797 3071 primum
2822 2986 3109 3071 decalogi
3131 2990 3549 3069 praeceptum.
3669 3018 3671 3061 g

628 3081 687 3145 2.
730 3078 829 3143 Ex
874 3078 1237 3163 hypothesi,
1287 3100 1433 3143 cum
1480 3079 1526 3143 8⁶
1570 3077 1821 3161 quando
1849 3077 1986 3140 vult
2015 3080 2355 3160 praecepta
2379 3076 2549 3154 dare,
2575 3075 2929 3139 necessario
2961 3076 3070 3139 dat
3105 3075 3270 3139 bona
3295 3076 3346 3140 ἃ
3361 3076 3552 3158 justa:
3668 3070 3671 3131 ἐ

626 3190 742 3232 1166
795 3168 862 3231 111
910 3188 1143 3252 genere
1187 3170 1397 3251 potest
1442 3166 1653 3230 facere
1699 3168 1810 3229 aut
1843 3165 2004 3229 velle
2032 3164 2414 3248 oppositum.
2463 3166 2524 3227 3.
2573 3162 2648 3227 In
2675 3164 2886 3246 specie
2911 3162 3104 3227 etiam
3131 3164 3440 3226 nonnulla
3463 3162 3556 3225 dat

622 3257 799 3341 justa
843 3256 1286 3320 antecedenter
1338 3255 1419 3318 ad
1467 3255 1737 3319 libet-am
1769 3253 2164 3317 voluntatem
2203 3275 2406 3331 suam,
2431 3252 2667 3336 quippe
2699 3252 2781 3316 ad
2811 3274 2974 3335 quae
2997 3252 3342 3316 'iecessario
3367 3248 3555 3317 termi·
3669 3260 3671 3333 ξ

631 3358 836 3425 netur,
882 3345 1173 3409 desumta
1203 3343 1464 3422 scilicet,
1505 3364 1583 3407 ex
1628 3343 1966 3407 intrinseca
2011 3353 2250 3407 natu-ra
2285 3339 2348 3406 ἃ·
2375 3341 2641 3406 bonitale
2669 3342 2789 3407 sud
2802 3364 2822 3404 .-
2863 3345 2936 3403 ut
2958 3340 3242 3423 loquitur
3265 3341 3556 3405 Radalow
3669 3360 3671 3407 1

629 3456 823 3517 6111116
845 3434 944 3498 cit.
994 3431 1223 3507 Qualia
1248 3436 1398 3495 sunt
1428 3431 1495 3494 in
1518 3432 1723 3515 primo
1747 3428 2056 3515 Decalogi
2086 3433 2445 3513 praecepto,
2494 3428 2587 3494 Ut
2625 3428 2917 3493 homines
2939 3432 3328 3513 cognoscant
3359 3446 3552 3493 verum

629 3522 839 3587 Deum
890 3523 1161 3607 patrem,
1208 3520 1413 3583 filium
1444 3518 1614 3603 Spir.
1646 3517 1899 3595 Sanct.;
1933 3524 2004 3583 ut
2027 3540 2172 3583 eum
2205 3522 2446 3597 ament,
2470 3517 2804 3597 honorent,
2831 3518 2890 3581 ei
2911 3517 3234 3596 obediant,
3267 3519 3316 3582 81
3341 3539 3412 3581 66
3425 3513 3556 3581 sub·

622 3610 882 3694 jiciant3
932 3613 967 3674 6
1004 3613 1245 3688 contra,
1299 3611 1373 3671 ut
1418 3608 1718 3692 angelum
1773 3607 2012 3670 bonum
2057 3610 2169 3670 aut
2193 3608 2455 3685 malum,
2479 3610 2592 3671 aut
2617 3606 2943 3670 hominem
2969 3627 3180 3688 quem,
3215 3609 3329 3669 aut
3353 3605 3550 3677 solem,

632 3704 743 3763 aut
791 3699 1030 3778 lunam,
1086 3702 1199 3761 aut
1242 3697 1553 3774 arborem,
1596 3700 1708 3759 aut
1749 3695 2027 3778 lapidem
2053 3697 2152 3761 816.
2187 3716 2312 3759 11011
2339 3694 2620 3758 habeant
2647 3716 2763 3777 pro
2788 3716 2914 3758 uno
2936 3694 3073 3758 solo
3102 3716 3250 3759 vero
3276 3692 3434 3771 Deo,
3457 3708 3554 3754 nec

632 3790 705 3851 ut
752 3786 960 3851 Deum
994 3786 1293 3871 religiose
1346 3785 1576 3849 colant.
1628 3782 1742 3848 IX.
1777 3786 2040 3867 Arqum.
2089 3781 2160 3847 Si
2202 3782 2375 3847 Deus
2407 3784 2618 3867 legem
2665 3782 2864 3847 ferret
2887 3782 3266 3847 necessitate
3287 3784 3552 3855 naturae,

632 3880 1001 3959 sequeretur
1032 3896 1177 3938 eum
1222 3895 1349 3937 non
1397 3894 1580 3956 posse
1627 3893 1755 3936 non
1802 3872 2020 3935 eadem
2046 3893 2296 3954 semper
2319 3870 2545 3955 jubere
2571 3874 2616 3938 ἃ
2643 3875 2878 3951 vetare,
2904 3892 3068 3953 quae
3083 3871 3269 3955 jubet
3301 3871 3350 3935 a
3381 3870 3552 3933 vetat.

631 3962 813 4039 Quod
836 3964 1179 4028 absurdum
1205 3984 1341 4026 esse
1374 3964 1553 4044 patet
1583 3983 1662 4024 ex
1693 3960 2130 4025 immolatione
2153 3958 2355 4039 Isaac,
2381 3961 2428 4025 8⁶
2461 3960 2840 4043 spoliatione
2865 3958 3355 4043 Aegyptiorum.
3391 3960 3548 4037 Resp.

631 4051 1059 4115 Distinximus
1104 4051 1171 4114 in
1219 4050 1379 4137 disp.
1428 4053 1646 4113 nostra
1668 4049 1743 4113 de
1765 4050 1916 4113 lure
1943 4047 2006 4113 ἃ·
2014 4049 2268 4133 justitia
2291 4049 2413 4114 Dei
2427 4072 2452 4124 ;
2475 4049 2680 4111 multa
2711 4070 2848 4111 esse
2871 4068 3036 4130 quae
3057 4046 3232 4111 Deus
3257 4048 3440 4111 aliter
3461 4064 3552 4127 po-

630 4139 861 4203 tuisset
890 4139 1049 4203 velle
1075 4140 1123 4204 &
1148 4140 1469 4216 mandare,
1518 4158 1644 4200 non
1676 4140 1895 4200 tamen
1918 4137 2150 4201 omnia.
2179 4136 2260 4202 X.
2287 4139 2554 4222 Ar9um.
2602 4135 2673 4200 Si
2695 4136 3142 4201 antecedenter
3163 4136 3318 4219 quid
3341 4136 3548 4200 bonum
3669 4202 3671 4207 .

634 4228 716 4291 ad
740 4227 1131 4291 voluntatem
1165 4226 1345 4312 [pag.
1400 4225 1563 4310 376]
1598 4224 1741 4304 Dei,
1783 4228 2128 4307 sequentur
2151 4224 2309 4307 quid
2332 4225 2508 4309 prius
2536 4246 2671 4289 esse
2705 4225 3032 4289 voluntate
3056 4224 3199 4304 Dei,
3224 4228 3272 4291 &
3293 4222 3424 4288 dari
3449 4218 3550 4283 ali·

634 4315 789 4398 quid
828 4315 1065 4379 bonum
1110 4314 1603 4397 independenter
1628 4316 1667 4376 a
1690 4312 2018 4377 voluntate
2039 4313 2183 4392 Dei,
2211 4315 2257 4378 81
2281 4317 2740 4397 consequenter
2765 4313 3160 4377 voluntatem
3183 4336 3320 4377 esse
3343 4312 3551 4392 depen-
3668 4366 3671 4387 ,

632 4404 907 4471 dentem.
959 4406 1139 4489 Hesp.
1182 4400 1334 4469 Non
1380 4407 1477 4466 est
1507 4400 1874 4483 absurdum,
1921 4402 1977 4465 si
2025 4402 2276 4465 dicatur
2322 4402 2528 4466 Deum
2553 4402 2904 4485 dependere
2931 4405 2970 4466 a
2993 4402 3240 4487 seipso:
3267 4398 3548 4484 siquidem
3668 4400 3671 4469 ’ζ

3489 4482 3549 4540 τὸ
