3694 4871
766 814 1767 937 DISPUTATIO
1847 814 2422 936 SEXTA.

154 1170 317 1266 DE
378 1167 1434 1266 PROPAGATIONE
1492 1169 2054 1267 PEOOATI
2111 1164 2927 1267 ORIGINALIS.
2969 1163 3021 1260 1)

133 1439 449 1504 Peccatum
488 1437 795 1519 oriqinale
841 1436 1107 1502 Gentiles
1154 1437 1476 1520 iquoraut.
1523 1438 1746 1504 ludaei
1804 1435 1866 1502 a·
1915 1435 2216 1501 Haeretici
2239 1445 2487 1518 ueqant,
2527 1432 2590 1498 ἃ·
2619 1447 3057 1521 consequenter

122 1585 131 1594 .
206 1528 621 1592 vwcessitatem
644 1527 885 1609 qratiae
914 1527 1253 1591 Gliristivel
1278 1529 1587 1606 inlocum,
1612 1527 2008 1591 velmamima
2033 1547 2110 1588 ex
2131 1536 2310 1608 parte
2332 1525 2580 1588 tollunt.
2659 1527 2753 1590 Em
2800 1525 3056 1590 ,leulaeis

208 1615 281 1679 R.
332 1615 614 1698 Lipman
661 1616 892 1680 autho-r
934 1616 1232 1680 virulenti
1280 1617 1426 1682 libri
1472 1615 1795 1681 Nizzahon
1824 1615 2036 1678 acerbe
2057 1613 2420 1697 perstrinqit
2454 1611 2863 1691 Christianos,
2888 1615 3058 1699 quod

206 1706 414 1770 (licant
472 1704 679 1768 Deum
730 1715 983 1787 propter
1028 1725 1161 1769 rem
1207 1706 1521 1790 eriquam,
1574 1725 1861 1770 morsum
1893 1704 2110 1768 scilicet
2139 1703 2338 1767 unius
2361 1703 2553 1786 pomi,
2580 1703 2922 1782 Adamum,
2948 1705 3059 1790 qui

207 1794 315 1858 hoc
358 1816 437 1856 em
484 1814 695 1858 errore
737 1792 897 1877 fecit,
927 1815 1077 1858 cum
1098 1795 1389 1860 (minibus
1410 1796 1675 1880 posteris
1698 1795 1833 1858 suis
1864 1793 2230 1878 perdidisse,
2265 1792 2328 1855 in
2358 1793 2471 1856 hoc
2507 1789 2569 1856 a·
2595 1792 2662 1856 iu
2683 1794 2907 1879 futitro
2932 1814 3058 1858 sae-

210 1884 363 1960 culo,
390 1883 532 1947 ride
554 1882 737 1946 verba
768 1883 902 1966 ejus
925 1883 1023 1946 eit.
1058 1883 1235 1966 apud
1259 1882 1657 1948 Munstemm
1686 1884 1749 1947 in
1785 1886 1956 1946 notis
1974 1883 2052 1946 ad
2077 1879 2310 1950 Matth.
2359 1880 2636 1944 hebi-aie.
2663 1882 2802 1946 e.'l.
2833 1903 3055 1967 quam-

210 1974 297 2036 vis
343 1971 529 2036 Aben
576 1970 735 2035 Esta
766 1971 831 2034 in
866 1976 1271 2036 commentar.
1308 1973 1387 2035 ad
1412 1971 1638 2036 Geues,
1669 1975 1732 2037 3.
1754 1972 2017 2056 ‚qr-avius
2048 1970 2236 2055 faciat
2259 1969 2373 2034 hoe
2391 1982 2710 2054 peccatum
2741 1968 2804 2034 a·
2827 1970 3058 2034 author

209 2061 521 2124 Fascio-uli
571 2058 873 2142 Myrrhae
912 2062 1205 2144 fateatur,
1253 2082 1468 2124 omnes
1514 2074 1693 2126 natos
1727 2083 1803 2125 ex
1826 2061 2090 2137 Adamo,
2129 2059 2268 2145 fieri
2291 2059 2518 2142 impios
2548 2057 2610 2122 ἃ·
2633 2059 2800 2125 (ίαν-(ἰ
2809 2059 3055 2140 fronte,

213 2163 467 2234 propter
512 2160 823 2232 peccatum
882 2150 1146 2215 Adami:
1192 2150 1423 2236 aliique
1475 2152 1662 2215 etiam
1702 2149 1976 2217 Rabbirii
2006 2148 2271 2214 subinde
2299 2149 2699 2212 meminerint
2723 2155 2828 2206 τεῦ
2853 2175 3053 2229 ῃη-,ςς

210 2240 396 2303 ietzer
418 2261 583 2322 rang
597 2240 879 2326 fiqmenti
900 2238 1072 2316 mali,
1099 2239 1187 2302 sic
1210 2240 1379 2303 enim
1402 2251 1617 2304 vocant
1632 2251 1834 2324 peccat
1842 2259 1950 2303 um
1973 2237 2359 2302 inhabitans.
2385 2237 2691 2302 Hodierni
2707 2249 2914 2302 tamen
2939 2239 3053 2302 Ju-

210 2329 343 2392 daei
368 2329 529 2392 havet
554 2327 809 2392 obscure
833 2329 1079 2392 tollunt.
1106 2327 1207 2393 Sic
1229 2329 1396 2392 euim
1422 2326 1503 2394 R.
1535 2328 1578 2392 J
1582 2329 1705 2392 uda
1738 2329 1813 2392 de
1838 2326 2113 2390 Modena
2135 2325 2670 2411 archisynaqoqus
2709 2328 2963 2392 Venetus
2987 2329 3051 2392 iu

212 2429 381 2484 tract.
436 2418 649 2484 Italico
682 2417 757 2481 de
808 2417 1093 2482 doctrina
1125 2417 1170 2483 δι
1226 2417 1456 2482 ritibus
1506 2419 1687 2503 [pag.
1743 2415 1947 2502 1079]
1981 2415 2024 2480 J
2029 2417 2370 2481 udaeorum
2404 2438 2540 2499 cap.
2570 2416 2674 2479 50.
2725 2415 3056 2483 Peccatum

209 2508 433 2573 Adami
478 2528 611 2573 non
656 2508 967 2595 dominare
995 2508 1267 2585 animas,
1315 2507 1423 2571 sed
1455 2520 1699 2573 tantum
1732 2527 1949 2571 nocere
1977 2506 2252 2583 animae,
2278 2518 2594 2590 quatenus
2619 2506 2807 2590 insert
2830 2528 3058 2593 corpus

212 2598 473 2661 Adami:
528 2596 677 2663 hine
722 2607 808 2661 est
854 2595 1022 2681 quod
1066 2596 1213 2660 bene
1258 2598 1460 2679 lacere
1488 2597 1567 2661 sit
1605 2597 1934 2683 difficilius
1965 2595 2228 2680 posteris
2259 2614 2334 2659 eoe
2357 2594 2599 2660 Adamo
2621 2596 2862 2679 qeuitis.
2916 2598 3058 2665 Non

212 2687 443 2771 requiri
466 2687 673 2771 itaque
695 2686 892 2749 aliam
911 2686 1423 2772 justificationem
1454 2687 1495 2749 ὰ
1520 2698 1759 2769 peccato
1792 2685 2112 2770 oriqinali,
2137 2704 2332 2769 quam
2373 2684 2542 2771 quod
2570 2686 2825 2750 Messias
2841 2686 3056 2751 subla-

210 2786 388 2840 turus
411 2776 501 2840 sic
526 2776 697 2839 illius
720 2774 1117 2861 difficultates
1146 2772 1209 2838 a
1232 2775 1677 2858 impedimenta
1694 2794 2010 2858 corporea,
2037 2772 2354 2840 reddendo
2376 2786 2746 2859 corruptam
2771 2787 3058 2841 nostram

208 2876 513 2931 naturam
568 2864 786 2928 minus
839 2863 1242 2947 inperfectam
1282 2862 1343 2927 a
1387 2864 1804 2948 aptiorem-ad
1826 2863 2160 2928 colendum
2183 2864 2412 2929 Deum.
2461 2864 2560 2929 13ae
2585 2865 2917 2929 Haeretieis
2947 2886 3058 2929 ue-

207 2966 439 3033 ‚qarunt
474 2953 809 3020 Peccatum
838 2953 1120 3037 Oriqinis
1172 2954 1513 3037 Pelaqiani,
1549 2954 1710 3037 Aug.
1746 2952 1821 3017 de
1855 2952 2099 3016 haeres,
2128 2974 2180 3016 c.
2209 2953 2314 3015 88.
2341 2950 2384 3016 J
2387 2952 2492 3017 oh.
2517 2953 2593 3017 de
2618 2951 2795 3031 Laet,
2821 2954 2866 3017 u
2892 2952 3058 3019 Vos-

209 3042 333 3105 sius
359 3042 425 3105 in
458 3046 643 3105 tract.
670 3042 747 3106 de
792 3040 1187 3125 pelagianis:
1221 3063 1377 3128 quos
1402 3042 1584 3107 hodie
1608 3053 1967 3127 sequuntur
1988 3040 2452 3126 Anabaptistae‚
2503 3042 2910 3122 Cornhertus,
2942 3044 3056 3109 So-

209 3132 406 3196 ciuus.
458 3131 617 3195 Vide
665 3132 712 3197 s
759 3132 1113 3197 Remonstr.
1154 3132 1225 3195 in
1260 3130 1443 3214 Apol.
1478 3153 1539 3213 p.
1573 3130 1677 3194 84.
1706 3132 1811 3196 87.
1852 3128 1915 3197 a
1939 3130 2136 3213 Resp.
2163 3131 2242 3194 ad
2267 3128 2346 3195 D.
2382 3129 2463 3195 D.
2495 3131 2765 3196 Profess.
2793 3132 2967 3197 Leid.
2993 3154 3056 3217 p.

212 3220 311 3283 97.
358 3222 467 3284 98.
506 3221 737 3285 Contra
759 3240 974 3284 omues
998 3221 1136 3285 illos
1159 3221 1569 3305 coquitionem
1597 3220 1789 3304 hujus
1809 3220 2104 3298 veritatis,
2137 3217 2200 3284 ἃ·
2223 3233 2454 3285 rectam
2478 3222 2662 3309 fidem
2686 3221 2756 3285 in
2779 3221 3060 3287 Ecclesiis

210 3311 436 3374 nostris
490 3310 747 3374 retineri
791 3328 1029 3375 necesse
1058 3321 1166 3387 est,
1204 3321 1267 3374 ut
1292 3310 1613 3375 miseriam
1638 3321 1926 3375 uestram
1951 3320 2314 3393 aqnoseaut,
2340 3310 2416 3374 de
2438 3309 2618 3373 uobis
2640 3310 3055 3394 desperemus,

215 3400 279 3463 in
330 3398 511 3463 nobis
558 3398 991 3475 hmniliemur,
1044 3399 1131 3463 ad
1160 3399 1595 3464 omnimodam
1626 3399 1860 3464 Christi
1890 3398 2164 3483 qratiam
2188 3399 2607 3483 suspiremus,
2630 3420 2768 3463 eam
2789 3400 3060 3487 firmiter

211 3487 776 3571 apprehendamus,
835 3485 898 3551 ἃ·
925 3508 1043 3571 pro
1089 3489 1163 3552 ed
1206 3489 1337 3554 Deo
1368 3499 1581 3553 nostro
1606 3488 2072 3555 misericordiae
2101 3488 2274 3573 patri
2293 3488 2533 3573 qratias
2558 3487 2745 3571 dique
2765 3509 3055 3572 aqamus.

219 3576 393 3657 Quod
441 3588 515 3641 ut
559 3578 693 3665 fiat,
740 3597 855 3641 nos
881 3596 1003 3661 pro
1026 3577 1282 3642 modulo
1314 3576 1663 3662 symbolam
1694 3579 1976 3663 aliquam
2001 3576 2290 3642 collaturi
2315 3588 2690 3663 perpetuum
2722 3574 2785 3643 a
2805 3580 3055 3662 palma-

213 3666 381 3731 rium
413 3666 576 3731 illud
607 3666 873 3731 dubium.
898 3665 973 3730 de
996 3666 1180 3730 modo
1201 3667 1676 3751 propaqatiouis
1697 3668 1984 3752 pressius
2029 3665 2127 3729 his
2159 3666 2427 3731 thesibus
2457 3666 2766 3751 eaeplicare
2787 3667 3054 3732 tentabi-

218 3775 377 3833 mus,
424 3757 482 3821 si
525 3755 687 3839 sorte
732 3755 818 3820 ad
847 3756 1293 3821 accuratiorem
1327 3756 1519 3839 huJus
1542 3757 1633 3820 rei
1654 3756 2185 3839 investiqationem
2215 3753 2736 3823 &evidentiorem
2757 3757 3054 3840 coquitio-

213 3864 371 3922 viem,
404 3856 515 3910 aiat
538 3845 757 3909 saltem
780 3842 868 3909 ad
890 3842 1221 3910 doctiorem
1252 3845 1683 3929 iquorantiam
1704 3846 1908 3931 aliqui
1931 3847 2286 3925 φιλομαθεῖς
2311 3845 2544 3911 adduci
2562 3846 2828 3929 possint.

222 4019 285 4089 l.
328 4022 453 4097 An,
481 4022 667 4101 Quid,
700 4022 924 4102 Quale,
952 4022 1037 4086 sit
1066 4028 1397 4107 peccatum
1419 4023 1729 4107 originale
1763 4045 1841 4087 ex
1866 4023 2152 4107 professo
2175 4044 2302 4088 non
2335 4022 2818 4107 explicabimus»,
2842 4048 2922 4090 ne
2947 4048 3054 4091 ac-

142 4112 265 4174 tum
308 4134 595 4197 agamus,
628 4118 741 4176 aut
763 4112 983 4175 obvios
1007 4112 1234 4196 cuique
1268 4114 1547 4177 locorum
1570 4113 1999 4177 communium
2023 4114 2070 4178 s
2094 4134 2448 4196 synopseon
2473 4114 2794 4191 authoreS,
2811 4115 3054 4180 studio-

142 4198 219 4263 sis
260 4202 291 4263 ὲ
336 4200 631 4266 manibus
681 4200 1094 4265 excutiamus
1144 4200 1424 4266 Tantum
1474 4202 1852 4267 assertiones
1892 4201 2138 4283 aliquot
2160 4200 2652 4285 praemittinmS,
2678 4204 2724 4270 81,
2746 4208 3053 4289 tanquam

144 4284 503 4371 hypotheses
528 4290 1040 4355 determinationi
1066 4290 1455 4374 quaestionis
1480 4295 1734 4355 nostrae
1766 4290 2212 4355 substruimuS.
2263 4289 2668 4377 Hypotheses
2693 4293 2770 4357 (le
2795 4299 3051 4378 peccato

2923 4384 3053 4448 sint

204 4540 241 4603 ¹)
274 4540 417 4607 Resp.
453 4542 695 4595 Ssuueu:
732 4542 895 4595 Lx'mo
930 4543 1253 4595 Dor-draceno
1287 4544 1371 4593 Ad
1407 4544 1552 4593 diem
1589 4542 1621 4594 2
1657 4541 1796 4593 Julii'
1832 4540 1984 4594 1636.
