3694 4871
657 359 739 424 82
1151 353 1747 421 D1sr.1V.Dn
1794 351 2430 418 Naesssvrirs
2477 375 2570 416 nr
2617 350 3134 417 Ummium-s

652 544 1256 620 consubstantialem,
1296 541 1360 608 ἃ·
1384 563 1585 607 unam
1608 541 1730 606 virt
1739 552 1900 606 atem
1933 538 2374 623 &potestatem
2401 539 2472 602 in
2493 538 2698 602 tribus
2723 537 3141 602 subsistentiis
3163 557 3276 602 sca
3299 536 3572 602 Pei-sonis

654 634 1075 708 adorandam,
1105 633 1245 698 talis
1266 631 1604 695 anatliema
1627 630 1729 694 sil.
1754 628 1841 692 Et
1865 649 2014 712 pag.
2043 629 2193 692 535.
2213 628 2282 693 Si
2305 627 2446 713 quis
2463 647 2592 692 non
2607 626 3102 690 anathematizat
3118 626 3370 702 Arium,
3389 627 3570 690 Euno-

655 723 882 799 mium,
934 721 1391 796 Macedonium,
1426 719 1915 802 Apollinarium,
1969 718 2348 794 Nestorimn,
2393 715 2457 782 ἃ·
2485 715 2824 800 Eutychen,
2877 712 3086 797 ἆξεοε,
3120 716 3234 798 qai
3255 715 3482 780 similia
3505 716 3570 778 eis

654 822 1007 896 sapuerunt
1048 810 1145 874 vel
1167 809 1448 893 sapiunt,
1483 808 1623 873 talis
1649 807 1988 871 anathema
2012 807 2111 870 sit.
2140 804 2420 869 Videant
2441 827 2611 868 nunc
2633 803 2924 867 hodierni
2949 801 3504 877 Remonstrantici,
3527 804 3568 866 si

662 901 775 984 qui
807 900 957 974 sint,
1005 896 1159 962 IGG.
1188 897 1499 980 quomodo
1531 896 1838 959 honorem
1868 893 2144 957 nominis
2170 896 2214 959 &
2239 892 2652 978 professionis
2684 915 2836 956 suae
2863 895 3194 964 tueantur.
3221 914 3370 956 cum
3391 890 3566 956 Socie-

658 989 813 1052 tatis
858 985 1448 1051 Remonstranticae
1488 984 1817 1069 proprium
1857 984 2119 1066 genium
2145 984 2190 1048 ἃ
2215 982 2496 1046 studium
2522 982 2590 1045 in
2622 980 2994 1044 haeresibus
3021 981 3070 1044 δι
3102 982 3283 1045 sectis
3305 982 3563 1064 funestis-

657 1077 835 1141 simis
868 1079 968 1162 (ut
999 1098 1105 1140 eas
1136 1079 1321 1139 vocat
1365 1072 1747 1156 Imperator)
1799 1076 1837 1135 a
1867 1075 2004 1135 toto
2059 1069 2550 1134 Christianismo
2575 1073 2620 1135 ἃ
2646 1070 3071 1134 ecclesiastice
3097 1070 3146 1133 8⁵
3171 1071 3426 1152 politice
3447 1093 3562 1153 pro-

661 1165 916 1248 scriptis
942 1163 1291 1229 tolerandis
1322 1163 1379 1226 si
1404 1184 1530 1225 non
1555 1161 2038 1244 interpolandis‚
2065 1159 2307 1223 calculo
2333 1181 2446 1222 suo
2471 1159 2518 1223 δι
2544 1159 2896 1241 patrocinio
2921 1159 3302 1242 dignantur.
3327 1159 3564 1242 Objecti·

657 1276 809 1318 ones
857 1257 903 1320 δι
932 1253 1356 1336 exceptioneS,
1391 1251 1573 1336 [pag.
1608 1249 1773 1333 477]
1801 1270 2216 1332 quaecunque
2249 1248 2550 1311 adversus
2575 1246 2814 1310 thesim
2836 1251 3128 1310 nostram
3155 1249 3203 1312 &-
3229 1252 3564 1332 argumenta

654 1342 964 1407 hactenus
1012 1342 1284 1405 adducta
1320 1338 1595 1423 proferri
1620 1342 1902 1422 possent,
1933 1358 2099 1400 nunc
2133 1358 2257 1399 non
2289 1334 2624 1412 diluemuS,
2651 1359 2730 1400 ne
2756 1335 3058 1400 studiosis
3096 1338 3430 1401 materiam
3457 1337 3564 1400 dis-

656 1431 923 1515 putandi
970 1429 1454 1515 praeripiamus,
1505 1426 1669 1491 Vide
1719 1425 1892 1490 infra
1935 1451 1954 1503 ι
1979 1437 2101 1490 art.
2149 1427 2254 1490 alt.
2293 1425 2446 1490 thesi
2470 1425 2531 1488 3.
2566 1426 2612 1490 a
2661 1426 2722 1488 4.
2769 1423 2977 1507 Supra
3003 1425 3167 1490 thesi
3197 1428 3250 1490 1.
3280 1429 3324 1493 ἃ
3347 1428 3492 1510 disp.
3512 1427 3566 1490 de

657 1519 955 1586 Articulis
993 1519 1055 1585 ἃ·
1095 1539 1291 1583 error.
1334 1517 1629 1604 fundam.
1660 1538 1674 1579 ε
1706 1515 1819 1579 ubi
1849 1519 2151 1597 putamus
2175 1513 2425 1577 abunde
2449 1513 2659 1576 fontes
2683 1512 3077 1577 solutionum
3103 1517 3145 1577 a
3171 1517 3355 1579 nobis
3377 1538 3563 1598 suppe-

659 1609 931 1683 ditatos;
958 1629 1116 1690 quos
1141 1606 1329 1671 facile
1364 1605 1485 1669 erit
1510 1604 1791 1688 strophis
1816 1605 1862 1669 8ι
1889 1606 2190 1682 φλυαρίαις
2213 1601 2508 1666 omnibus
2534 1602 2859 1684 adaptare.

1863 1789 1922 1860 P
1947 1789 2015 1860 A
2045 1789 2109 1861 R
2135 1789 2183 1860 S
2264 1789 2300 1860 I
2326 1788 2384 1860 Ι.

1163 1963 1281 2029 DE
1329 1962 1807 2029 UTILITATE
1853 1963 1899 2028 δι
1947 1962 2220 2027 PRAXI
2269 1961 2554 2028 HUJUS
2602 1961 3084 2028 DOGMATIS.

756 2143 823 2213 1.
848 2142 1330 2209 Socinianorum
1353 2140 1710 2226 Theologia
1733 2146 1806 2205 ut
1830 2141 1896 2204 in
1923 2142 2241 2225 plerisque
2266 2143 2584 2226 dogmatis
2603 2143 2984 2208 Christianis
3001 2143 3564 2226 Libertino-Scepti·

662 2257 753 2314 ca,
782 2235 827 2299 8ι
844 2233 977 2297 fere
994 2232 1173 2296 nulla
1192 2236 1317 2296 est:
1337 2231 1507 2294 sicin
1527 2230 1709 2312 praxi
1735 2230 1964 2294 misere
1989 2231 2285 2314 strigosa,
2313 2233 2418 2295 vix
2443 2233 2612 2296 ultra
2637 2237 2934 2310 Senecae,
2962 2232 3360 2300 Plutarchi&
3377 2255 3561 2296 recen-

663 2323 829 2387 tium
882 2321 1354 2386 Enthusiarum
1400 2342 1474 2383 ac
1522 2318 2017 2396 Libertinorum,
2044 2325 2114 2383 ut
2155 2322 2200 2386 &
2225 2319 2912 2385 Muhammedistarum
2945 2322 3224 2386 moralia
3247 2323 3562 2387 ascendens

662 2410 1191 2477 Remonstrantes
1230 2431 1431 2492 ,quam
1472 2409 1690 2473 dextre
1715 2408 1942 2492 praxin
1969 2408 2300 2492 religionis
2324 2410 2698 2495 intelligant
2729 2412 2774 2476 δι
2807 2411 3077 2475 doceant
3105 2411 3207 2489 (de
3234 2413 3408 2476 iactis
3429 2411 3562 2494 ipso-

661 2524 805 2565 rum
861 2499 1046 2563 nobis
1096 2498 1201 2561 hic
1224 2520 1350 2562 non
1382 2502 1480 2563 est
1508 2498 1988 2581 disputandum)
2023 2498 2293 2561 indicavi
2319 2500 2382 2561 in
2423 2502 2718 2564 Tractata
2743 2522 2886 2563 meo
2911 2504 3135 2563 contra
3161 2500 3564 2584 blasphemum

664 2590 943 2654 libellam
1000 2587 1201 2651 Tilcni
1241 2608 1279 2649 a
1302 2585 1907 2649 Remonstrantibus
1932 2591 2214 2649 nostrate
2240 2587 2462 2671 lingua
2491 2589 2765 2651 editum:
2795 2588 2900 2651 cui
2931 2588 3098 2651 nihil
3127 2595 3274 2671 post
3297 2608 3561 2653 annornm

664 2678 910 2760 aliquot
957 2674 1286 2739 silentium
1336 2680 1775 2758 reposuerunt,
1824 2696 2053 2757 quam:
2103 2678 2179 2740 Se
2205 2696 2334 2740 non
2359 2698 2594 2760 capere,
2619 2689 2730 2741 aut
2756 2679 2994 2741 nescire
3019 2679 3178 2762 quid
3201 2680 3396 2743 velim.
3445 2677 3562 2757 Ago

664 2766 835 2830 enim
880 2765 948 2827 in
971 2763 1085 2828 illo
1116 2767 1392 2827 tractatu
1420 2764 1494 2827 de
1521 2763 1803 2827 utilitate
1826 2768 2084 2827 nostrae
2111 2764 2438 2828 doctrinae
2465 2767 2538 2828 de
2568 2766 3152 2848 praedestinatione
3179 2770 3226 2832 δι’.
3249 2767 3444 2852 gratia
3463 2764 3560 2829 Dei

664 2855 743 2919 ad
764 2854 1011 2938 praxim
1042 2850 1491 2915 consolationis
1524 2854 1571 2917 a
1596 2874 1795 2915 novae
1830 2852 2227 2915 obedientiae
2256 2878 2270 2927 ;
2321 2854 2366 2918 &
2399 2855 2474 2917 de
2504 2853 2930 2936 ineptitudine
2954 2852 3306 2920 Doctrinae
3331 2854 3560 2918 Remon·

664 2942 1007 3007 stranticae
1054 2940 1133 3003 ad
1181 2941 1465 3005 eandem.
1522 2940 1612 3003 At
1650 2940 1755 3004 hic
1779 2964 1900 3004 non
1939 2945 2033 3004 est
2057 2964 2211 3023 ager
2237 2940 2618 3006 Rhetoricae
2645 2942 3044 3006 Socinianae.
3100 2942 3176 3007 In
3209 2944 3561 3029 Confessione

664 3036 779 3095 sua
802 3052 953 3094 usus
985 3029 1296 3113 practicos
1322 3029 1645 3093 doctrinae
1678 3030 1753 3093 de
1780 3029 2109 3093 attributis
2135 3030 2365 3093 divinis
2401 3034 2591 3114 (quae
2617 3031 2709 3094 ibi
2731 3035 3041 3101 tractant)
3069 3055 3186 3096 seu
3213 3034 3288 3097 de
3315 3056 3428 3097 uuo
3445 3051 3558 3093 vero

662 3118 800 3184 Deo
824 3118 981 3182 satis
1006 3118 1145 3181 fuse
1172 3122 1513 3182 annotant:
1545 3116 1668 3181 Sed
1691 3119 1920 3200 praxin
1947 3116 2283 3182 Trinitatis
2310 3120 2497 3202 plane
2524 3124 2954 3202 praetereunt.
2987 3121 3089 3183 Au
3111 3122 3266 3205 quia
3284 3123 3432 3185 utile
3447 3126 3558 3184 tan-

662 3214 800 3274 tum
849 3207 953 3284 sit,
993 3211 1143 3270 veri)
1168 3209 1324 3289 pure
1348 3209 1502 3289 pute
1526 3207 1986 3289 speculativum
2015 3208 2222 3293 (juxta
2247 3208 2718 3271 distinctionem
2743 3210 3063 3292 Episcopii
3089 3210 3160 3275 in
3187 3211 3430 3295 Dispul.
3449 3208 3556 3293 pri-

661 3298 821 3363 vatis
846 3296 1029 3380 Disp.
1060 3297 1117 3359 2.
1148 3296 1301 3360 thesi
1318 3296 1407 3377 4.)
1434 3296 1558 3378 ipsi
1582 3296 1920 3359 declarent.
1950 3295 2130 3371 Quod
2153 3318 2292 3359 cum
2322 3296 2701 3379 objecissent
2725 3298 2881 3381 ipsis
2908 3298 3001 3361 Cl.
3029 3298 3176 3363 DD.
3207 3299 3556 3363 Professores

662 3386 1000 3452 Leidenses
1050 3384 1113 3446 in
1170 3384 1455 3449 Censurci
1508 3384 1784 3467 Confess.
1832 3406 1968 3467 cap.
2003 3386 2063 3447 4.
2094 3385 2342 3448 nullum
2375 3386 2548 3449 aliud
2577 3408 2949 3467 responsum
2977 3386 3147 3450 inter
3172 3389 3374 3452 multa
3393 3408 3556 3450 scom-

662 3480 858 3552 mata,
891 3476 937 3539 &
982 3472 1245 3536 dicteria
1292 3474 1497 3536 tulere
1544 3474 1797 3557 Apoloy.
1840 3494 1890 3537 c.
1920 3474 1978 3535 3.
2006 3474 2110 3555 fol.
2144 3474 2248 3536 52.
2278 3474 2382 3536 53.
2411 3497 2606 3558 quam
2631 3498 2646 3539 z
2676 3472 2844 3539 Usus
2869 3474 3037 3549 illos,
3065 3498 3225 3559 quos
3251 3472 3556 3540 divinitatis

664 3566 1002 3646 conceptus
1026 3560 1291 3645 praebet
1308 3562 1442 3643 jam
1476 3566 1624 3626 ante
1651 3562 1716 3623 in
1742 3561 1950 3644 capite
1983 3562 2058 3625 de
2093 3560 2343 3625 Natura
2375 3561 2495 3625 Dei
2521 3564 2718 3629 fuisse
2743 3568 3102 3642 annotatos,
3131 3588 3248 3630 nec
3271 3566 3419 3629 alios
3441 3583 3555 3646 pro·

662 3654 834 3738 prios
881 3654 927 3717 a
972 3673 1166 3714 novos
1208 3672 1285 3713 ex
1336 3672 1746 3733 personarum
1779 3651 2068 3713 trinitate
2117 3650 2332 3735 colligi
2379 3674 2580 3734 posse.
2617 3652 2752 3715 Nos
2800 3657 3020 3716 contra
3067 3655 3404 3718 statuimus
3443 3671 3553 3715 cum

664 3738 1052 3816 orthodoxiS,
1104 3743 1176 3801 ut
1220 3739 1506 3802 omnium
1554 3738 1968 3802 articulorum
2017 3738 2183 3813 fidei,
2210 3739 2300 3802 sic
2326 3740 2520 3803 etiam
2548 3743 2593 3806 St
2627 3741 2817 3823 hujus
2843 3742 2918 3803 de
2943 3740 3267 3807 Trinitate
3291 3764 3428 3807 suos
3449 3759 3552 3803 esse

663 3854 813 3895 usus
846 3828 1176 3911 practicOS,
1225 3828 1511 3910 proprios
1560 3828 1693 3891 scil.
1744 3829 1789 3892 δῦ
1822 3828 2192 3909 peculiares
2240 3826 2406 3890 Sunt
2435 3828 2690 3910 quidem
2736 3851 2955 3892 omnes
3009 3831 3262 3895 articuli
3297 3831 3428 3894 fidei
3457 3848 3554 3890 una

664 3916 1043 4001 copulativa,
1092 3919 1191 4000 (ut
1238 3917 1313 3979 de
1354 3917 1707 3999 praeceptis
1735 3915 1896 3999 legis
1925 3916 2045 3978 dici
2073 3918 2259 3997 solet)
2285 3916 2330 3979 δι
2355 3917 2422 3979 in
2453 3940 2756 3982 concursu
2782 3940 2856 3982 ac
2881 3920 3264 3984 causalitate
3289 3924 3393 3983 sua
3415 3918 3552 3980 stant

664 4029 779 4091 pro
822 4010 1013 4069 causa
1058 4026 1169 4067 seu
1197 4005 1508 4087 principio
1533 4026 1692 4068 uno:
1728 4005 1837 4067 sed
1871 4007 2082 4067 tamen
2113 4005 2385 4087 quilibet
2412 4008 2676 4070 seorsim
2701 4013 3009 4090 tanquam
3043 4030 3272 4073 causae
3295 4004 3550 4092 partiales

666 4118 778 4159 seu
803 4096 1016 4176 partes
1034 4092 1396 4175 systematis
1423 4096 1467 4158 8⁶
1494 4093 1771 4175 corporis
1790 4092 1940 4155 fidei
1965 4114 2077 4174 pro
2095 4116 2210 4156 sua
2234 4098 2417 4176 parte
2444 4096 2752 4176 peculiari
2769 4096 3046 4177 quadam
3065 4097 3126 4159 vi
3146 4100 3192 4161 St
3211 4095 3548 4180 proprietate

666 4186 888 4267 agunt,
936 4184 1212 4257 movent,
1240 4203 1313 4245 ac
1336 4186 1709 4265 promovent
1734 4182 1813 4244 ad
1847 4180 2111 4263 praxin:
2139 4181 2299 4246 haut
2330 4182 2517 4245 aliter
2541 4206 2614 4247 ac
2638 4207 2864 4267 corpus
2891 4186 3266 4267 organicum
3293 4192 3547 4266 tanquam

664 4275 873 4335 totum
897 4267 1297 4332 collectivum
1324 4270 1639 4333 concurrit
1664 4270 1743 4332 ad
1768 4269 2049 4333 actiones
2075 4270 2300 4334 vitales
2327 4272 2778 4353 producendae,
2805 4276 2850 4338 δι
2867 4270 3290 4338 nihilominus
3306 4269 3547 4355 singulae

666 4363 882 4444 partes
928 4356 994 4419 in
1044 4354 1157 4417 illo
1182 4360 1315 4420 toto
1340 4358 1787 4422 concurrunt&
1820 4378 2110 4440 quaeque
2134 4380 2248 4439 pro
2275 4365 2389 4422 sua
2415 4364 2594 4441 parte
2618 4365 2963 4444 operantur
2987 4362 3296 4427 facultate
3319 4365 3360 4428 a
3387 4359 3546 4423 somni

668 4468 944 4532 propria.

3228 4538 3297 4607 2.
3341 4535 3544 4601 Proba-
