3694 4871
615 293 744 359 204
818 292 1036 359 Disr.
1085 289 1234 358 VII.
1281 289 1954 357 Paestana-run
1997 314 2094 356 nr
2140 290 2496 357 Maturo
2543 291 2927 358 onmem
2970 289 3179 357 Pius
3224 289 3347 356 IV.

608 478 692 545 Il.
743 478 961 550 Probe.
1010 476 1112 543 An
1135 477 1404 544 meritus
1428 475 1516 541 sit
1537 476 1909 542 hominibus
1940 479 2091 542 ante
2114 477 2387 561 lapsum,
2415 476 2693 562 gratiam
2722 475 3029 562 imaginis
3054 476 3307 541 divinae
3332 479 3383 544 ἃ
3408 501 3548 562 per-

609 568 874 634 sistendi
919 568 986 632 in
1035 591 1129 648 ea,
1178 565 1485 652 quamdiu
1537 565 1676 630 Deo
1724 566 1935 631 visum
1974 570 2173 631 esset:
2203 589 2316 630 seu
2341 588 2424 632 an
2447 565 2643 630 fuerit
2666 589 2885 631 eorum
2916 563 3234 630 Mediator
3263 571 3551 650 respectu
3645 567 3648 646 ξ

611 657 854 741 primae
877 657 1054 721 illius
1079 655 1332 721 unionis
1356 676 1502 719 cum
1523 655 1697 730 De03
1725 655 1893 738 quod
1926 655 2061 720 scil.
2086 676 2213 720 non
2246 677 2361 738 per
2384 655 2645 737 seipsOS,
2670 656 2781 720 sed
2804 677 2918 738 per
2947 654 3157 718 filium
3180 653 3319 719 Deo
3344 661 3549 720 went
3645 647 3648 678 ¹

608 745 795 810 uniti.
845 747 1025 829 Hesp.
1075 745 1124 810 A
1189 795 1202 809 .
1231 745 1516 810 Polanus
1540 742 1644 808 tib.
1673 743 1734 807 6.
1759 765 1896 826 cap.
1924 743 2027 808 26.
2054 742 2179 808 Sed
2212 765 2291 808 ex
2314 741 2659 826 Scripturis
2690 743 3137 827 probationem
3160 743 3413 809 nullam
3444 745 3546 808 arl-
3646 739 3648 746 ’

609 833 766 911 fert3
799 856 915 899 nec
937 855 1052 898 nos
1075 837 1144 898 ta
1171 856 1272 898 em
1297 855 1374 897 ex
1399 853 1474 897 ea
1505 831 1742 896 adferri
1775 854 1957 916 posse
1982 854 2329 897 censemus.
2378 831 2566 896 Nihil
2590 854 2744 917 ergo
2766 832 2873 898 hic
2898 831 3373 898 affirmandum.
3645 855 3648 862 ·

891 993 1871 1068 PROBLEMATUM
1948 995 2099 1068 DE
2180 994 2665 1069 MERITO
2742 992 3289 1068 CHRISTI

1811 1143 1976 1194 mas
2012 1141 2275 1202 QUARTA
2310 1142 2365 1208 ι).

701 1285 1031 1369 Perqimus
1085 1285 1156 1349 in
1205 1283 1695 1351 problematibus
1749 1285 1824 1350 de
1872 1284 2077 1349 Meriti
2126 1283 2365 1369 Objecto
2413 1284 2600 1367 quod,
2647 1305 2756 1350 seu
2794 1285 3011 1369 cujus:
3042 1283 3174 1361 ubi,
3200 1289 3277 1350 ut
3298 1303 3535 1348 omnem

610 1375 940 1438 materiam
989 1395 1064 1439 ex
1107 1374 1396 1438 methodo
1450 1374 1736 1440 instituta
1781 1373 1979 1439 simul
2024 1371 2087 1438 ἃ·
2132 1375 2317 1440 semet
2369 1373 2847 1453 exhauriamm,
2884 1373 3076 1438 etiam
3096 1371 3536 1439 controuersias

602 1463 978 1548 principalis
1001 1463 1517 1548 perstrinqemus.

701 1623 765 1694 l.
819 1626 1027 1714 Probl.
1083 1624 1204 1691 III.
1251 1625 1358 1691 An
1404 1625 1696 1692 Christus
1743 1627 2009 1692 meritus
2066 1627 2152 1692 sit
2198 1625 2517 1690 salvandis
2542 1625 2745 1690 solam
2768 1624 3251 1690 immunitatem
3276 1627 3313 1688 a
3332 1647 3531 1709 poena

608 1715 987 1798 promerita3
1035 1737 1118 1779 an
1163 1715 1423 1799 insuper
1467 1715 1746 1799 gratiam
1791 1715 1862 1778 in
1906 1715 2027 1780 hac
2080 1715 2235 1794 vita,
2282 1717 2329 1781 a
2352 1713 2838 1792 beatitudinem,
2872 1735 2986 1777 seu
3018 1711 3293 1796 gloriam
3316 1714 3387 1777 in
3412 1713 3533 1778 vita

611 1801 831 1868 futura
848 1807 879 1868 Ρ
929 1805 1107 1888 Βεερ.
1166 1805 1314 1888 Neq.
1361 1816 1587 1888 poster.
1635 1802 2169 1888 Neo-Pelagiani,
2218 1807 2289 1868 ut
2343 1803 2636 1881 Pmm,
2661 1801 2977 1880 Huberue,
3005 1802 3053 1867 δι
3075 1799 3535 1886 Anabaptistae

606 1892 886 1975 quidam,
943 1893 1054 1976 qui
1099 1892 1302 1956 solam
1354 1891 1828 1957 restitutionem
1852 1892 1916 1956 in
1942 1895 2182 1956 statum
2206 1894 2505 1956 neutrum
2532 1891 2671 1976 (qui
2696 1911 2811 1954 nec
2834 1889 3407 1968 condemnationis„
3428 1912 3533 1955 nec

607 1978 834 2045 salutis
881 1980 992 2062 sit)
1018 1980 1314 2046 omnibus
1339 1980 1704 2045 hominibus
1738 1983 1776 2044 ὲ,
1798 1979 2053 2044 Christo
2078 1981 2457 2064 acquisitam
2481 1980 2736 2044 volunt:
2764 1982 2838 2043 ut
2861 1977 2998 2044 scil.
3024 1999 3245 2043 omnes
3268 1981 3307 2043 a
3327 1979 3534 2043 debito

607 2090 722 2152 per
765 2067 1002 2134 Adami
1055 2069 1632 2154 transgressionem
1655 2072 1979 2134 contracto
2011 2068 2267 2133 liberati
2292 2071 2339 2135 ἃ
2362 2068 2570 2145 liberi,
2596 2068 2673 2132 de
2696 2088 2861 2132 novo
2882 2067 3161 2132 salutem
3184 2089 3366 2132 suam
3390 2089 3533 2151 ope-

607 2161 860 2235 rentur3
907 2157 1077 2241 qudd
1129 2158 1184 2221 si
1209 2157 1498 2236 fecerint,
1525 2158 1797 2222 salutem
1823 2157 2189 2242 acquirant:
2216 2157 2314 2220 sin
2344 2157 2555 2222 minus
2579 2159 2829 2220 reatum
2854 2156 2933 2221 de
2955 2176 3123 2220 novo
3153 2155 3278 2220 sibi
3298 2161 3535 2220 contra-

606 2243 786 2322 hant,
833 2247 880 2312 8⁵
910 2249 1218 2329 tanquam
1241 2245 1479 2330 relapsi
1495 2247 1668 2330 juste
1699 2247 2217 2311 condemnentur.
2264 2243 2389 2310 Sed
2412 2245 2571 2310 haec
2592 2243 2809 2328 opinio
2840 2242 3211 2328 Scripturae
3234 2243 3535 2330 (Johann.

607 2333 667 2397 3.
693 2353 851 2400 vers.
881 2335 940 2398 5.
969 2335 1075 2399 36.
1103 2337 1163 2399 6.
1190 2333 1414 2420 Ερὴεε.
1441 2337 1501 2400 2.
1530 2335 1618 2416 3.)
1645 2335 1691 2400 δι
1714 2333 2113 2399 Orthodoxae
2138 2357 2211 2400 ac
2232 2333 2598 2398 Catholicae
2622 2333 2995 2417 antiquitati
3011 2337 3347 2418 repugnat.
3374 2331 3535 2396 Vide

605 2423 1052 2507 Antaqonistas
1081 2424 1260 2511 [pag.
1295 2422 1458 2510 269]
1487 2423 1700 2491 Paccii
1729 2421 1792 2489 ἃ·
1816 2423 2071 2503 Huberi,
2096 2446 2289 2507 supra
2320 2423 2644 2488 indicatos,
2694 2420 2812 2487 IV.
2839 2420 3063 2489 Probl.
3088 2419 3194 2487 An
3218 2421 3531 2487 salvandis

605 2515 858 2576 tantum
887 2514 1190 2578 meruerit
1212 2512 1518 2598 gloriam;
1545 2535 1625 2577 an
1650 2534 1798 2577 vero
1823 2513 2019 2577 etiam
2050 2513 2325 2596 gratiam
2351 2515 2489 2576 tum
2507 2512 2990 2596 justificantem,
3016 2515 3157 2575 tum
3190 2516 3534 2587 vocantem,

608 2599 656 2664 δι
679 2606 1180 2685 regenerantem,
1207 2606 1348 2667 tum
1383 2601 1920 2678 sanctificantem3
1946 2600 2225 2665 breviter
2247 2601 2520 2684 primam
2547 2622 2660 2665 seu
2682 2600 3220 2684 praevenientem,
3246 2602 3294 2666 St
3322 2622 3533 2665 secun·

604 2687 752 2752 dam
797 2711 908 2754 seu
935 2690 1460 2775 subsequentem3
1497 2711 1762 2774 eamque
1795 2692 2291 2766 conservantem,
2319 2689 2721 2764 excitantem,
2746 2692 3285 2772 praemoventem,
3308 2688 3533 2753 conflr-

605 2782 888 2843 mantem
934 2779 982 2844 ἃ,
1028 2784 1391 2865 augentem,
1441 2800 1820 2863 omnemque
1869 2778 2059 2842 aliam
2082 2800 2098 2853 ς
2146 2782 2411 2861 excepta
2454 2778 2667 2863 gratia
2712 2782 2852 2841 tum
2874 2776 3395 2859 praedestinante
3426 2798 3531 2841 seu

605 2864 932 2931 electionis
955 2867 1035 2931 ad
1064 2868 1344 2953 gratiam
1367 2868 1415 2933 ἃ
1446 2868 1741 2953 gloriam,
1764 2871 1907 2931 tum
1929 2866 2135 2950 primo
2158 2866 2367 2949 prima
2390 2870 2763 2949 exequente,
2788 2868 2918 2949 qua
2940 2865 3184 2930 dedit&
3206 2865 3531 2931 constituit

604 2950 987 3037 Sponsorem
1033 2978 1106 3021 ac
1149 2956 1588 3034 Mediatorem‚
1640 2977 1885 3039 nosque
1933 2954 2105 3018 dedit
2148 2954 2260 3019 isti
2282 2952 2622 3019 Mediatori
2646 2953 2983 3019 salvandos
3009 2954 3115 3040 (de
3138 2976 3264 3039 quo
3288 2953 3461 3019 infra
3474 2954 3527 3037 ?)

602 3041 783 3127 Reap.
835 3045 979 3129 Neq.
1006 3043 1550 3123 Remonstrantes,
1575 3044 1938 3127 specialiter
1960 3043 2127 3126 quod
2151 3044 2231 3107 ad
2253 3043 2531 3127 gratiam
2554 3041 3081 3127 regenerationis,
3106 3044 3367 3127 ejusque
3390 3065 3527 3126 per-

605 3132 1018 3197 severantiae.
1067 3132 1232 3198 Vide
1278 3134 1564 3217 ipsorum
1587 3132 1961 3220 Apoloqiam
1982 3151 2117 3219 cap.
2145 3134 2205 3196 8.
2232 3131 2375 3196 coll.
2402 3153 2545 3195 cum
2571 3132 2987 3215 Antapol09iaei
3015 3130 3223 3197 Isaac-i
3252 3132 3457 3209 Junii,
3478 3132 3521 3196 8

601 3222 869 3285 oensurd
919 3222 1186 3306 Profess.
1233 3223 1650 3288 Leidensium.
1702 3224 1829 3289 Nos
1874 3222 1925 3285 A
1932 3224 2003 3307 ff.
2048 3222 2095 3286 δι
2123 3218 2486 3304 probamus.
2536 3220 2761 3285 Primo
2800 3242 2876 3284 ex
2902 3220 3129 3303 Ephes.
3162 3220 3221 3284 1.
3244 3241 3405 3286 vers.
3428 3222 3525 3284 23.

602 3328 801 3394 usque
833 3309 935 3374 12.
964 3312 1022 3373 2.
1061 3312 1324 3377 Timum.
1364 3312 1419 3375 1.
1443 3332 1601 3375 ver-3.
1630 3310 1692 3374 9.
1722 3311 1780 3375 1.
1811 3310 1977 3376 Petr.
2010 3308 2068 3371 1.
2096 3310 2155 3372 3.
2184 3311 2362 3376 Rom.
2387 3309 2449 3373 8.
2472 3328 2631 3374 vers.
2658 3310 2761 3373 32.
2790 3308 2895 3373 39.
2922 3307 3211 3375 Secundo
3234 3310 3527 3393 probatur

603 3418 718 3479 per
740 3402 955 3481 partes
979 3398 1056 3464 de
1079 3400 1292 3484 gratia
1313 3398 1844 3464 reconciliationis
1872 3399 1932 3461 2.
1967 3395 2245 3464 Corinth.
2273 3396 2333 3461 5.
2358 3418 2516 3462 vers.
2556 3398 2658 3462 19.
2684 3396 2907 3481 Ephe&
2939 3398 2996 3460 1.
3032 3397 3097 3463 6.
3124 3400 3185 3463 7.
3210 3398 3255 3463 J
3258 3397 3524 3463 ustifica-

603 3485 796 3551 tionis
821 3488 1002 3553 Rom.
1029 3489 1089 3551 3.
1118 3488 1223 3553 24.
1257 3487 1364 3553 25.
1399 3486 1465 3553 a
1490 3487 1549 3553 5.
1583 3508 1740 3553 vers.
1771 3488 1828 3549 1.
1858 3488 1917 3549 2.
1944 3485 2323 3569 Adoptionis
2349 3486 2572 3571 Ephes.
2609 3486 2662 3550 1.
2688 3506 2846 3551 ver-5.
2870 3484 2933 3549 5.
2961 3486 3335 3562 vocationis,
3359 3506 3523 3571 rege-

603 3574 972 3655 nerationis,
1021 3576 1542 3641 sanctificationis
1599 3577 1659 3638 2.
1717 3574 1980 3640 Timoth.
2033 3574 2091 3637 1.
2142 3574 2203 3638 9.
2257 3574 2314 3638 1.
2349 3574 2521 3640 Petr.
2574 3574 2633 3637 1.
2668 3576 2727 3637 3.
2754 3574 2981 3658 Ερὴεε.
3020 3575 3080 3640 l.
3104 3594 3262 3641 vers.
3300 3576 3361 3641 7.
3386 3576 3444 3639 8.
3464 3574 3519 3637 9.

609 3663 814 3729 Galat.
843 3664 902 3728 1.
927 3684 1083 3729 vera.
1110 3665 1172 3731 6.
1207 3664 1319 3731 Tit.
1348 3666 1409 3729 2.
1440 3665 1541 3729 14.
1569 3663 1847 3730 lohann.
1872 3663 2149 3727 17.ver3.
2172 3663 2273 3727 19.
2293 3662 2561 3727 actualis
2578 3662 3023 3742 conversionis,
3037 3662 3517 3748 recipiscantiae,

605 3748 772 3830 fidei,
820 3754 1352 3835 perseverantiae,
1401 3756 1463 3817 1.
1514 3752 1687 3819 Petr.
1737 3754 1796 3815 2.
1843 3772 2003 3817 vers.
2052 3750 2159 3816 24.
2207 3752 2312 3816 25.
2361 3753 2539 3818 Rom.
2589 3753 2651 3816 8.
2675 3771 2833 3816 vera.
2858 3754 2974 3818 ult.
3000 3754 3061 3818 1.
3089 3752 3320 3818 lohan.
3343 3750 3515 3816 5.18.

612 3838 710 3901 19.
765 3842 822 3903 1.
873 3840 1042 3907 Petr.
1094 3843 1152 3907 1.
1197 3863 1352 3907 vers.
1403 3844 1463 3905 3.
1513 3840 1575 3905 4.
1627 3842 1684 3905 5.
1744 3840 1941 3905 Tertio
1986 3839 2295 3923 probatur
2340 3862 2419 3904 ex
2456 3838 2905 3905 intercessione
2922 3840 3169 3906 Christi
3192 3863 3311 3925 pro
3354 3838 3516 3905 nobis

605 3926 775 4009 (vide
835 3926 1000 3995 hanc
1057 3930 1575 3995 intercessionem
1637 3928 2021 4013 explicatam
2082 3930 2121 3992 a
2181 3927 2463 3992 locorum
2517 3929 2951 3993 communium
3014 3930 3061 3995 ἃ
3118 3926 3514 3994 Catecheticis

605 4010 1054 4098 Scriptoribus,
1110 4040 1227 4083 nec
1277 4040 1404 4083 non
1449 4016 2056 4083 commentatoribus
2096 4016 2177 4079 ad
2227 4017 2404 4083 Rom.
2454 4016 2513 4080 8.
2563 4017 2667 4081 34.
2722 4015 2909 4083 Hebr.
2962 4018 3023 4081 7.
3082 4018 3193 4082 25.
3234 4018 3281 4083 ἃ
3320 4018 3379 4081 9.
3420 4013 3509 4077 24.

607 4101 820 4166 collat.
846 4125 984 4168 cum
1017 4108 1119 4171 12.
1142 4126 1297 4172 vers.
1325 4106 1460 4188 24.)
1485 4105 1610 4171 Pro
1634 4125 2009 4189 quocunque
2034 4101 2328 4169 Christus
2352 4104 2419 4168 in
2438 4105 2627 4169 terris
2650 4106 2877 4185 oravit,
2900 4106 2949 4171 ἃ
2966 4106 3325 4171 etiamnum
3338 4105 3509 4169 inter·

610 4188 795 4267 cedit,
849 4191 1010 4256 illud
1054 4194 1263 4277 ipsum
1309 4195 1492 4259 nobis
1541 4195 1806 4259 meritus
1852 4196 1969 4257 est.
2018 4190 2143 4257 Sed
2189 4215 2304 4276 pro
2348 4193 2519 4259 omni
2568 4193 2779 4279 gratia
2796 4194 2982 4259 nobis
3006 4196 3161 4260 data
3192 4198 3307 4261 aut
3335 4191 3510 4259 dandi

3248 4282 3507 4349 Christus

677 4469 726 4535 ¹)
760 4468 916 4534 Κεφ.
949 4469 1120 4523 Pmo
1155 4480 1260 4521 van
1293 4484 1394 4525 nm
1427 4472 1651 4533 Buanm,
1687 4471 2271 4539 Mediobmgoezelando.
2303 4472 2391 4525 Aa
2422 4475 2571 4525 diem
2602 4473 2653 4525 4.
2688 4472 2937 4525 Decemb.
2968 4474 3138 4527 Anno
3170 4472 3326 4526 1650.
