<?xml version="1.0" encoding="UTF-8"?>
<!DOCTYPE html PUBLIC "-//W3C//DTD XHTML 1.0 Transitional//EN"
    "http://www.w3.org/TR/xhtml1/DTD/xhtml1-transitional.dtd">
<html xmlns="http://www.w3.org/1999/xhtml" xml:lang="en" lang="en">
 <head>
  <title>
</title>
<meta http-equiv="Content-Type" content="text/html;charset=utf-8" />
  <meta name='ocr-system' content='tesseract 3.04.00' />
  <meta name='ocr-capabilities' content='ocr_page ocr_carea ocr_par ocr_line ocrx_word'/>
</head>
<body>
  <div class='ocr_page' id='page_1' title='image "./selectarumdispu00kuypgoog_0228.png"; bbox 0 0 3694 4871; ppageno 0'>
   <div class='ocr_carea' id='block_1_1' title="bbox 292 261 3022 334">
    <p class='ocr_par' dir='ltr' id='par_1_1' title="bbox 292 261 3022 334">
     <span class='ocr_line' id='line_1_1' title="bbox 292 261 3022 334; baseline 0 -6"><span class='ocrx_word' id='word_1_1' title='bbox 292 263 516 331; x_wconf 76' lang='lat' dir='ltr'>D1sr.</span> <span class='ocrx_word' id='word_1_2' title='bbox 564 263 712 330; x_wconf 83' lang='lat' dir='ltr'>Vll.</span> <span class='ocrx_word' id='word_1_3' title='bbox 761 262 1432 330; x_wconf 60' lang='lat' dir='ltr'>Paestanum-uu</span> <span class='ocrx_word' id='word_1_4' title='bbox 1475 285 1574 330; x_wconf 71' lang='lat' dir='ltr'>ns</span> <span class='ocrx_word' id='word_1_5' title='bbox 1619 261 1978 331; x_wconf 62' lang='lat' dir='ltr'>qumo</span> <span class='ocrx_word' id='word_1_6' title='bbox 2024 264 2403 333; x_wconf 73' lang='lat' dir='ltr'>Cnnzsrx</span> <span class='ocrx_word' id='word_1_7' title='bbox 2450 265 2655 334; x_wconf 54' lang='lat' dir='ltr'>Pius</span> <span class='ocrx_word' id='word_1_8' title='bbox 2701 263 2823 330; x_wconf 92' lang='lat' dir='ltr'>III.</span> <span class='ocrx_word' id='word_1_9' title='bbox 2897 263 3022 328; x_wconf 87' lang='grc'>197</span> 
     </span>
    </p>
   </div>
   <div class='ocr_carea' id='block_1_2' title="bbox 87 449 3019 1151">
    <p class='ocr_par' dir='ltr' id='par_1_2' title="bbox 87 449 3019 980">
     <span class='ocr_line' id='line_1_2' title="bbox 90 449 3015 537; baseline 0 -21"><span class='ocrx_word' id='word_1_10' title='bbox 90 451 257 516; x_wconf 89' lang='lat' dir='ltr'>omni</span> <span class='ocrx_word' id='word_1_11' title='bbox 265 452 382 516; x_wconf 91' lang='lat' dir='ltr'>bus</span> <span class='ocrx_word' id='word_1_12' title='bbox 435 451 482 516; x_wconf 63' lang='grc' dir='ltr'><strong>ἃ</strong></span> <span class='ocrx_word' id='word_1_13' title='bbox 526 449 798 535; x_wconf 86' lang='lat' dir='ltr'>singulis</span> <span class='ocrx_word' id='word_1_14' title='bbox 843 449 1210 516; x_wconf 88' lang='lat' dir='ltr'>hominibus</span> <span class='ocrx_word' id='word_1_15' title='bbox 1256 449 1622 516; x_wconf 87' lang='lat' dir='ltr'>innocentes</span> <span class='ocrx_word' id='word_1_16' title='bbox 1669 449 1837 516; x_wconf 87' lang='lat' dir='ltr'>filios</span> <span class='ocrx_word' id='word_1_17' title='bbox 1883 450 2173 537; x_wconf 71' lang='lat' dir='ltr'>legitime</span> <span class='ocrx_word' id='word_1_18' title='bbox 2212 471 2396 536; x_wconf 86' lang='lat' dir='ltr'>posse</span> <span class='ocrx_word' id='word_1_19' title='bbox 2450 472 2525 516; x_wconf 89' lang='lat' dir='ltr'>ac</span> <span class='ocrx_word' id='word_1_20' title='bbox 2548 449 2775 516; x_wconf 89' lang='lat' dir='ltr'>debere</span> <span class='ocrx_word' id='word_1_21' title='bbox 2798 451 3015 517; x_wconf 89' lang='lat' dir='ltr'>occidi.</span> 
     </span>
     <span class='ocr_line' id='line_1_3' title="bbox 91 537 3019 625; baseline 0 -21"><span class='ocrx_word' id='word_1_22' title='bbox 91 537 386 617; x_wconf 85' lang='lat' dir='ltr'><strong>Rursum,</strong></span> <span class='ocrx_word' id='word_1_23' title='bbox 423 539 607 616; x_wconf 81' lang='lat' dir='ltr'>Quod</span> <span class='ocrx_word' id='word_1_24' title='bbox 649 561 866 604; x_wconf 89' lang='lat' dir='ltr'>omncs</span> <span class='ocrx_word' id='word_1_25' title='bbox 896 541 944 606; x_wconf 68' lang='lat' dir='ltr'>Sc</span> <span class='ocrx_word' id='word_1_26' title='bbox 973 539 1214 624; x_wconf 85' lang='lat' dir='ltr'>singuli</span> <span class='ocrx_word' id='word_1_27' title='bbox 1259 543 1526 625; x_wconf 76' lang='lat' dir='ltr'><strong>possunt</strong></span> <span class='ocrx_word' id='word_1_28' title='bbox 1555 539 1760 605; x_wconf 89' lang='lat' dir='ltr'>teneri</span> <span class='ocrx_word' id='word_1_29' title='bbox 1799 540 2073 620; x_wconf 86' lang='lat' dir='ltr'>credere,</span> <span class='ocrx_word' id='word_1_30' title='bbox 2096 539 2216 606; x_wconf 86' lang='lat' dir='ltr'>hoc</span> <span class='ocrx_word' id='word_1_31' title='bbox 2244 561 2461 605; x_wconf 89' lang='lat' dir='ltr'>verum</span> <span class='ocrx_word' id='word_1_32' title='bbox 2486 543 2614 605; x_wconf 86' lang='lat' dir='ltr'>est:</span> <span class='ocrx_word' id='word_1_33' title='bbox 2642 537 2769 604; x_wconf 84' lang='lat' dir='ltr'>Sed</span> <span class='ocrx_word' id='word_1_34' title='bbox 2790 561 2857 604; x_wconf 91' lang='lat' dir='ltr'>se</span> <span class='ocrx_word' id='word_1_35' title='bbox 2882 561 3019 605; x_wconf 89' lang='lat' dir='ltr'>esse</span> 
     </span>
     <span class='ocr_line' id='line_1_4' title="bbox 90 627 3017 713; baseline 0 -20"><span class='ocrx_word' id='word_1_36' title='bbox 90 629 330 694; x_wconf 86' lang='lat' dir='ltr'>divinos</span> <span class='ocrx_word' id='word_1_37' title='bbox 361 628 743 712; x_wconf 87' lang='lat' dir='ltr'>Prophetas,</span> <span class='ocrx_word' id='word_1_38' title='bbox 783 649 898 712; x_wconf 85' lang='lat' dir='ltr'>per</span> <span class='ocrx_word' id='word_1_39' title='bbox 947 627 1392 713; x_wconf 81' lang='lat' dir='ltr'>propheticum</span> <span class='ocrx_word' id='word_1_40' title='bbox 1438 632 1696 713; x_wconf 88' lang='lat' dir='ltr'>raptum</span> <span class='ocrx_word' id='word_1_41' title='bbox 1748 650 1823 694; x_wconf 89' lang='lat' dir='ltr'>ac</span> <span class='ocrx_word' id='word_1_42' title='bbox 1870 629 2087 694; x_wconf 88' lang='lat' dir='ltr'>lumen</span> <span class='ocrx_word' id='word_1_43' title='bbox 2133 629 2210 694; x_wconf 91' lang='lat' dir='ltr'>de</span> <span class='ocrx_word' id='word_1_44' title='bbox 2240 628 2431 694; x_wconf 88' lang='lat' dir='ltr'>rebus</span> <span class='ocrx_word' id='word_1_45' title='bbox 2453 627 2689 694; x_wconf 86' lang='lat' dir='ltr'>futuris</span> <span class='ocrx_word' id='word_1_46' title='bbox 2713 627 3017 694; x_wconf 87' lang='lat' dir='ltr'>divinitus</span> 
     </span>
     <span class='ocr_line' id='line_1_5' title="bbox 89 715 3018 802; baseline 0 -20"><span class='ocrx_word' id='word_1_47' title='bbox 89 718 357 795; x_wconf 84' lang='lat' dir='ltr'>edoctos,</span> <span class='ocrx_word' id='word_1_48' title='bbox 407 739 628 782; x_wconf 90' lang='lat' dir='ltr'>omnes</span> <span class='ocrx_word' id='word_1_49' title='bbox 673 719 719 784; x_wconf 69' lang='grc' dir='ltr'>δε</span> <span class='ocrx_word' id='word_1_50' title='bbox 765 717 1007 802; x_wconf 83' lang='lat' dir='ltr'>singuli</span> <span class='ocrx_word' id='word_1_51' title='bbox 1043 716 1336 783; x_wconf 88' lang='lat' dir='ltr'>homines</span> <span class='ocrx_word' id='word_1_52' title='bbox 1381 721 1647 801; x_wconf 87' lang='lat' dir='ltr'>possunt</span> <span class='ocrx_word' id='word_1_53' title='bbox 1683 717 1887 783; x_wconf 90' lang='lat' dir='ltr'>teneri</span> <span class='ocrx_word' id='word_1_54' title='bbox 1918 718 2191 797; x_wconf 88' lang='lat' dir='ltr'>credere,</span> <span class='ocrx_word' id='word_1_55' title='bbox 2218 717 2460 782; x_wconf 88' lang='lat' dir='ltr'>lumine</span> <span class='ocrx_word' id='word_1_56' title='bbox 2483 716 2621 782; x_wconf 82' lang='lat' dir='ltr'>scil.</span> <span class='ocrx_word' id='word_1_57' title='bbox 2647 715 3018 801; x_wconf 89' lang='lat' dir='ltr'>prophetico</span> 
     </span>
     <span class='ocr_line' id='line_1_6' title="bbox 89 805 3013 892; baseline -0.001 -22"><span class='ocrx_word' id='word_1_58' title='bbox 89 805 238 890; x_wconf 82' lang='lat' dir='ltr'>ipsis</span> <span class='ocrx_word' id='word_1_59' title='bbox 260 806 500 885; x_wconf 84' lang='lat' dir='ltr'>infus0,</span> <span class='ocrx_word' id='word_1_60' title='bbox 526 807 697 890; x_wconf 87' lang='lat' dir='ltr'>quod</span> <span class='ocrx_word' id='word_1_61' title='bbox 720 827 838 871; x_wconf 89' lang='lat' dir='ltr'>sua</span> <span class='ocrx_word' id='word_1_62' title='bbox 858 809 1090 870; x_wconf 90' lang='lat' dir='ltr'>natura</span> <span class='ocrx_word' id='word_1_63' title='bbox 1120 805 1416 871; x_wconf 90' lang='lat' dir='ltr'>omnibus</span> <span class='ocrx_word' id='word_1_64' title='bbox 1445 805 1699 872; x_wconf 86' lang='lat' dir='ltr'>infundi</span> <span class='ocrx_word' id='word_1_65' title='bbox 1728 809 1969 890; x_wconf 87' lang='lat' dir='ltr'>potest:</span> <span class='ocrx_word' id='word_1_66' title='bbox 1996 805 2173 892; x_wconf 83' lang='lat' dir='ltr'>Ergo</span> <span class='ocrx_word' id='word_1_67' title='bbox 2196 813 2433 871; x_wconf 67' lang='lat' dir='ltr'>verum*</span> <span class='ocrx_word' id='word_1_68' title='bbox 2450 809 2547 870; x_wconf 91' lang='lat' dir='ltr'>est</span> <span class='ocrx_word' id='word_1_69' title='bbox 2569 825 2788 870; x_wconf 91' lang='lat' dir='ltr'>omnes</span> <span class='ocrx_word' id='word_1_70' title='bbox 2810 806 2857 872; x_wconf 74' lang='grc' dir='ltr'>ἃ</span> <span class='ocrx_word' id='word_1_71' title='bbox 2888 805 3013 869; x_wconf 91' lang='lat' dir='ltr'>sin-</span> 
     </span>
     <span class='ocr_line' id='line_1_7' title="bbox 87 893 2783 980; baseline -0 -21"><span class='ocrx_word' id='word_1_72' title='bbox 87 895 264 980; x_wconf 85' lang='lat' dir='ltr'>gulos</span> <span class='ocrx_word' id='word_1_73' title='bbox 293 895 590 960; x_wconf 89' lang='lat' dir='ltr'>homines</span> <span class='ocrx_word' id='word_1_74' title='bbox 621 917 758 960; x_wconf 89' lang='lat' dir='ltr'>esse</span> <span class='ocrx_word' id='word_1_75' title='bbox 780 894 1024 960; x_wconf 88' lang='lat' dir='ltr'>divinos</span> <span class='ocrx_word' id='word_1_76' title='bbox 1047 893 1424 979; x_wconf 88' lang='lat' dir='ltr'>Prophetas,</span> <span class='ocrx_word' id='word_1_77' title='bbox 1451 917 1563 960; x_wconf 92' lang='lat' dir='ltr'>seu</span> <span class='ocrx_word' id='word_1_78' title='bbox 1592 895 1888 960; x_wconf 88' lang='lat' dir='ltr'>omnibus</span> <span class='ocrx_word' id='word_1_79' title='bbox 1913 895 2131 960; x_wconf 90' lang='lat' dir='ltr'>lumen</span> <span class='ocrx_word' id='word_1_80' title='bbox 2153 895 2287 959; x_wconf 89' lang='lat' dir='ltr'>tale</span> <span class='ocrx_word' id='word_1_81' title='bbox 2308 894 2592 959; x_wconf 86' lang='lat' dir='ltr'>infusum</span> <span class='ocrx_word' id='word_1_82' title='bbox 2626 915 2783 958; x_wconf 89' lang='lat' dir='ltr'>esse.</span> 
     </span>
    </p>

    <p class='ocr_par' dir='ltr' id='par_1_3' title="bbox 87 981 3017 1151">
     <span class='ocr_line' id='line_1_8' title="bbox 171 981 3017 1069; baseline -0.001 -21"><span class='ocrx_word' id='word_1_83' title='bbox 171 983 353 1060; x_wconf 83' lang='lat' dir='ltr'>Quod</span> <span class='ocrx_word' id='word_1_84' title='bbox 392 1005 614 1048; x_wconf 89' lang='lat' dir='ltr'>omnes</span> <span class='ocrx_word' id='word_1_85' title='bbox 659 985 706 1049; x_wconf 64' lang='lat' dir='ltr'>a</span> <span class='ocrx_word' id='word_1_86' title='bbox 729 983 969 1068; x_wconf 84' lang='lat' dir='ltr'>singuli</span> <span class='ocrx_word' id='word_1_87' title='bbox 1000 984 1257 1069; x_wconf 85' lang='lat' dir='ltr'>captivi,</span> <span class='ocrx_word' id='word_1_88' title='bbox 1282 984 1350 1048; x_wconf 90' lang='lat' dir='ltr'>in</span> <span class='ocrx_word' id='word_1_89' title='bbox 1373 982 1748 1068; x_wconf 76' lang='lat' dir='ltr'>captivitate</span> <span class='ocrx_word' id='word_1_90' title='bbox 1778 986 1825 1050; x_wconf 67' lang='lat' dir='ltr'>s</span> <span class='ocrx_word' id='word_1_91' title='bbox 1847 983 2155 1050; x_wconf 89' lang='lat' dir='ltr'>servitute</span> <span class='ocrx_word' id='word_1_92' title='bbox 2179 981 2447 1050; x_wconf 69' lang='lat' dir='ltr'>Turcica</span> <span class='ocrx_word' id='word_1_93' title='bbox 2468 981 2727 1058; x_wconf 89' lang='lat' dir='ltr'>mortui,</span> <span class='ocrx_word' id='word_1_94' title='bbox 2751 986 3017 1066; x_wconf 86' lang='lat' dir='ltr'>possunt</span> 
     </span>
     <span class='ocr_line' id='line_1_9' title="bbox 87 1071 1120 1151; baseline 0.002 -15"><span class='ocrx_word' id='word_1_95' title='bbox 87 1073 284 1137; x_wconf 90' lang='lat' dir='ltr'>teneri</span> <span class='ocrx_word' id='word_1_96' title='bbox 308 1073 586 1151; x_wconf 88' lang='lat' dir='ltr'>credere,</span> <span class='ocrx_word' id='word_1_97' title='bbox 611 1071 733 1137; x_wconf 90' lang='lat' dir='ltr'>hoc</span> <span class='ocrx_word' id='word_1_98' title='bbox 755 1094 976 1138; x_wconf 86' lang='lat' dir='ltr'>verum</span> <span class='ocrx_word' id='word_1_99' title='bbox 1003 1078 1120 1138; x_wconf 89' lang='lat' dir='ltr'>est.</span> 
     </span>
    </p>
   </div>
   <div class='ocr_carea' id='block_1_3' title="bbox 169 1153 3131 1247">
    <p class='ocr_par' dir='ltr' id='par_1_4' title="bbox 169 1153 3131 1247">
     <span class='ocr_line' id='line_1_10' title="bbox 169 1153 3131 1247; baseline 0 -21"><span class='ocrx_word' id='word_1_100' title='bbox 169 1159 293 1226; x_wconf 89' lang='lat' dir='ltr'>Sed</span> <span class='ocrx_word' id='word_1_101' title='bbox 338 1183 562 1226; x_wconf 86' lang='lat' dir='ltr'>omnes</span> <span class='ocrx_word' id='word_1_102' title='bbox 601 1161 649 1226; x_wconf 67' lang='lat' dir='ltr'>a</span> <span class='ocrx_word' id='word_1_103' title='bbox 680 1160 920 1247; x_wconf 81' lang='lat' dir='ltr'>singuli</span> <span class='ocrx_word' id='word_1_104' title='bbox 965 1161 1202 1246; x_wconf 86' lang='lat' dir='ltr'>captivi</span> <span class='ocrx_word' id='word_1_105' title='bbox 1248 1161 1313 1226; x_wconf 87' lang='lat' dir='ltr'>in</span> <span class='ocrx_word' id='word_1_106' title='bbox 1339 1161 1646 1228; x_wconf 88' lang='lat' dir='ltr'>servitute</span> <span class='ocrx_word' id='word_1_107' title='bbox 1668 1159 1937 1226; x_wconf 73' lang='lat' dir='ltr'>Turcica</span> <span class='ocrx_word' id='word_1_108' title='bbox 1961 1159 2197 1226; x_wconf 86' lang='lat' dir='ltr'>mortui</span> <span class='ocrx_word' id='word_1_109' title='bbox 2220 1162 2487 1244; x_wconf 89' lang='lat' dir='ltr'>possunt</span> <span class='ocrx_word' id='word_1_110' title='bbox 2508 1159 2715 1224; x_wconf 88' lang='lat' dir='ltr'>teneri</span> <span class='ocrx_word' id='word_1_111' title='bbox 2737 1159 3011 1239; x_wconf 85' lang='lat' dir='ltr'>credere,</span> <span class='ocrx_word' id='word_1_112' title='bbox 3120 1153 3131 1162; x_wconf 75' lang='grc'><strong><em>’</em></strong></span> 
     </span>
    </p>
   </div>
   <div class='ocr_carea' id='block_1_4' title="bbox 85 1247 3041 4503">
    <p class='ocr_par' dir='ltr' id='par_1_5' title="bbox 85 1247 3041 4503">
     <span class='ocr_line' id='line_1_11' title="bbox 86 1247 3014 1334; baseline -0 -21"><span class='ocrx_word' id='word_1_113' title='bbox 86 1249 394 1333; x_wconf 79' lang='lat' dir='ltr'>siquidem</span> <span class='ocrx_word' id='word_1_114' title='bbox 448 1248 624 1314; x_wconf 89' lang='lat' dir='ltr'>Deus</span> <span class='ocrx_word' id='word_1_115' title='bbox 667 1249 825 1334; x_wconf 89' lang='lat' dir='ltr'>ipsis</span> <span class='ocrx_word' id='word_1_116' title='bbox 872 1251 1184 1315; x_wconf 77' lang='lat' dir='ltr'>revelaret</span> <span class='ocrx_word' id='word_1_117' title='bbox 1231 1249 1443 1330; x_wconf 90' lang='lat' dir='ltr'>(sicuti</span> <span class='ocrx_word' id='word_1_118' title='bbox 1488 1253 1604 1315; x_wconf 75' lang='lat' dir='ltr'>sua</span> <span class='ocrx_word' id='word_1_119' title='bbox 1635 1253 1867 1314; x_wconf 79' lang='lat' dir='ltr'>natura</span> <span class='ocrx_word' id='word_1_120' title='bbox 1897 1249 2192 1320; x_wconf 85' lang='lat' dir='ltr'>omnibus</span> <span class='ocrx_word' id='word_1_121' title='bbox 2215 1249 2346 1314; x_wconf 91' lang='lat' dir='ltr'>illis</span> <span class='ocrx_word' id='word_1_122' title='bbox 2371 1250 2418 1315; x_wconf 63' lang='grc' dir='ltr'><strong>ἃ</strong></span> <span class='ocrx_word' id='word_1_123' title='bbox 2442 1247 2718 1333; x_wconf 89' lang='lat' dir='ltr'>singulis</span> <span class='ocrx_word' id='word_1_124' title='bbox 2742 1248 3014 1313; x_wconf 90' lang='lat' dir='ltr'>revelari</span> 
     </span>
     <span class='ocr_line' id='line_1_12' title="bbox 85 1336 3013 1423; baseline 0 -21"><span class='ocrx_word' id='word_1_125' title='bbox 85 1339 315 1422; x_wconf 85' lang='lat' dir='ltr'>potest)</span> <span class='ocrx_word' id='word_1_126' title='bbox 365 1337 578 1404; x_wconf 88' lang='lat' dir='ltr'>Deum</span> <span class='ocrx_word' id='word_1_127' title='bbox 624 1339 789 1403; x_wconf 88' lang='lat' dir='ltr'>velle</span> <span class='ocrx_word' id='word_1_128' title='bbox 813 1360 920 1403; x_wconf 88' lang='lat' dir='ltr'>eos</span> <span class='ocrx_word' id='word_1_129' title='bbox 959 1341 998 1404; x_wconf 73' lang='lat' dir='ltr'>a</span> <span class='ocrx_word' id='word_1_130' title='bbox 1027 1338 1400 1423; x_wconf 80' lang='lat' dir='ltr'>captivitate</span> <span class='ocrx_word' id='word_1_131' title='bbox 1431 1339 1713 1419; x_wconf 88' lang='lat' dir='ltr'>liberari,</span> <span class='ocrx_word' id='word_1_132' title='bbox 1741 1340 1788 1406; x_wconf 69' lang='grc' dir='ltr'><strong>ἃ</strong></span> <span class='ocrx_word' id='word_1_133' title='bbox 1811 1339 2055 1404; x_wconf 92' lang='lat' dir='ltr'>lutrum</span> <span class='ocrx_word' id='word_1_134' title='bbox 2086 1360 2201 1422; x_wconf 91' lang='lat' dir='ltr'>pro</span> <span class='ocrx_word' id='word_1_135' title='bbox 2222 1337 2304 1403; x_wconf 92' lang='lat' dir='ltr'>iis</span> <span class='ocrx_word' id='word_1_136' title='bbox 2327 1359 2465 1404; x_wconf 88' lang='lat' dir='ltr'>esse</span> <span class='ocrx_word' id='word_1_137' title='bbox 2496 1337 2797 1415; x_wconf 89' lang='lat' dir='ltr'>solutum,</span> <span class='ocrx_word' id='word_1_138' title='bbox 2821 1340 2896 1402; x_wconf 91' lang='lat' dir='ltr'>ut</span> <span class='ocrx_word' id='word_1_139' title='bbox 2919 1336 3013 1402; x_wconf 85' lang='lat' dir='ltr'>ita</span> 
     </span>
     <span class='ocr_line' id='line_1_13' title="bbox 87 1425 2450 1512; baseline -0.002 -20"><span class='ocrx_word' id='word_1_140' title='bbox 87 1431 338 1510; x_wconf 85' lang='lat' dir='ltr'>possent</span> <span class='ocrx_word' id='word_1_141' title='bbox 369 1427 610 1512; x_wconf 90' lang='lat' dir='ltr'>quique</span> <span class='ocrx_word' id='word_1_142' title='bbox 639 1426 708 1491; x_wconf 91' lang='lat' dir='ltr'>in</span> <span class='ocrx_word' id='word_1_143' title='bbox 733 1426 1009 1510; x_wconf 88' lang='lat' dir='ltr'>patriam</span> <span class='ocrx_word' id='word_1_144' title='bbox 1041 1428 1122 1493; x_wconf 87' lang='lat' dir='ltr'>ad</span> <span class='ocrx_word' id='word_1_145' title='bbox 1145 1447 1292 1494; x_wconf 89' lang='lat' dir='ltr'>suos</span> <span class='ocrx_word' id='word_1_146' title='bbox 1314 1427 1544 1506; x_wconf 85' lang='lat' dir='ltr'>redire,</span> <span class='ocrx_word' id='word_1_147' title='bbox 1566 1427 1786 1512; x_wconf 87' lang='lat' dir='ltr'>ibique</span> <span class='ocrx_word' id='word_1_148' title='bbox 1817 1449 1932 1492; x_wconf 92' lang='lat' dir='ltr'>suo</span> <span class='ocrx_word' id='word_1_149' title='bbox 1955 1430 2241 1510; x_wconf 88' lang='lat' dir='ltr'>tempore</span> <span class='ocrx_word' id='word_1_150' title='bbox 2266 1425 2450 1492; x_wconf 90' lang='lat' dir='ltr'>mori.</span> 
     </span>
     <span class='ocr_line' id='line_1_14' title="bbox 166 1513 3006 1601; baseline 0 -22"><span class='ocrx_word' id='word_1_151' title='bbox 166 1515 342 1599; x_wconf 80' lang='lat' dir='ltr'>Ergo</span> <span class='ocrx_word' id='word_1_152' title='bbox 367 1537 592 1580; x_wconf 90' lang='lat' dir='ltr'>verum</span> <span class='ocrx_word' id='word_1_153' title='bbox 615 1518 732 1581; x_wconf 91' lang='lat' dir='ltr'>est.</span> <span class='ocrx_word' id='word_1_154' title='bbox 757 1513 966 1580; x_wconf 90' lang='lat' dir='ltr'>Deum</span> <span class='ocrx_word' id='word_1_155' title='bbox 989 1517 1154 1582; x_wconf 87' lang='lat' dir='ltr'>velle</span> <span class='ocrx_word' id='word_1_156' title='bbox 1179 1539 1398 1582; x_wconf 92' lang='lat' dir='ltr'>omnes</span> <span class='ocrx_word' id='word_1_157' title='bbox 1422 1517 1468 1582; x_wconf 66' lang='lat' dir='ltr'>s</span> <span class='ocrx_word' id='word_1_158' title='bbox 1491 1516 1779 1601; x_wconf 87' lang='lat' dir='ltr'>singulos</span> <span class='ocrx_word' id='word_1_159' title='bbox 1802 1515 1951 1580; x_wconf 90' lang='lat' dir='ltr'>illos</span> <span class='ocrx_word' id='word_1_160' title='bbox 1974 1514 2256 1595; x_wconf 88' lang='lat' dir='ltr'>liberari,</span> <span class='ocrx_word' id='word_1_161' title='bbox 2280 1516 2329 1582; x_wconf 66' lang='lat' dir='ltr'>a</span> <span class='ocrx_word' id='word_1_162' title='bbox 2351 1515 2593 1580; x_wconf 89' lang='lat' dir='ltr'>lutrum</span> <span class='ocrx_word' id='word_1_163' title='bbox 2616 1535 2733 1598; x_wconf 92' lang='lat' dir='ltr'>pro</span> <span class='ocrx_word' id='word_1_164' title='bbox 2755 1513 2836 1578; x_wconf 89' lang='lat' dir='ltr'>iis</span> <span class='ocrx_word' id='word_1_165' title='bbox 2870 1535 3006 1580; x_wconf 89' lang='lat' dir='ltr'>esse</span> 
     </span>
     <span class='ocr_line' id='line_1_15' title="bbox 85 1601 2873 1688; baseline -0 -20"><span class='ocrx_word' id='word_1_166' title='bbox 85 1603 378 1680; x_wconf 87' lang='lat' dir='ltr'>solutum,</span> <span class='ocrx_word' id='word_1_167' title='bbox 407 1607 482 1668; x_wconf 91' lang='lat' dir='ltr'>ut</span> <span class='ocrx_word' id='word_1_168' title='bbox 502 1606 763 1688; x_wconf 86' lang='lat' dir='ltr'>possent</span> <span class='ocrx_word' id='word_1_169' title='bbox 784 1604 1020 1688; x_wconf 90' lang='lat' dir='ltr'>quique</span> <span class='ocrx_word' id='word_1_170' title='bbox 1049 1605 1118 1670; x_wconf 91' lang='lat' dir='ltr'>in</span> <span class='ocrx_word' id='word_1_171' title='bbox 1146 1605 1435 1672; x_wconf 80' lang='lat' dir='ltr'>Patriam</span> <span class='ocrx_word' id='word_1_172' title='bbox 1457 1604 1538 1670; x_wconf 91' lang='lat' dir='ltr'>ad</span> <span class='ocrx_word' id='word_1_173' title='bbox 1559 1626 1708 1670; x_wconf 89' lang='lat' dir='ltr'>suos</span> <span class='ocrx_word' id='word_1_174' title='bbox 1732 1604 1961 1682; x_wconf 89' lang='lat' dir='ltr'>redire,</span> <span class='ocrx_word' id='word_1_175' title='bbox 1986 1603 2202 1688; x_wconf 83' lang='lat' dir='ltr'>ibique</span> <span class='ocrx_word' id='word_1_176' title='bbox 2226 1625 2343 1672; x_wconf 90' lang='lat' dir='ltr'>suo</span> <span class='ocrx_word' id='word_1_177' title='bbox 2368 1606 2655 1686; x_wconf 88' lang='lat' dir='ltr'>tempore</span> <span class='ocrx_word' id='word_1_178' title='bbox 2689 1601 2873 1668; x_wconf 89' lang='lat' dir='ltr'>mori.</span> 
     </span>
     <span class='ocr_line' id='line_1_16' title="bbox 165 1691 3005 1778; baseline 0 -23"><span class='ocrx_word' id='word_1_179' title='bbox 165 1691 462 1757; x_wconf 88' lang='lat' dir='ltr'>Breviter</span> <span class='ocrx_word' id='word_1_180' title='bbox 506 1714 586 1758; x_wconf 88' lang='lat' dir='ltr'>ne</span> <span class='ocrx_word' id='word_1_181' title='bbox 628 1692 869 1758; x_wconf 87' lang='lat' dir='ltr'>talibus</span> <span class='ocrx_word' id='word_1_182' title='bbox 899 1694 1372 1759; x_wconf 78' lang='lat' dir='ltr'>accumulandis</span> <span class='ocrx_word' id='word_1_183' title='bbox 1389 1693 1678 1759; x_wconf 87' lang='lat' dir='ltr'>chartam</span> <span class='ocrx_word' id='word_1_184' title='bbox 1701 1693 1748 1758; x_wconf 63' lang='lat' dir='ltr'>a</span> <span class='ocrx_word' id='word_1_185' title='bbox 1773 1693 2075 1759; x_wconf 88' lang='lat' dir='ltr'>lectorem</span> <span class='ocrx_word' id='word_1_186' title='bbox 2104 1692 2397 1778; x_wconf 77' lang='lat' dir='ltr'>tatigem‚</span> <span class='ocrx_word' id='word_1_187' title='bbox 2420 1691 2592 1757; x_wconf 75' lang='lat' dir='ltr'>male</span> <span class='ocrx_word' id='word_1_188' title='bbox 2615 1713 3005 1775; x_wconf 86' lang='lat' dir='ltr'>consequen-</span> 
     </span>
     <span class='ocr_line' id='line_1_17' title="bbox 86 1779 3005 1866; baseline 0 -23"><span class='ocrx_word' id='word_1_189' title='bbox 86 1779 170 1844; x_wconf 85' lang='lat' dir='ltr'>tia</span> <span class='ocrx_word' id='word_1_190' title='bbox 197 1781 453 1846; x_wconf 84' lang='lat' dir='ltr'>ducitur</span> <span class='ocrx_word' id='word_1_191' title='bbox 497 1781 579 1845; x_wconf 88' lang='lat' dir='ltr'>ab</span> <span class='ocrx_word' id='word_1_192' title='bbox 618 1781 908 1846; x_wconf 71' lang='lat' dir='ltr'>absolute</span> <span class='ocrx_word' id='word_1_193' title='bbox 929 1782 1221 1866; x_wconf 87' lang='lat' dir='ltr'>possibili</span> <span class='ocrx_word' id='word_1_194' title='bbox 1245 1786 1391 1848; x_wconf 88' lang='lat' dir='ltr'>ente</span> <span class='ocrx_word' id='word_1_195' title='bbox 1419 1785 1533 1847; x_wconf 88' lang='lat' dir='ltr'>aut</span> <span class='ocrx_word' id='word_1_196' title='bbox 1561 1803 1731 1863; x_wconf 85' lang='lat' dir='ltr'>ver0,</span> <span class='ocrx_word' id='word_1_197' title='bbox 1757 1783 1840 1847; x_wconf 89' lang='lat' dir='ltr'>ad</span> <span class='ocrx_word' id='word_1_198' title='bbox 1863 1804 1974 1847; x_wconf 91' lang='lat' dir='ltr'>ens</span> <span class='ocrx_word' id='word_1_199' title='bbox 2007 1803 2119 1847; x_wconf 89' lang='lat' dir='ltr'>seu</span> <span class='ocrx_word' id='word_1_200' title='bbox 2151 1781 2399 1846; x_wconf 87' lang='lat' dir='ltr'>actuale</span> <span class='ocrx_word' id='word_1_201' title='bbox 2424 1802 2581 1859; x_wconf 88' lang='lat' dir='ltr'>esse,</span> <span class='ocrx_word' id='word_1_202' title='bbox 2614 1784 2728 1844; x_wconf 89' lang='lat' dir='ltr'>aut</span> <span class='ocrx_word' id='word_1_203' title='bbox 2751 1801 3005 1845; x_wconf 86' lang='lat' dir='ltr'>verum:</span> 
     </span>
     <span class='ocr_line' id='line_1_18' title="bbox 87 1867 3005 1948; baseline 0 -15"><span class='ocrx_word' id='word_1_204' title='bbox 87 1867 130 1932; x_wconf 68' lang='grc' dir='ltr'>ἃ</span> <span class='ocrx_word' id='word_1_205' title='bbox 162 1891 418 1934; x_wconf 86' lang='lat' dir='ltr'>rursum</span> <span class='ocrx_word' id='word_1_206' title='bbox 464 1873 504 1934; x_wconf 73' lang='lat' dir='ltr'>a</span> <span class='ocrx_word' id='word_1_207' title='bbox 547 1869 817 1935; x_wconf 88' lang='lat' dir='ltr'>veritate</span> <span class='ocrx_word' id='word_1_208' title='bbox 869 1871 1274 1936; x_wconf 84' lang='lat' dir='ltr'>connexionis</span> <span class='ocrx_word' id='word_1_209' title='bbox 1318 1871 1756 1948; x_wconf 83' lang='lat' dir='ltr'>terminorum,</span> <span class='ocrx_word' id='word_1_210' title='bbox 1804 1870 1885 1935; x_wconf 94' lang='lat' dir='ltr'>ad</span> <span class='ocrx_word' id='word_1_211' title='bbox 1915 1870 2251 1935; x_wconf 87' lang='lat' dir='ltr'>veritatem</span> <span class='ocrx_word' id='word_1_212' title='bbox 2276 1868 2371 1934; x_wconf 89' lang='lat' dir='ltr'>rei</span> <span class='ocrx_word' id='word_1_213' title='bbox 2396 1891 2510 1934; x_wconf 89' lang='lat' dir='ltr'>seu</span> <span class='ocrx_word' id='word_1_214' title='bbox 2532 1868 2602 1933; x_wconf 92' lang='lat' dir='ltr'>in</span> <span class='ocrx_word' id='word_1_215' title='bbox 2632 1890 2719 1934; x_wconf 91' lang='lat' dir='ltr'>re.</span> <span class='ocrx_word' id='word_1_216' title='bbox 2744 1867 3005 1934; x_wconf 88' lang='lat' dir='ltr'>Veritas</span> 
     </span>
     <span class='ocr_line' id='line_1_19' title="bbox 89 1956 3004 2042; baseline 0.001 -22"><span class='ocrx_word' id='word_1_217' title='bbox 89 1957 246 2022; x_wconf 88' lang='lat' dir='ltr'>enim</span> <span class='ocrx_word' id='word_1_218' title='bbox 275 1958 685 2024; x_wconf 86' lang='lat' dir='ltr'>connexionis</span> <span class='ocrx_word' id='word_1_219' title='bbox 729 1962 944 2042; x_wconf 88' lang='lat' dir='ltr'>potest</span> <span class='ocrx_word' id='word_1_220' title='bbox 989 1981 1126 2025; x_wconf 89' lang='lat' dir='ltr'>esse</span> <span class='ocrx_word' id='word_1_221' title='bbox 1172 1981 1299 2024; x_wconf 93' lang='lat' dir='ltr'>non</span> <span class='ocrx_word' id='word_1_222' title='bbox 1345 1962 1600 2024; x_wconf 87' lang='lat' dir='ltr'>tantum</span> <span class='ocrx_word' id='word_1_223' title='bbox 1637 1959 1750 2024; x_wconf 91' lang='lat' dir='ltr'>ubi</span> <span class='ocrx_word' id='word_1_224' title='bbox 1781 1959 2159 2024; x_wconf 80' lang='lat' dir='ltr'>antecedens</span> <span class='ocrx_word' id='word_1_225' title='bbox 2182 1960 2296 2024; x_wconf 87' lang='lat' dir='ltr'>aut</span> <span class='ocrx_word' id='word_1_226' title='bbox 2317 1976 2707 2040; x_wconf 88' lang='lat' dir='ltr'>consequens</span> <span class='ocrx_word' id='word_1_227' title='bbox 2730 1956 2807 2021; x_wconf 91' lang='lat' dir='ltr'>de</span> <span class='ocrx_word' id='word_1_228' title='bbox 2836 1958 3004 2022; x_wconf 83' lang='lat' dir='ltr'>facto</span> 
     </span>
     <span class='ocr_line' id='line_1_20' title="bbox 89 2044 3004 2133; baseline 0.001 -25"><span class='ocrx_word' id='word_1_229' title='bbox 89 2067 196 2110; x_wconf 88' lang='lat' dir='ltr'>nec</span> <span class='ocrx_word' id='word_1_230' title='bbox 237 2068 464 2112; x_wconf 86' lang='lat' dir='ltr'>verum</span> <span class='ocrx_word' id='word_1_231' title='bbox 502 2069 617 2112; x_wconf 90' lang='lat' dir='ltr'>nec</span> <span class='ocrx_word' id='word_1_232' title='bbox 639 2067 751 2110; x_wconf 89' lang='lat' dir='ltr'>ens</span> <span class='ocrx_word' id='word_1_233' title='bbox 784 2050 902 2128; x_wconf 87' lang='lat' dir='ltr'>est,</span> <span class='ocrx_word' id='word_1_234' title='bbox 927 2048 1036 2114; x_wconf 88' lang='lat' dir='ltr'>sed</span> <span class='ocrx_word' id='word_1_235' title='bbox 1060 2048 1258 2113; x_wconf 89' lang='lat' dir='ltr'>etiam</span> <span class='ocrx_word' id='word_1_236' title='bbox 1280 2047 1392 2113; x_wconf 88' lang='lat' dir='ltr'>ubi</span> <span class='ocrx_word' id='word_1_237' title='bbox 1417 2070 1496 2113; x_wconf 88' lang='lat' dir='ltr'>ex</span> <span class='ocrx_word' id='word_1_238' title='bbox 1517 2047 1860 2133; x_wconf 80' lang='lat' dir='ltr'>hypothesi</span> <span class='ocrx_word' id='word_1_239' title='bbox 1882 2047 2279 2132; x_wconf 89' lang='lat' dir='ltr'>impossibile</span> <span class='ocrx_word' id='word_1_240' title='bbox 2302 2050 2432 2122; x_wconf 84' lang='lat' dir='ltr'>est3</span> <span class='ocrx_word' id='word_1_241' title='bbox 2456 2045 2655 2110; x_wconf 89' lang='lat' dir='ltr'>immo</span> <span class='ocrx_word' id='word_1_242' title='bbox 2679 2044 2791 2109; x_wconf 91' lang='lat' dir='ltr'>ubi</span> <span class='ocrx_word' id='word_1_243' title='bbox 2814 2044 3004 2110; x_wconf 82' lang='lat' dir='ltr'>abso-</span> 
     </span>
     <span class='ocr_line' id='line_1_21' title="bbox 89 2131 3003 2220; baseline 0.001 -24"><span class='ocrx_word' id='word_1_244' title='bbox 89 2131 212 2198; x_wconf 74' lang='lat' dir='ltr'>lute</span> <span class='ocrx_word' id='word_1_245' title='bbox 255 2135 303 2200; x_wconf 69' lang='grc' dir='ltr'>ἃ,</span> <span class='ocrx_word' id='word_1_246' title='bbox 349 2135 729 2220; x_wconf 88' lang='lat' dir='ltr'>simpliciter</span> <span class='ocrx_word' id='word_1_247' title='bbox 753 2135 1148 2220; x_wconf 89' lang='lat' dir='ltr'>impossibile</span> <span class='ocrx_word' id='word_1_248' title='bbox 1173 2141 1289 2202; x_wconf 89' lang='lat' dir='ltr'>est.</span> <span class='ocrx_word' id='word_1_249' title='bbox 1337 2136 1554 2204; x_wconf 82' lang='lat' dir='ltr'>Primi</span> <span class='ocrx_word' id='word_1_250' title='bbox 1573 2137 1938 2220; x_wconf 84' lang='lat' dir='ltr'>exemplum</span> <span class='ocrx_word' id='word_1_251' title='bbox 1966 2140 2082 2214; x_wconf 89' lang='lat' dir='ltr'>est,</span> <span class='ocrx_word' id='word_1_252' title='bbox 2107 2157 2326 2202; x_wconf 89' lang='lat' dir='ltr'>omnes</span> <span class='ocrx_word' id='word_1_253' title='bbox 2350 2138 2618 2212; x_wconf 79' lang='lat' dir='ltr'>possunt</span> <span class='ocrx_word' id='word_1_254' title='bbox 2640 2132 2844 2200; x_wconf 89' lang='lat' dir='ltr'>teneri</span> <span class='ocrx_word' id='word_1_255' title='bbox 2867 2153 3003 2199; x_wconf 86' lang='lat' dir='ltr'>cre-</span> 
     </span>
     <span class='ocr_line' id='line_1_22' title="bbox 89 2221 3001 2309; baseline 0.001 -25"><span class='ocrx_word' id='word_1_256' title='bbox 89 2221 222 2286; x_wconf 88' lang='lat' dir='ltr'>dere</span> <span class='ocrx_word' id='word_1_257' title='bbox 245 2223 464 2308; x_wconf 88' lang='lat' dir='ltr'>plures</span> <span class='ocrx_word' id='word_1_258' title='bbox 489 2243 628 2289; x_wconf 89' lang='lat' dir='ltr'>esse</span> <span class='ocrx_word' id='word_1_259' title='bbox 651 2224 940 2302; x_wconf 89' lang='lat' dir='ltr'>mundos,</span> <span class='ocrx_word' id='word_1_260' title='bbox 967 2224 1280 2309; x_wconf 88' lang='lat' dir='ltr'>siquidem</span> <span class='ocrx_word' id='word_1_261' title='bbox 1303 2224 1478 2290; x_wconf 89' lang='lat' dir='ltr'>Deus</span> <span class='ocrx_word' id='word_1_262' title='bbox 1503 2225 1718 2308; x_wconf 90' lang='lat' dir='ltr'>plures</span> <span class='ocrx_word' id='word_1_263' title='bbox 1749 2225 2006 2292; x_wconf 82' lang='lat' dir='ltr'>fecisset</span> <span class='ocrx_word' id='word_1_264' title='bbox 2030 2227 2077 2292; x_wconf 63' lang='grc' dir='ltr'><strong>ἃ</strong></span> <span class='ocrx_word' id='word_1_265' title='bbox 2107 2224 2229 2289; x_wconf 89' lang='lat' dir='ltr'>hoc</span> <span class='ocrx_word' id='word_1_266' title='bbox 2250 2223 2443 2307; x_wconf 90' lang='lat' dir='ltr'>hujus</span> <span class='ocrx_word' id='word_1_267' title='bbox 2467 2222 2689 2287; x_wconf 90' lang='lat' dir='ltr'>mundi</span> <span class='ocrx_word' id='word_1_268' title='bbox 2710 2221 3001 2289; x_wconf 86' lang='lat' dir='ltr'>homini-</span> 
     </span>
     <span class='ocr_line' id='line_1_23' title="bbox 89 2307 3004 2398; baseline 0.001 -26"><span class='ocrx_word' id='word_1_269' title='bbox 89 2307 196 2375; x_wconf 90' lang='lat' dir='ltr'>bus</span> <span class='ocrx_word' id='word_1_270' title='bbox 218 2313 598 2378; x_wconf 83' lang='lat' dir='ltr'>revelasset:</span> <span class='ocrx_word' id='word_1_271' title='bbox 647 2315 796 2377; x_wconf 89' lang='lat' dir='ltr'>sunt</span> <span class='ocrx_word' id='word_1_272' title='bbox 820 2313 992 2378; x_wconf 88' lang='lat' dir='ltr'>enim</span> <span class='ocrx_word' id='word_1_273' title='bbox 1013 2314 1229 2398; x_wconf 89' lang='lat' dir='ltr'>plures</span> <span class='ocrx_word' id='word_1_274' title='bbox 1252 2314 1474 2378; x_wconf 91' lang='lat' dir='ltr'>mundi</span> <span class='ocrx_word' id='word_1_275' title='bbox 1497 2313 1836 2390; x_wconf 86' lang='lat' dir='ltr'>factibiles,</span> <span class='ocrx_word' id='word_1_276' title='bbox 1865 2315 1912 2381; x_wconf 69' lang='grc' dir='ltr'><strong>ἃ</strong></span> <span class='ocrx_word' id='word_1_277' title='bbox 1933 2312 2053 2378; x_wconf 89' lang='lat' dir='ltr'>hoc</span> <span class='ocrx_word' id='word_1_278' title='bbox 2077 2334 2193 2378; x_wconf 90' lang='lat' dir='ltr'>sua</span> <span class='ocrx_word' id='word_1_279' title='bbox 2213 2316 2446 2377; x_wconf 85' lang='lat' dir='ltr'>natura</span> <span class='ocrx_word' id='word_1_280' title='bbox 2469 2311 2763 2376; x_wconf 89' lang='lat' dir='ltr'>omnibus</span> <span class='ocrx_word' id='word_1_281' title='bbox 2794 2309 3004 2375; x_wconf 88' lang='lat' dir='ltr'>homi-</span> 
     </span>
     <span class='ocr_line' id='line_1_24' title="bbox 87 2399 3001 2487; baseline 0 -24"><span class='ocrx_word' id='word_1_282' title='bbox 87 2399 260 2465; x_wconf 89' lang='lat' dir='ltr'>nibus</span> <span class='ocrx_word' id='word_1_283' title='bbox 283 2404 382 2467; x_wconf 88' lang='lat' dir='ltr'>est</span> <span class='ocrx_word' id='word_1_284' title='bbox 405 2400 771 2467; x_wconf 89' lang='lat' dir='ltr'>revelabile.</span> <span class='ocrx_word' id='word_1_285' title='bbox 820 2399 947 2467; x_wconf 87' lang='lat' dir='ltr'>Sed</span> <span class='ocrx_word' id='word_1_286' title='bbox 967 2403 1114 2468; x_wconf 90' lang='lat' dir='ltr'>inde</span> <span class='ocrx_word' id='word_1_287' title='bbox 1137 2424 1266 2468; x_wconf 92' lang='lat' dir='ltr'>non</span> <span class='ocrx_word' id='word_1_288' title='bbox 1289 2403 1579 2487; x_wconf 90' lang='lat' dir='ltr'>sequitur</span> <span class='ocrx_word' id='word_1_289' title='bbox 1601 2401 1942 2468; x_wconf 79' lang='lat' dir='ltr'>existentia</span> <span class='ocrx_word' id='word_1_290' title='bbox 1968 2401 2016 2467; x_wconf 65' lang='lat' dir='ltr'>a</span> <span class='ocrx_word' id='word_1_291' title='bbox 2037 2401 2271 2468; x_wconf 88' lang='lat' dir='ltr'>veritas</span> <span class='ocrx_word' id='word_1_292' title='bbox 2295 2399 2578 2486; x_wconf 90' lang='lat' dir='ltr'>plurium</span> <span class='ocrx_word' id='word_1_293' title='bbox 2600 2399 3001 2465; x_wconf 89' lang='lat' dir='ltr'>mundorum.</span> 
     </span>
     <span class='ocr_line' id='line_1_25' title="bbox 89 2485 3003 2576; baseline 0.001 -25"><span class='ocrx_word' id='word_1_294' title='bbox 89 2485 201 2553; x_wconf 90' lang='lat' dir='ltr'>Vel</span> <span class='ocrx_word' id='word_1_295' title='bbox 244 2490 353 2556; x_wconf 89' lang='lat' dir='ltr'>sic.</span> <span class='ocrx_word' id='word_1_296' title='bbox 405 2490 644 2556; x_wconf 90' lang='lat' dir='ltr'>Omnes</span> <span class='ocrx_word' id='word_1_297' title='bbox 689 2492 734 2556; x_wconf 67' lang='lat' dir='ltr'>a</span> <span class='ocrx_word' id='word_1_298' title='bbox 771 2490 1012 2576; x_wconf 83' lang='lat' dir='ltr'>singuli</span> <span class='ocrx_word' id='word_1_299' title='bbox 1063 2496 1331 2576; x_wconf 90' lang='lat' dir='ltr'>possunt</span> <span class='ocrx_word' id='word_1_300' title='bbox 1358 2491 1565 2557; x_wconf 85' lang='lat' dir='ltr'>teneri</span> <span class='ocrx_word' id='word_1_301' title='bbox 1595 2492 1869 2571; x_wconf 83' lang='lat' dir='ltr'>credere,</span> <span class='ocrx_word' id='word_1_302' title='bbox 1894 2513 2123 2557; x_wconf 89' lang='lat' dir='ltr'>se·esse</span> <span class='ocrx_word' id='word_1_303' title='bbox 2147 2512 2352 2575; x_wconf 88' lang='lat' dir='ltr'>reges,</span> <span class='ocrx_word' id='word_1_304' title='bbox 2386 2492 2501 2555; x_wconf 88' lang='lat' dir='ltr'>aut</span> <span class='ocrx_word' id='word_1_305' title='bbox 2522 2488 2860 2573; x_wconf 84' lang='lat' dir='ltr'>principes,</span> <span class='ocrx_word' id='word_1_306' title='bbox 2892 2492 3003 2553; x_wconf 90' lang='lat' dir='ltr'>aut</span> 
     </span>
     <span class='ocr_line' id='line_1_26' title="bbox 91 2576 3000 2665; baseline -0 -22"><span class='ocrx_word' id='word_1_307' title='bbox 91 2577 340 2659; x_wconf 84' lang='lat' dir='ltr'>equites,</span> <span class='ocrx_word' id='word_1_308' title='bbox 389 2584 505 2644; x_wconf 91' lang='lat' dir='ltr'>aut</span> <span class='ocrx_word' id='word_1_309' title='bbox 549 2579 796 2658; x_wconf 89' lang='lat' dir='ltr'>divites,</span> <span class='ocrx_word' id='word_1_310' title='bbox 831 2583 943 2645; x_wconf 91' lang='lat' dir='ltr'>aut</span> <span class='ocrx_word' id='word_1_311' title='bbox 963 2580 1178 2645; x_wconf 89' lang='lat' dir='ltr'>doctos</span> <span class='ocrx_word' id='word_1_312' title='bbox 1201 2581 1305 2647; x_wconf 67' lang='grc' dir='ltr'>διο.</span> <span class='ocrx_word' id='word_1_313' title='bbox 1337 2580 1650 2664; x_wconf 87' lang='lat' dir='ltr'>siquidem</span> <span class='ocrx_word' id='word_1_314' title='bbox 1672 2580 1849 2646; x_wconf 91' lang='lat' dir='ltr'>Deus</span> <span class='ocrx_word' id='word_1_315' title='bbox 1880 2580 2037 2665; x_wconf 89' lang='lat' dir='ltr'>ipsis</span> <span class='ocrx_word' id='word_1_316' title='bbox 2058 2579 2179 2645; x_wconf 91' lang='lat' dir='ltr'>hoc</span> <span class='ocrx_word' id='word_1_317' title='bbox 2202 2578 2537 2657; x_wconf 86' lang='lat' dir='ltr'>revelaret,</span> <span class='ocrx_word' id='word_1_318' title='bbox 2570 2580 2617 2645; x_wconf 72' lang='lat' dir='ltr'>a</span> <span class='ocrx_word' id='word_1_319' title='bbox 2639 2576 2805 2643; x_wconf 87' lang='lat' dir='ltr'>tales</span> <span class='ocrx_word' id='word_1_320' title='bbox 2828 2576 3000 2643; x_wconf 84' lang='lat' dir='ltr'>faee-</span> 
     </span>
     <span class='ocr_line' id='line_1_27' title="bbox 87 2664 3001 2753; baseline 0.001 -26"><span class='ocrx_word' id='word_1_321' title='bbox 87 2669 194 2729; x_wconf 89' lang='lat' dir='ltr'>ret.</span> <span class='ocrx_word' id='word_1_322' title='bbox 238 2664 363 2732; x_wconf 87' lang='lat' dir='ltr'>Sed</span> <span class='ocrx_word' id='word_1_323' title='bbox 386 2668 533 2753; x_wconf 87' lang='lat' dir='ltr'>quis</span> <span class='ocrx_word' id='word_1_324' title='bbox 563 2689 830 2733; x_wconf 88' lang='lat' dir='ltr'>aureum</span> <span class='ocrx_word' id='word_1_325' title='bbox 854 2668 1172 2733; x_wconf 88' lang='lat' dir='ltr'>somnium</span> <span class='ocrx_word' id='word_1_326' title='bbox 1194 2670 1340 2734; x_wconf 90' lang='lat' dir='ltr'>inde</span> <span class='ocrx_word' id='word_1_327' title='bbox 1363 2668 1488 2734; x_wconf 84' lang='lat' dir='ltr'>sibi</span> <span class='ocrx_word' id='word_1_328' title='bbox 1519 2667 1808 2749; x_wconf 89' lang='lat' dir='ltr'>dictaret,</span> <span class='ocrx_word' id='word_1_329' title='bbox 1834 2669 1912 2734; x_wconf 90' lang='lat' dir='ltr'>de</span> <span class='ocrx_word' id='word_1_330' title='bbox 1936 2690 2086 2733; x_wconf 88' lang='lat' dir='ltr'>vero</span> <span class='ocrx_word' id='word_1_331' title='bbox 2109 2688 2309 2753; x_wconf 87' lang='lat' dir='ltr'>regno</span> <span class='ocrx_word' id='word_1_332' title='bbox 2330 2688 2468 2746; x_wconf 86' lang='lat' dir='ltr'>suc,</span> <span class='ocrx_word' id='word_1_333' title='bbox 2496 2666 2571 2731; x_wconf 88' lang='lat' dir='ltr'>de</span> <span class='ocrx_word' id='word_1_334' title='bbox 2594 2669 2746 2731; x_wconf 72' lang='lat' dir='ltr'>vera</span> <span class='ocrx_word' id='word_1_335' title='bbox 2767 2665 3001 2731; x_wconf 90' lang='lat' dir='ltr'>nobili-</span> 
     </span>
     <span class='ocr_line' id='line_1_28' title="bbox 89 2754 2998 2842; baseline 0.002 -26"><span class='ocrx_word' id='word_1_336' title='bbox 89 2754 228 2833; x_wconf 87' lang='lat' dir='ltr'>tate,</span> <span class='ocrx_word' id='word_1_337' title='bbox 253 2756 330 2820; x_wconf 90' lang='lat' dir='ltr'>de</span> <span class='ocrx_word' id='word_1_338' title='bbox 360 2756 604 2823; x_wconf 88' lang='lat' dir='ltr'>divitiis</span> <span class='ocrx_word' id='word_1_339' title='bbox 628 2756 779 2823; x_wconf 89' lang='lat' dir='ltr'>suis.</span> <span class='ocrx_word' id='word_1_340' title='bbox 827 2757 1097 2823; x_wconf 80' lang='lat' dir='ltr'>Secundi</span> <span class='ocrx_word' id='word_1_341' title='bbox 1119 2758 1482 2841; x_wconf 84' lang='lat' dir='ltr'>exemplum</span> <span class='ocrx_word' id='word_1_342' title='bbox 1503 2761 1622 2835; x_wconf 91' lang='lat' dir='ltr'>est,</span> <span class='ocrx_word' id='word_1_343' title='bbox 1655 2779 1876 2823; x_wconf 90' lang='lat' dir='ltr'>omnes</span> <span class='ocrx_word' id='word_1_344' title='bbox 1897 2760 2167 2842; x_wconf 87' lang='lat' dir='ltr'>possunt</span> <span class='ocrx_word' id='word_1_345' title='bbox 2192 2756 2397 2821; x_wconf 90' lang='lat' dir='ltr'>teneri</span> <span class='ocrx_word' id='word_1_346' title='bbox 2419 2755 2672 2820; x_wconf 88' lang='lat' dir='ltr'>credere</span> <span class='ocrx_word' id='word_1_347' title='bbox 2696 2755 2998 2840; x_wconf 89' lang='lat' dir='ltr'>reprobos</span> 
     </span>
     <span class='ocr_line' id='line_1_29' title="bbox 89 2840 2997 2931; baseline 0.002 -28"><span class='ocrx_word' id='word_1_348' title='bbox 89 2840 318 2926; x_wconf 86' lang='lat' dir='ltr'>aliquos</span> <span class='ocrx_word' id='word_1_349' title='bbox 341 2844 699 2924; x_wconf 88' lang='lat' dir='ltr'>salvandos,</span> <span class='ocrx_word' id='word_1_350' title='bbox 725 2847 772 2912; x_wconf 63' lang='grc' dir='ltr'><strong>ἃ</strong></span> <span class='ocrx_word' id='word_1_351' title='bbox 797 2845 1029 2911; x_wconf 89' lang='lat' dir='ltr'>electos</span> <span class='ocrx_word' id='word_1_352' title='bbox 1052 2846 1300 2931; x_wconf 86' lang='lat' dir='ltr'>aliquos</span> <span class='ocrx_word' id='word_1_353' title='bbox 1324 2846 1730 2925; x_wconf 84' lang='lat' dir='ltr'>damnandos,</span> <span class='ocrx_word' id='word_1_354' title='bbox 1763 2846 2081 2931; x_wconf 88' lang='lat' dir='ltr'>siquidem</span> <span class='ocrx_word' id='word_1_355' title='bbox 2114 2844 2216 2910; x_wconf 93' lang='lat' dir='ltr'>illi</span> <span class='ocrx_word' id='word_1_356' title='bbox 2246 2844 2690 2929; x_wconf 86' lang='lat' dir='ltr'>resipiscerent</span> <span class='ocrx_word' id='word_1_357' title='bbox 2711 2843 2760 2909; x_wconf 66' lang='grc' dir='ltr'><strong>ἃ</strong></span> <span class='ocrx_word' id='word_1_358' title='bbox 2782 2845 2997 2909; x_wconf 88' lang='lat' dir='ltr'>crede-</span> 
     </span>
     <span class='ocr_line' id='line_1_30' title="bbox 89 2931 2997 3020; baseline 0.003 -29"><span class='ocrx_word' id='word_1_359' title='bbox 89 2934 236 3010; x_wconf 85' lang='lat' dir='ltr'>rent,</span> <span class='ocrx_word' id='word_1_360' title='bbox 280 2932 325 2998; x_wconf 66' lang='grc' dir='ltr'><strong><em>ἃ</em></strong></span> <span class='ocrx_word' id='word_1_361' title='bbox 370 2933 483 2999; x_wconf 89' lang='lat' dir='ltr'>isti</span> <span class='ocrx_word' id='word_1_362' title='bbox 528 2934 596 2997; x_wconf 90' lang='lat' dir='ltr'>in</span> <span class='ocrx_word' id='word_1_363' title='bbox 626 2934 806 2999; x_wconf 84' lang='lat' dir='ltr'>finali</span> <span class='ocrx_word' id='word_1_364' title='bbox 827 2934 1315 3018; x_wconf 86' lang='lat' dir='ltr'>impoenitentia</span> <span class='ocrx_word' id='word_1_365' title='bbox 1339 2936 1384 3001; x_wconf 68' lang='lat'>8⁶</span> <span class='ocrx_word' id='word_1_366' title='bbox 1407 2934 1784 3000; x_wconf 88' lang='lat' dir='ltr'>infidelitate</span> <span class='ocrx_word' id='word_1_367' title='bbox 1807 2937 2189 3020; x_wconf 86' lang='lat' dir='ltr'>perstarent,</span> <span class='ocrx_word' id='word_1_368' title='bbox 2216 2934 2265 3000; x_wconf 66' lang='lat' dir='ltr'>a</span> <span class='ocrx_word' id='word_1_369' title='bbox 2290 2932 2465 2998; x_wconf 89' lang='lat' dir='ltr'>Deus</span> <span class='ocrx_word' id='word_1_370' title='bbox 2486 2932 2608 2997; x_wconf 89' lang='lat' dir='ltr'>hoc</span> <span class='ocrx_word' id='word_1_371' title='bbox 2628 2931 2923 2997; x_wconf 89' lang='lat' dir='ltr'>omnibus</span> <span class='ocrx_word' id='word_1_372' title='bbox 2949 2932 2997 2999; x_wconf 72' lang='grc' dir='ltr'>δι</span> 
     </span>
     <span class='ocr_line' id='line_1_31' title="bbox 89 3017 2999 3109; baseline 0.002 -28"><span class='ocrx_word' id='word_1_373' title='bbox 89 3017 339 3104; x_wconf 87' lang='lat' dir='ltr'>singulis</span> <span class='ocrx_word' id='word_1_374' title='bbox 361 3022 732 3087; x_wconf 89' lang='lat' dir='ltr'>hominibus</span> <span class='ocrx_word' id='word_1_375' title='bbox 764 3023 1094 3088; x_wconf 84' lang='lat' dir='ltr'>revelaret.</span> <span class='ocrx_word' id='word_1_376' title='bbox 1142 3021 1312 3087; x_wconf 86' lang='lat' dir='ltr'>Hinc</span> <span class='ocrx_word' id='word_1_377' title='bbox 1333 3026 1548 3088; x_wconf 88' lang='lat' dir='ltr'>tamen</span> <span class='ocrx_word' id='word_1_378' title='bbox 1587 3045 1714 3088; x_wconf 91' lang='lat' dir='ltr'>non</span> <span class='ocrx_word' id='word_1_379' title='bbox 1744 3022 2037 3108; x_wconf 88' lang='lat' dir='ltr'>sequitur</span> <span class='ocrx_word' id='word_1_380' title='bbox 2060 3022 2242 3109; x_wconf 88' lang='lat' dir='ltr'>[pag.</span> <span class='ocrx_word' id='word_1_381' title='bbox 2273 3021 2435 3107; x_wconf 89' lang='grc'><strong>260]</strong></span> <span class='ocrx_word' id='word_1_382' title='bbox 2468 3043 2689 3087; x_wconf 88' lang='lat' dir='ltr'>verum</span> <span class='ocrx_word' id='word_1_383' title='bbox 2715 3043 2873 3100; x_wconf 88' lang='lat' dir='ltr'>esse,</span> <span class='ocrx_word' id='word_1_384' title='bbox 2897 3043 2999 3087; x_wconf 88' lang='lat' dir='ltr'>re-</span> 
     </span>
     <span class='ocr_line' id='line_1_32' title="bbox 88 3108 2997 3196; baseline 0.001 -25"><span class='ocrx_word' id='word_1_385' title='bbox 88 3108 300 3189; x_wconf 86' lang='lat' dir='ltr'>probos</span> <span class='ocrx_word' id='word_1_386' title='bbox 323 3111 662 3177; x_wconf 88' lang='lat' dir='ltr'>salvandos</span> <span class='ocrx_word' id='word_1_387' title='bbox 686 3110 734 3177; x_wconf 72' lang='grc' dir='ltr'>δι</span> <span class='ocrx_word' id='word_1_388' title='bbox 757 3112 991 3177; x_wconf 87' lang='lat' dir='ltr'>electos</span> <span class='ocrx_word' id='word_1_389' title='bbox 1023 3112 1430 3177; x_wconf 89' lang='lat' dir='ltr'>damnandos.</span> <span class='ocrx_word' id='word_1_390' title='bbox 1490 3113 1680 3178; x_wconf 73' lang='lat' dir='ltr'>Tertii</span> <span class='ocrx_word' id='word_1_391' title='bbox 1702 3112 2062 3196; x_wconf 76' lang='lat' dir='ltr'>exemplum</span> <span class='ocrx_word' id='word_1_392' title='bbox 2109 3115 2226 3189; x_wconf 89' lang='lat' dir='ltr'>est,</span> <span class='ocrx_word' id='word_1_393' title='bbox 2259 3132 2477 3176; x_wconf 91' lang='lat' dir='ltr'>omnes</span> <span class='ocrx_word' id='word_1_394' title='bbox 2502 3113 2769 3195; x_wconf 89' lang='lat' dir='ltr'>possunt</span> <span class='ocrx_word' id='word_1_395' title='bbox 2790 3110 2997 3175; x_wconf 89' lang='lat' dir='ltr'>teneri</span> 
     </span>
     <span class='ocr_line' id='line_1_33' title="bbox 89 3197 2995 3283; baseline 0 -20"><span class='ocrx_word' id='word_1_396' title='bbox 89 3197 339 3278; x_wconf 61' lang='lat' dir='ltr'>credere,</span> <span class='ocrx_word' id='word_1_397' title='bbox 365 3198 715 3279; x_wconf 87' lang='lat' dir='ltr'>Christum,</span> <span class='ocrx_word' id='word_1_398' title='bbox 740 3199 860 3265; x_wconf 89' lang='lat' dir='ltr'>hoc</span> <span class='ocrx_word' id='word_1_399' title='bbox 882 3204 999 3279; x_wconf 90' lang='lat' dir='ltr'>est,</span> <span class='ocrx_word' id='word_1_400' title='bbox 1023 3200 1250 3276; x_wconf 86' lang='lat' dir='ltr'>filium,</span> <span class='ocrx_word' id='word_1_401' title='bbox 1275 3199 1467 3267; x_wconf 80' lang='lat' dir='ltr'>Dei&amp;</span> <span class='ocrx_word' id='word_1_402' title='bbox 1513 3200 1810 3275; x_wconf 76' lang='grc' dir='ltr'><em>ὁμοοὺσιον</em></span> <span class='ocrx_word' id='word_1_403' title='bbox 1852 3222 1997 3267; x_wconf 90' lang='lat' dir='ltr'>cum</span> <span class='ocrx_word' id='word_1_404' title='bbox 2020 3200 2159 3283; x_wconf 88' lang='lat' dir='ltr'>ipso</span> <span class='ocrx_word' id='word_1_405' title='bbox 2181 3198 2413 3276; x_wconf 89' lang='lat' dir='ltr'>Deum,</span> <span class='ocrx_word' id='word_1_406' title='bbox 2440 3220 2578 3264; x_wconf 89' lang='lat' dir='ltr'>esse</span> <span class='ocrx_word' id='word_1_407' title='bbox 2607 3199 2995 3277; x_wconf 87' lang='lat' dir='ltr'>mendacem,</span> 
     </span>
     <span class='ocr_line' id='line_1_34' title="bbox 89 3280 2994 3373; baseline 0.002 -29"><span class='ocrx_word' id='word_1_408' title='bbox 89 3280 382 3366; x_wconf 86' lang='lat' dir='ltr'>siquidem</span> <span class='ocrx_word' id='word_1_409' title='bbox 406 3292 674 3372; x_wconf 88' lang='lat' dir='ltr'>negaret</span> <span class='ocrx_word' id='word_1_410' title='bbox 697 3309 764 3353; x_wconf 89' lang='lat' dir='ltr'>se</span> <span class='ocrx_word' id='word_1_411' title='bbox 795 3286 1054 3353; x_wconf 88' lang='lat' dir='ltr'>Patrem</span> <span class='ocrx_word' id='word_1_412' title='bbox 1079 3310 1266 3354; x_wconf 91' lang='lat' dir='ltr'>suum</span> <span class='ocrx_word' id='word_1_413' title='bbox 1287 3310 1494 3368; x_wconf 88' lang='lat' dir='ltr'>nosse,</span> <span class='ocrx_word' id='word_1_414' title='bbox 1521 3289 1818 3373; x_wconf 70' lang='lat' dir='ltr'>(Ichana.</span> <span class='ocrx_word' id='word_1_415' title='bbox 1866 3290 1928 3353; x_wconf 88' lang='lat'>8.</span> <span class='ocrx_word' id='word_1_416' title='bbox 1964 3288 2099 3373; x_wconf 85' lang='lat'>55.)</span> <span class='ocrx_word' id='word_1_417' title='bbox 2124 3290 2171 3355; x_wconf 63' lang='grc' dir='ltr'><strong>ἃ</strong></span> <span class='ocrx_word' id='word_1_418' title='bbox 2197 3288 2371 3353; x_wconf 89' lang='lat' dir='ltr'>Deus</span> <span class='ocrx_word' id='word_1_419' title='bbox 2397 3286 2564 3351; x_wconf 89' lang='lat' dir='ltr'>hanc</span> <span class='ocrx_word' id='word_1_420' title='bbox 2586 3286 2994 3372; x_wconf 86' lang='lat' dir='ltr'>negationem</span> 
     </span>
     <span class='ocr_line' id='line_1_35' title="bbox 90 3373 2992 3462; baseline 0.002 -30"><span class='ocrx_word' id='word_1_421' title='bbox 90 3373 360 3441; x_wconf 88' lang='lat' dir='ltr'>omnibus</span> <span class='ocrx_word' id='word_1_422' title='bbox 407 3376 740 3441; x_wconf 86' lang='lat' dir='ltr'>revelaret.</span> <span class='ocrx_word' id='word_1_423' title='bbox 785 3375 887 3441; x_wconf 84' lang='lat' dir='ltr'>Ex</span> <span class='ocrx_word' id='word_1_424' title='bbox 938 3375 1060 3442; x_wconf 88' lang='lat' dir='ltr'>hac</span> <span class='ocrx_word' id='word_1_425' title='bbox 1095 3381 1314 3443; x_wconf 88' lang='lat' dir='ltr'>tamen</span> <span class='ocrx_word' id='word_1_426' title='bbox 1359 3377 1745 3442; x_wconf 83' lang='lat' dir='ltr'>connexione</span> <span class='ocrx_word' id='word_1_427' title='bbox 1767 3378 2033 3443; x_wconf 77' lang='lat' dir='ltr'>minime</span> <span class='ocrx_word' id='word_1_428' title='bbox 2056 3376 2347 3462; x_wconf 82' lang='lat' dir='ltr'>sequitur</span> <span class='ocrx_word' id='word_1_429' title='bbox 2371 3374 2699 3441; x_wconf 86' lang='lat' dir='ltr'>Christum</span> <span class='ocrx_word' id='word_1_430' title='bbox 2722 3376 2799 3439; x_wconf 89' lang='lat' dir='ltr'>de</span> <span class='ocrx_word' id='word_1_431' title='bbox 2822 3374 2992 3439; x_wconf 87' lang='lat' dir='ltr'>facto</span> 
     </span>
     <span class='ocr_line' id='line_1_36' title="bbox 89 3463 2993 3545; baseline 0.001 -21"><span class='ocrx_word' id='word_1_432' title='bbox 89 3478 210 3525; x_wconf 83' lang='lat' dir='ltr'>esse</span> <span class='ocrx_word' id='word_1_433' title='bbox 255 3464 642 3544; x_wconf 86' lang='lat' dir='ltr'>mendacem,</span> <span class='ocrx_word' id='word_1_434' title='bbox 695 3464 743 3529; x_wconf 71' lang='lat' dir='ltr'>8z</span> <span class='ocrx_word' id='word_1_435' title='bbox 792 3463 914 3530; x_wconf 91' lang='lat' dir='ltr'>hoc</span> <span class='ocrx_word' id='word_1_436' title='bbox 943 3487 1164 3531; x_wconf 90' lang='lat' dir='ltr'>verum</span> <span class='ocrx_word' id='word_1_437' title='bbox 1187 3488 1343 3531; x_wconf 90' lang='lat' dir='ltr'>esse.</span> <span class='ocrx_word' id='word_1_438' title='bbox 1391 3465 1602 3545; x_wconf 86' lang='lat' dir='ltr'>Absit,</span> <span class='ocrx_word' id='word_1_439' title='bbox 1629 3465 1818 3532; x_wconf 86' lang='lat' dir='ltr'>absit.</span> <span class='ocrx_word' id='word_1_440' title='bbox 1843 3465 2169 3543; x_wconf 81' lang='lat' dir='ltr'>&#39;Quamvis</span> <span class='ocrx_word' id='word_1_441' title='bbox 2201 3464 2373 3530; x_wconf 87' lang='lat' dir='ltr'>enim</span> <span class='ocrx_word' id='word_1_442' title='bbox 2405 3486 2556 3531; x_wconf 88' lang='lat' dir='ltr'>vera</span> <span class='ocrx_word' id='word_1_443' title='bbox 2579 3463 2665 3529; x_wconf 90' lang='lat' dir='ltr'>sit</span> <span class='ocrx_word' id='word_1_444' title='bbox 2686 3463 2993 3529; x_wconf 85' lang='lat' dir='ltr'>connexio</span> 
     </span>
     <span class='ocr_line' id='line_1_37' title="bbox 91 3550 2989 3640; baseline 0.001 -29"><span class='ocrx_word' id='word_1_445' title='bbox 91 3550 527 3631; x_wconf 83' lang='lat' dir='ltr'>conditionalis,</span> <span class='ocrx_word' id='word_1_446' title='bbox 552 3553 722 3617; x_wconf 82' lang='lat' dir='ltr'>inter</span> <span class='ocrx_word' id='word_1_447' title='bbox 744 3555 1120 3619; x_wconf 84' lang='lat' dir='ltr'>antecedens</span> <span class='ocrx_word' id='word_1_448' title='bbox 1143 3556 1190 3621; x_wconf 63' lang='grc' dir='ltr'><strong>ἃ</strong></span> <span class='ocrx_word' id='word_1_449' title='bbox 1213 3576 1636 3638; x_wconf 89' lang='lat' dir='ltr'>consequens;</span> <span class='ocrx_word' id='word_1_450' title='bbox 1684 3557 1733 3622; x_wconf 59' lang='lat'>85</span> <span class='ocrx_word' id='word_1_451' title='bbox 1769 3558 2227 3640; x_wconf 85' lang='lat' dir='ltr'>consequenter</span> <span class='ocrx_word' id='word_1_452' title='bbox 2248 3553 2371 3618; x_wconf 88' lang='lat' dir='ltr'>hoc</span> <span class='ocrx_word' id='word_1_453' title='bbox 2400 3550 2631 3618; x_wconf 78' lang='lat' dir='ltr'>natura</span> <span class='ocrx_word' id='word_1_454' title='bbox 2652 3554 2769 3617; x_wconf 72' lang='lat' dir='ltr'>sua</span> <span class='ocrx_word' id='word_1_455' title='bbox 2792 3554 2832 3615; x_wconf 72' lang='lat' dir='ltr'>a</span> <span class='ocrx_word' id='word_1_456' title='bbox 2853 3550 2989 3616; x_wconf 92' lang='lat' dir='ltr'>Deo</span> 
     </span>
     <span class='ocr_line' id='line_1_38' title="bbox 89 3638 2991 3719; baseline 0.003 -21"><span class='ocrx_word' id='word_1_457' title='bbox 89 3638 406 3705; x_wconf 85' lang='lat' dir='ltr'>revelabile</span> <span class='ocrx_word' id='word_1_458' title='bbox 455 3641 560 3717; x_wconf 88' lang='lat' dir='ltr'>sit,</span> <span class='ocrx_word' id='word_1_459' title='bbox 609 3641 806 3706; x_wconf 90' lang='lat' dir='ltr'>immo</span> <span class='ocrx_word' id='word_1_460' title='bbox 837 3644 883 3709; x_wconf 69' lang='grc' dir='ltr'>δε</span> <span class='ocrx_word' id='word_1_461' title='bbox 928 3646 1076 3707; x_wconf 85' lang='lat' dir='ltr'>actu</span> <span class='ocrx_word' id='word_1_462' title='bbox 1121 3643 1474 3708; x_wconf 88' lang='lat' dir='ltr'>revelatum</span> <span class='ocrx_word' id='word_1_463' title='bbox 1526 3642 1782 3709; x_wconf 87' lang='lat' dir='ltr'>Christo</span> <span class='ocrx_word' id='word_1_464' title='bbox 1827 3643 2173 3709; x_wconf 88' lang='lat' dir='ltr'>secundum</span> <span class='ocrx_word' id='word_1_465' title='bbox 2226 3646 2525 3707; x_wconf 86' lang='lat' dir='ltr'>naturam</span> <span class='ocrx_word' id='word_1_466' title='bbox 2546 3640 2917 3719; x_wconf 88' lang='lat' dir='ltr'>humanam,</span> <span class='ocrx_word' id='word_1_467' title='bbox 2944 3641 2991 3706; x_wconf 63' lang='grc' dir='ltr'><strong>ἃ</strong></span> 
     </span>
     <span class='ocr_line' id='line_1_39' title="bbox 91 3728 2989 3812; baseline 0.001 -21"><span class='ocrx_word' id='word_1_468' title='bbox 91 3728 218 3790; x_wconf 76' lang='lat' dir='ltr'>actu</span> <span class='ocrx_word' id='word_1_469' title='bbox 267 3729 345 3793; x_wconf 85' lang='lat' dir='ltr'>ab</span> <span class='ocrx_word' id='word_1_470' title='bbox 392 3729 613 3794; x_wconf 89' lang='lat' dir='ltr'>eodem</span> <span class='ocrx_word' id='word_1_471' title='bbox 637 3730 1072 3795; x_wconf 86' lang='lat' dir='ltr'>enuntiatum:</span> <span class='ocrx_word' id='word_1_472' title='bbox 1105 3730 1285 3796; x_wconf 82' lang='lat' dir='ltr'>nulla</span> <span class='ocrx_word' id='word_1_473' title='bbox 1305 3735 1524 3797; x_wconf 89' lang='lat' dir='ltr'>tamen</span> <span class='ocrx_word' id='word_1_474' title='bbox 1544 3730 1648 3796; x_wconf 85' lang='lat' dir='ltr'>hic</span> <span class='ocrx_word' id='word_1_475' title='bbox 1673 3736 1771 3797; x_wconf 88' lang='lat' dir='ltr'>est</span> <span class='ocrx_word' id='word_1_476' title='bbox 1793 3732 2030 3797; x_wconf 88' lang='lat' dir='ltr'>veritas</span> <span class='ocrx_word' id='word_1_477' title='bbox 2061 3753 2178 3796; x_wconf 91' lang='lat' dir='ltr'>nec</span> <span class='ocrx_word' id='word_1_478' title='bbox 2194 3730 2465 3796; x_wconf 87' lang='lat' dir='ltr'>actualis</span> <span class='ocrx_word' id='word_1_479' title='bbox 2486 3751 2603 3795; x_wconf 90' lang='lat' dir='ltr'>nec</span> <span class='ocrx_word' id='word_1_480' title='bbox 2624 3728 2819 3793; x_wconf 92' lang='lat' dir='ltr'>etiam</span> <span class='ocrx_word' id='word_1_481' title='bbox 2843 3749 2989 3812; x_wconf 88' lang='lat' dir='ltr'>pos-</span> 
     </span>
     <span class='ocr_line' id='line_1_40' title="bbox 89 3810 3041 3911; baseline 0.003 -38"><span class='ocrx_word' id='word_1_482' title='bbox 89 3810 270 3911; x_wconf 74' lang='lat' dir='ltr'>sibilis</span> <span class='ocrx_word' id='word_1_483' title='bbox 292 3817 720 3883; x_wconf 84' lang='lat' dir='ltr'>antecedentis</span> <span class='ocrx_word' id='word_1_484' title='bbox 743 3822 856 3884; x_wconf 88' lang='lat' dir='ltr'>aut</span> <span class='ocrx_word' id='word_1_485' title='bbox 878 3820 1342 3904; x_wconf 80' lang='lat' dir='ltr'>consequentis,</span> <span class='ocrx_word' id='word_1_486' title='bbox 1389 3820 1511 3886; x_wconf 86' lang='lat' dir='ltr'>Est</span> <span class='ocrx_word' id='word_1_487' title='bbox 1539 3820 1911 3887; x_wconf 89' lang='lat' dir='ltr'>inconcussa</span> <span class='ocrx_word' id='word_1_488' title='bbox 1933 3821 2092 3886; x_wconf 89' lang='lat' dir='ltr'>haec</span> <span class='ocrx_word' id='word_1_489' title='bbox 2128 3820 2353 3904; x_wconf 85' lang='lat' dir='ltr'>regula</span> <span class='ocrx_word' id='word_1_490' title='bbox 2375 3818 2747 3904; x_wconf 86' lang='lat' dir='ltr'>logicorum,</span> <span class='ocrx_word' id='word_1_491' title='bbox 2771 3816 2988 3883; x_wconf 79' lang='lat' dir='ltr'>condi·</span> <span class='ocrx_word' id='word_1_492' title='bbox 3033 3896 3041 3903; x_wconf 36' lang='lat'>,</span> 
     </span>
     <span class='ocr_line' id='line_1_41' title="bbox 93 3905 2987 3998; baseline 0.001 -30"><span class='ocrx_word' id='word_1_493' title='bbox 93 3905 310 3998; x_wconf 55' lang='lat' dir='ltr'>{tanaus</span> <span class='ocrx_word' id='word_1_494' title='bbox 337 3907 506 3972; x_wconf 72' lang='lat' dir='ltr'><strong><em>nihil</em></strong></span> <span class='ocrx_word' id='word_1_495' title='bbox 521 3908 701 3991; x_wconf 76' lang='lat' dir='ltr'>ponit</span> <span class='ocrx_word' id='word_1_496' title='bbox 732 3909 802 3973; x_wconf 80' lang='lat' dir='ltr'>in</span> <span class='ocrx_word' id='word_1_497' title='bbox 821 3928 968 3975; x_wconf 68' lang='lat' dir='ltr'>csse.</span> <span class='ocrx_word' id='word_1_498' title='bbox 1017 3907 1138 3974; x_wconf 89' lang='lat' dir='ltr'>His</span> <span class='ocrx_word' id='word_1_499' title='bbox 1162 3908 1256 3973; x_wconf 85' lang='lat' dir='ltr'>ita</span> <span class='ocrx_word' id='word_1_500' title='bbox 1279 3908 1485 3987; x_wconf 88' lang='lat' dir='ltr'>dictis,</span> <span class='ocrx_word' id='word_1_501' title='bbox 1525 3908 1655 3973; x_wconf 86' lang='lat' dir='ltr'>alia</span> <span class='ocrx_word' id='word_1_502' title='bbox 1675 3909 1938 3994; x_wconf 88' lang='lat' dir='ltr'>insuper</span> <span class='ocrx_word' id='word_1_503' title='bbox 1960 3908 2255 3993; x_wconf 88' lang='lat' dir='ltr'>specialis</span> <span class='ocrx_word' id='word_1_504' title='bbox 2276 3906 2587 3972; x_wconf 89' lang='lat' dir='ltr'>instantia</span> <span class='ocrx_word' id='word_1_505' title='bbox 2608 3907 2829 3970; x_wconf 89' lang='lat' dir='ltr'>contra</span> <span class='ocrx_word' id='word_1_506' title='bbox 2852 3928 2987 3971; x_wconf 86' lang='lat' dir='ltr'>ma·</span> 
     </span>
     <span class='ocr_line' id='line_1_42' title="bbox 87 3988 2985 4082; baseline 0.001 -26"><span class='ocrx_word' id='word_1_507' title='bbox 87 3988 220 4067; x_wconf 86' lang='lat' dir='ltr'>Joris</span> <span class='ocrx_word' id='word_1_508' title='bbox 241 3995 662 4061; x_wconf 87' lang='lat' dir='ltr'>universalem</span> <span class='ocrx_word' id='word_1_509' title='bbox 682 3996 1020 4062; x_wconf 87' lang='lat' dir='ltr'>veritatem</span> <span class='ocrx_word' id='word_1_510' title='bbox 1043 3996 1280 4062; x_wconf 87' lang='lat' dir='ltr'>adferri</span> <span class='ocrx_word' id='word_1_511' title='bbox 1303 4001 1536 4082; x_wconf 87' lang='lat' dir='ltr'>posset,</span> <span class='ocrx_word' id='word_1_512' title='bbox 1562 3997 1744 4073; x_wconf 83' lang='lat' dir='ltr'>Quod</span> <span class='ocrx_word' id='word_1_513' title='bbox 1763 3998 1903 4063; x_wconf 90' lang='lat' dir='ltr'>scil.</span> <span class='ocrx_word' id='word_1_514' title='bbox 1922 3996 2217 4063; x_wconf 91' lang='lat' dir='ltr'>omnibus</span> <span class='ocrx_word' id='word_1_515' title='bbox 2242 3998 2291 4062; x_wconf 67' lang='grc' dir='ltr'>ἃ</span> <span class='ocrx_word' id='word_1_516' title='bbox 2311 3994 2585 4081; x_wconf 87' lang='lat' dir='ltr'>singulis</span> <span class='ocrx_word' id='word_1_517' title='bbox 2619 3993 2985 4059; x_wconf 87' lang='lat' dir='ltr'>hominibus</span> 
     </span>
     <span class='ocr_line' id='line_1_43' title="bbox 93 4072 2983 4171; baseline 0 -24"><span class='ocrx_word' id='word_1_518' title='bbox 93 4072 492 4168; x_wconf 76' lang='lat' dir='ltr'>Euangelium</span> <span class='ocrx_word' id='word_1_519' title='bbox 521 4106 638 4149; x_wconf 90' lang='lat' dir='ltr'>sua</span> <span class='ocrx_word' id='word_1_520' title='bbox 659 4089 890 4151; x_wconf 87' lang='lat' dir='ltr'>natura</span> <span class='ocrx_word' id='word_1_521' title='bbox 910 4108 1040 4151; x_wconf 91' lang='lat' dir='ltr'>non</span> <span class='ocrx_word' id='word_1_522' title='bbox 1063 4086 1149 4151; x_wconf 85' lang='lat' dir='ltr'>sit</span> <span class='ocrx_word' id='word_1_523' title='bbox 1169 4085 1615 4171; x_wconf 84' lang='lat' dir='ltr'>praedicabile,</span> <span class='ocrx_word' id='word_1_524' title='bbox 1650 4089 1723 4150; x_wconf 91' lang='lat' dir='ltr'>ut</span> <span class='ocrx_word' id='word_1_525' title='bbox 1769 4108 1846 4151; x_wconf 84' lang='lat' dir='ltr'>ex</span> <span class='ocrx_word' id='word_1_526' title='bbox 1871 4108 1945 4151; x_wconf 91' lang='lat' dir='ltr'>eo</span> <span class='ocrx_word' id='word_1_527' title='bbox 1984 4085 2230 4169; x_wconf 88' lang='lat' dir='ltr'>possint</span> <span class='ocrx_word' id='word_1_528' title='bbox 2264 4084 2474 4150; x_wconf 87' lang='lat' dir='ltr'>teneri</span> <span class='ocrx_word' id='word_1_529' title='bbox 2496 4083 2769 4163; x_wconf 89' lang='lat' dir='ltr'>credere,</span> <span class='ocrx_word' id='word_1_530' title='bbox 2798 4081 2983 4147; x_wconf 81' lang='lat' dir='ltr'>Chri-</span> 
     </span>
     <span class='ocr_line' id='line_1_44' title="bbox 95 4166 2987 4258; baseline 0.001 -24"><span class='ocrx_word' id='word_1_531' title='bbox 95 4166 238 4233; x_wconf 67' lang='lat' dir='ltr'>ssbum</span> <span class='ocrx_word' id='word_1_532' title='bbox 277 4193 390 4255; x_wconf 91' lang='lat' dir='ltr'>pro</span> <span class='ocrx_word' id='word_1_533' title='bbox 428 4194 496 4238; x_wconf 90' lang='lat' dir='ltr'>se</span> <span class='ocrx_word' id='word_1_534' title='bbox 521 4194 657 4237; x_wconf 90' lang='lat' dir='ltr'>esse</span> <span class='ocrx_word' id='word_1_535' title='bbox 679 4178 1040 4239; x_wconf 89' lang='lat' dir='ltr'>mortuum:</span> <span class='ocrx_word' id='word_1_536' title='bbox 1079 4174 1232 4257; x_wconf 87' lang='lat' dir='ltr'>quia</span> <span class='ocrx_word' id='word_1_537' title='bbox 1264 4196 1392 4238; x_wconf 91' lang='lat' dir='ltr'>non</span> <span class='ocrx_word' id='word_1_538' title='bbox 1415 4178 1513 4240; x_wconf 87' lang='lat' dir='ltr'>est</span> <span class='ocrx_word' id='word_1_539' title='bbox 1536 4174 1921 4258; x_wconf 86' lang='lat' dir='ltr'>predicabile</span> <span class='ocrx_word' id='word_1_540' title='bbox 1943 4172 2299 4239; x_wconf 85' lang='lat' dir='ltr'>infantibus</span> <span class='ocrx_word' id='word_1_541' title='bbox 2322 4173 2393 4237; x_wconf 92' lang='lat' dir='ltr'>in</span> <span class='ocrx_word' id='word_1_542' title='bbox 2417 4176 2598 4237; x_wconf 88' lang='lat' dir='ltr'>utero</span> <span class='ocrx_word' id='word_1_543' title='bbox 2622 4170 2848 4237; x_wconf 88' lang='lat' dir='ltr'>matris</span> <span class='ocrx_word' id='word_1_544' title='bbox 2872 4176 2987 4237; x_wconf 87' lang='lat' dir='ltr'>aut</span> 
     </span>
     <span class='ocr_line' id='line_1_45' title="bbox 93 4254 2981 4345; baseline 0.001 -24"><span class='ocrx_word' id='word_1_545' title='bbox 93 4254 282 4323; x_wconf 70' lang='lat' dir='ltr'>statim</span> <span class='ocrx_word' id='word_1_546' title='bbox 313 4264 353 4325; x_wconf 74' lang='lat' dir='ltr'>a</span> <span class='ocrx_word' id='word_1_547' title='bbox 381 4260 718 4326; x_wconf 87' lang='lat' dir='ltr'>nativitate</span> <span class='ocrx_word' id='word_1_548' title='bbox 743 4262 1090 4328; x_wconf 80' lang='lat' dir='ltr'>exstinctis,</span> <span class='ocrx_word' id='word_1_549' title='bbox 1139 4262 1264 4328; x_wconf 82' lang='lat' dir='ltr'>Sed</span> <span class='ocrx_word' id='word_1_550' title='bbox 1301 4261 1692 4342; x_wconf 83' lang='lat' dir='ltr'>sufficienter</span> <span class='ocrx_word' id='word_1_551' title='bbox 1735 4264 2081 4328; x_wconf 87' lang='lat' dir='ltr'>absurdum</span> <span class='ocrx_word' id='word_1_552' title='bbox 2127 4261 2249 4327; x_wconf 89' lang='lat' dir='ltr'>hoc</span> <span class='ocrx_word' id='word_1_553' title='bbox 2274 4262 2656 4345; x_wconf 87' lang='lat' dir='ltr'>phantasma</span> <span class='ocrx_word' id='word_1_554' title='bbox 2683 4261 2981 4326; x_wconf 86' lang='lat' dir='ltr'>abactum</span> 
     </span>
     <span class='ocr_line' id='line_1_46' title="bbox 97 4345 2983 4436; baseline 0.001 -23"><span class='ocrx_word' id='word_1_555' title='bbox 97 4345 194 4423; x_wconf 67' lang='lat' dir='ltr'>est,</span> <span class='ocrx_word' id='word_1_556' title='bbox 215 4345 257 4411; x_wconf 65' lang='grc' dir='ltr'><strong>ἃ</strong></span> <span class='ocrx_word' id='word_1_557' title='bbox 277 4349 532 4434; x_wconf 88' lang='lat' dir='ltr'>quidem</span> <span class='ocrx_word' id='word_1_558' title='bbox 554 4371 632 4415; x_wconf 86' lang='lat' dir='ltr'>ex</span> <span class='ocrx_word' id='word_1_559' title='bbox 647 4351 1219 4436; x_wconf 85' lang='lat' dir='ltr'>superabundanti:</span> <span class='ocrx_word' id='word_1_560' title='bbox 1246 4372 1390 4417; x_wconf 89' lang='lat' dir='ltr'>cum</span> <span class='ocrx_word' id='word_1_561' title='bbox 1411 4351 1743 4418; x_wconf 89' lang='lat' dir='ltr'>autoribus</span> <span class='ocrx_word' id='word_1_562' title='bbox 1765 4354 1814 4420; x_wconf 64' lang='lat' dir='ltr'>s</span> <span class='ocrx_word' id='word_1_563' title='bbox 1852 4350 2344 4417; x_wconf 82' lang='lat' dir='ltr'>admiratoribus</span> <span class='ocrx_word' id='word_1_564' title='bbox 2365 4350 2589 4436; x_wconf 86' lang='lat' dir='ltr'>ipsius,</span> <span class='ocrx_word' id='word_1_565' title='bbox 2622 4370 2749 4416; x_wconf 92' lang='lat' dir='ltr'>non</span> <span class='ocrx_word' id='word_1_566' title='bbox 2778 4349 2983 4428; x_wconf 89' lang='lat' dir='ltr'>nobis,</span> 
     </span>
     <span class='ocr_line' id='line_1_47' title="bbox 2828 4458 2987 4503; baseline -0.013 0"><span class='ocrx_word' id='word_1_567' title='bbox 2828 4458 2987 4503; x_wconf 88' lang='lat' dir='ltr'>onus</span> 
     </span>
    </p>
   </div>
  </div>
 </body>
</html>
