3694 4871
615 287 740 352 166
989 284 1208 350 D1sr.
1256 280 1390 349 VI.
1435 278 1544 345 DE
1591 278 2205 345 PnoerArlonss
2250 276 2601 343 Pacci-121
2651 276 3160 346 Omonumffi

613 475 752 541 onis
801 472 1056 537 animae
1077 491 1221 536 cum
1250 470 1540 554 Corpore,
1564 479 1636 533 ut
1659 469 1728 554 fit
1755 466 1961 545 homo,
1987 468 2057 555 fit
2080 466 2254 553 filius
2277 464 2555 531 hominis
2570 490 2595 542 ;
2618 485 2691 531 ac
2708 467 2979 551 proinde
2996 480 3239 553 peccato
3266 464 3333 532 ἃ·
3350 488 3548 551 poena

613 563 940 637 obnoxius,
991 581 1136 625 eum
1179 565 1439 644 propter
1485 556 1714 621 Adami
1753 567 2076 641 peccatum
2102 557 2142 619 a
2165 555 2296 620 Deo
2321 555 2646 620 deseratur
2654 556 2846 639 juste,
2879 556 2943 621 a
2964 558 3101 622 sine
3122 557 3547 643 oriqinaleju-

613 651 790 718 stitia
833 660 1155 728 nascatur,
1201 645 1544 714 secundum
1595 644 1775 723 illud,
1825 665 1949 727 quo
1988 643 2090 708 die
2136 643 2481 707 comederis
2506 646 2711 708 morte
2734 645 3045 710 morieris.
3094 644 3455 709 Molinaeus
3484 646 3544 709 in

615 745 912 805 anatome
959 760 1093 821 cap.
1134 738 1239 801 10.
1287 738 1432 820 post
1477 732 1824 797 refutatam
1856 732 2385 817 propagationem
2407 755 2523 816 per
2544 754 2761 797 semen
2786 734 2833 797 8ι
2856 755 3102 818 corpus,
3134 737 3247 797 aut
3278 756 3395 817 per
3414 734 3545 798 ani·

615 850 788 893 mam
841 827 917 891 de
965 826 1178 891 anima
1226 828 1433 889 satam
1465 826 1770 905 tanquam
1811 821 2027 885 lumen
2068 821 2145 885 de
2170 820 2431 897 lumine,
2449 820 2707 885 tandem
2734 822 2790 905 §-
2822 822 2925 886 17.
2956 846 3020 906 p.
3048 822 3158 886 52.
3202 823 3542 886 concludit:

541 924 546 929 ’
614 918 734 984 His
757 916 979 1002 positis
1004 915 1137 979 dico
1161 916 1371 981 Deum
1397 931 1606 977 creare
1625 910 1880 976 animas
1904 909 2241 974 hominum
2264 908 2478 987 bonas,
2504 910 2612 975 sed
2633 909 2961 975 destitutas
2989 911 3175 977 donis
3198 912 3545 977 coelestibus

616 1005 678 1071 ἃ·
704 1008 838 1070 luce
877 1002 1380 1089 supernaturali,
1429 1000 1616 1086 idque
1643 998 1879 1076 merito,
1913 998 2063 1083 quia
2086 998 2257 1062 dona
2281 1018 2442 1084 quae
2465 999 2669 1063 Adam
2696 998 2815 1065 sibi
2843 997 2907 1065 ἃ·
2924 1002 3191 1085 posteris
3219 1013 3540 1086 acceperat,
3664 1056 3666 1063 .

615 1094 737 1159 sibi
781 1092 834 1159 a
871 1092 1135 1177 posteris
1159 1091 1390 1157 amisit.
1443 1089 1586 1155 Non
1601 1089 1753 1153 dare
1775 1097 1985 1152 autem
2019 1089 2215 1153 lucem
2238 1090 2789 1173 supernaturalem
2822 1090 3033 1168 menti,
3066 1110 3199 1153 non
3220 1101 3309 1153 est
3340 1090 3546 1154 indere

611 1194 927 1267 peccatum
955 1180 1278 1258 voluntati,
1307 1180 1419 1244 etsi
1448 1178 1794 1243 caecitatem
1819 1176 2045 1241 mentis
2068 1176 2307 1241 aversio
2338 1177 2673 1243 voluntatis
2692 1189 2907 1260 postea
2930 1190 3363 1264 consequatur.
3386 1180 3543 1245 Nam
3663 1188 3666 1245 i

614 1274 907 1338 voluntas
951 1271 1242 1336 destituta
1289 1268 1406 1333 hac
1451 1267 1582 1331 luce
1635 1263 1699 1331 ἃ
1750 1266 2094 1351 coqnitione
2140 1264 2447 1331 bonorum
2486 1267 3081 1350 supernaturalium
3111 1288 3244 1332 non
3264 1279 3459 1352 potest
3484 1289 3545 1331 se
3664 1344 3666 1347 Α

531 1404 538 1409 -
615 1381 857 1427 movere
880 1360 966 1424 ad
988 1359 1223 1443 iquota,
1257 1356 1366 1423 sed
1391 1367 1636 1421 tant-um
1667 1356 1752 1419 ad
1771 1355 2130 1439 praesentia
2158 1352 2221 1419 ἃ·
2244 1366 2411 1434 nota,
2442 1355 2661 1441 qualia
2692 1367 2842 1420 sunt
2884 1358 3225 1441 voluptates
3248 1359 3542 1439 comm-is,
3663 1350 3666 1379 ³

615 1470 760 1533 opes
798 1446 912 1514 ac.
966 1449 1140 1530 Quae
1160 1446 1414 1533 quidem
1445 1464 1591 1509 cum
1615 1444 1993 1509 naturaliter
2036 1443 2200 1507 bona
2238 1444 2384 1519 sint,
2410 1455 2699 1509 avertunt
2724 1455 2930 1509 tamen
2961 1446 3339 1511 voluntatem
3362 1447 3403 1509 ὰ
3427 1457 3543 1510 stu·
3663 1508 3666 1525 ,

614 1538 717 1603 dio
741 1558 958 1602 rer-um
983 1534 1592 1620 super-naturalium.
1651 1534 1813 1597 Tum
1845 1552 2030 1597 amor
2052 1532 2273 1611 nostri,
2306 1534 2418 1618 qui
2441 1534 2820 1598 naturaliter
2848 1534 3048 1599 bonus
3078 1546 3163 1599 est
3192 1533 3256 1598 a
3276 1554 3541 1598 neeessa-

615 1626 774 1701 rius,
823 1624 1038 1708 incipit
1093 1644 1220 1688 esse
1263 1622 1584 1687 moraliter
1629 1621 1859 1699 malus,
1908 1621 2063 1707 quia
2109 1622 2333 1697 locum,
2388 1622 2501 1706 qui
2538 1621 2870 1687 debebatur
2890 1624 3098 1687 amo-ri
3118 1623 3260 1701 Dei,
3285 1623 3539 1689 invadit.

615 1715 782 1780 Hinc
798 1713 1135 1797 propensio
1157 1712 1268 1777 illa
1299 1711 1385 1777 ad
1409 1710 1672 1787 malum,
1701 1730 1863 1795 quae
1884 1710 2091 1773 existit
2114 1730 2191 1774 ex
2212 1710 2576 1775 inordinato
2600 1731 2813 1776 amore
2834 1710 2939 1776 sui
2960 1712 3183 1797 ipsius,
3224 1732 3407 1797 quem
3438 1714 3544 1782 tna:
3663 1686 3666 1765 ἶ

617 1801 1127 1887 supernaturalis
1153 1821 1285 1865 non
1308 1800 1544 1883 diriqit.
1598 1799 1806 1879 Quam
1831 1800 2031 1863 lucem
2058 1798 2232 1863 Deus
2257 1819 2385 1863 non
2420 1800 2584 1864 dans
2608 1800 2879 1879 animae,
2904 1800 3127 1865 idcirco
3150 1801 3206 1864 ei
3228 1800 3391 1865 indit
3408 1820 3543 1885 pee-

618 1902 847 1957 catum.
898 1890 1186 1955 Amesius
1209 1888 1311 1955 lib.
1343 1890 1400 1951 1.
1430 1888 1741 1953 medullae
1762 1907 1900 1970 cap.
1932 1887 2031 1951 17.
2062 1886 2233 1951 thesi.
2270 1888 2330 1951 6.
2361 1888 2419 1951 7.
2450 1890 2511 1951 8.
2546 1886 2764 1951 Verba
2786 1910 2911 1952 non
2939 1888 3375 1966 exscribimus,
3400 1888 3543 1971 quia
3663 1906 3666 1933 ¹

621 1983 806 2045 autor
858 1979 927 2044 in
973 1979 1259 2044 omnium
1282 1976 1578 2041 manibus
1601 1980 1719 2040 est.
1769 1976 2113 2060 Scharpius
2138 1977 2209 2040 in
2232 1996 2423 2041 cursu
2449 1977 2775 2061 theoloqico
2800 1989 2945 2042 tom.
2984 1978 3041 2039 1.
3068 1978 3135 2040 in
3157 1977 3295 2041 loco
3318 1978 3395 2042 de
3410 1998 3544 2062 pec-
3664 2008 3666 2015 ·

622 2079 755 2135 cato
797 2090 868 2154 p.
917 2068 1064 2132 245.
1101 2068 1290 2151 plane
1339 2065 1669 2129 nobiscum
1724 2064 1936 2129 sentit.
1986 2063 2205 2129 Verba
2226 2064 2418 2129 nimis
2443 2066 2647 2129 multa
2669 2069 2846 2153 eunt,
2872 2088 3065 2150 quam
3096 2070 3167 2129 ut
3189 2065 3296 2131 hic
3319 2065 3545 2131 deseri·
3663 2104 3666 2139 ς

624 2158 881 2235 bantur,
915 2158 961 2223 su
1008 2156 1172 2221 liber
1217 2154 1375 2220 satis
1429 2154 1672 2218 obvius.
1723 2151 2085 2218 Maccovius
2132 2155 2204 2219 in
2229 2154 2391 2239 disp.
2418 2155 2493 2219 de
2516 2156 2697 2219 locor.
2724 2175 2945 2219 comm.
2967 2166 3136 2239 part.
3170 2155 3233 2219 2.
3254 2155 3419 2239 disp.
3452 2154 3546 2218 14.
3663 2196 3666 2233 ἰ

625 2245 712 2312 Et
757 2246 825 2309 in
865 2244 1026 2329 disp.
1076 2247 1220 2329 post
1243 2243 1445 2308 editos
1471 2243 1588 2307 loc.
1617 2264 1842 2306 comm.
1876 2242 2121 2320 habita,
2156 2242 2231 2307 de
2273 2242 2459 2306 modo
2482 2247 2814 2328 propagat.
2840 2243 3085 2327 peccati
3108 2243 3443 2328 originalis
3474 2241 3544 2306 R.

624 2332 834 2400 Nicol.
883 2332 1168 2398 Amoldo
1201 2332 1442 2396 Polono
1477 2354 1577 2395 an.
1609 2331 1799 2394 1643.
1824 2329 1956 2395 Ubi
1982 2331 2073 2395 sic
2095 2330 2265 2395 thesi
2292 2332 2394 2394 22.
2421 2333 2618 2419 Atque
2638 2332 2783 2397 hinc
2800 2333 2945 2415 jam
2974 2332 3391 2417 manifestum
3412 2351 3547 2397 eva-

621 2423 712 2490 dit
739 2423 1049 2511 quomodo
1073 2422 1380 2508 oriqinale
1403 2421 1734 2486 inhaerens
1755 2432 2076 2505 peccatum
2110 2422 2337 2488 transit
2362 2422 2432 2486 in
2452 2434 2729 2507 posteros
2769 2421 2939 2487 Adae
2952 2443 3029 2487 ex
3052 2422 3157 2488 illo
3180 2421 3551 2488 naturaliter
3663 2424 3666 2492 ἔ

623 2525 1024 2598 propaqatos,
1048 2533 1204 2577 nam
1222 2523 1553 2597 postquam
1583 2510 1757 2576 Deus
1781 2511 2068 2596 imputat,
2095 2511 2247 2597 quia
2265 2523 2509 2596 peccato
2534 2512 2681 2577 huic
2702 2512 2861 2575 inter
2880 2511 3013 2576 alia
3034 2511 3365 2576 debebatur
3388 2529 3549 2574 mors
3663 2571 3666 2598 ÷

623 2602 1000 2688 spiritualis,
1054 2600 1224 2687 quod
1265 2610 1353 2664 est
1377 2599 1490 2664 hoe
1510 2610 1846 2683 peccatum,
1872 2611 1943 2664 ut
1974 2600 2277 2678 diximus,
2300 2601 2507 2684 plectit
2538 2602 2713 2666 Deus
2734 2611 2930 2664 morte
2952 2600 3069 2664 hac
3087 2612 3367 2684 posteros
3388 2602 3547 2664 istos.
3661 2647 3666 2686 ,

627 2691 796 2757 Hinc
846 2710 980 2754 non
1017 2691 1181 2755 male
1214 2688 1542 2772 respondet
1595 2688 1927 2754 Catechetes
1974 2689 2131 2777 dum
2157 2690 2399 2775 quaerit
2417 2714 2437 2753 .·
2484 2689 2591 2755 An
2610 2701 2933 2774 peccatum
2962 2689 3265 2776 oriqinale
3286 2698 3551 2754 transeat
3663 2733 3666 2774 3

627 2781 697 2844 z'n
727 2791 1004 2863 posteros
1032 2799 1148 2863 per
1169 2798 1396 2862 corpus
1419 2797 1506 2842 an
1525 2797 1642 2861 per
1663 2778 1946 2842 animam
1970 2777 2002 2841 ΞΡ
2025 2778 2219 2842 datur
2242 2778 2449 2864 inquit
2474 2779 2748 2858 tertium,
2774 2779 2929 2842 nim.
2954 2799 3069 2861 per
3091 2777 3263 2844 Adae
3284 2779 3546 2861 culpam.
3663 2777 3666 2854 ξ

624 2865 950 2951 Imprimis
1003 2866 1070 2930 in
1124 2866 1376 2950 scriptis
1421 2865 1802 2949 posthumis,
1850 2864 1918 2928 in
1971 2865 2127 2930 Anti
2171 2865 2397 2930 Socino
2422 2890 2484 2951 p.
2514 2867 2619 2931 77.
2654 2869 2707 2929 1.
2734 2868 2907 2932 Deus
2929 2867 3115 2954 elficit
3138 2865 3549 2932 subtrahendo
3664 2875 3666 2884 '

622 2957 898 3040 qratiam
928 2954 1005 3019 ab
1031 2955 1170 3039 ipsa
1193 2966 1451 3030 natura,
1477 2954 1790 3020 subtracta
1813 2966 2022 3019 autem
2044 2955 2253 3039 qratia
2277 2976 2376 3020 res
2400 2957 2469 3020 in
2492 2955 2771 3022 nihilum
2808 2955 2956 3034 abit,
2989 2954 3053 3022 ἃ
3074 2955 3188 3020 hoc
3208 2957 3449 3041 factum
3472 2964 3551 3018 est
3664 2973 3666 2976 ⁴

626 3064 715 3109 an
735 3043 1086 3128 privatione
1109 3044 1409 3128 imaqinis
1435 3041 1698 3108 divinae.
1752 3044 1812 3105 2.
1862 3044 2071 3130 Efficit
2096 3043 2521 3109 subtrahendo
2546 3045 2676 3110 vim
2700 3065 2886 3110 suam
2910 3055 3397 3122 conservantem,
3430 3061 3551 3107 non
3664 3043 3666 3084 ³

623 3133 666 3198 ὰ
708 3143 967 3210 natura,
1013 3133 1122 3197 sed
1168 3133 1209 3196 ἁ
1253 3131 1663 3218 qualitatibus
1688 3143 1976 3196 naturae.
2044 3132 2217 3198 Verbi
2234 3134 2463 3219 qratia,
2489 3135 2624 3198 istis
2646 3153 2807 3221 quae
2828 3132 2915 3197 ad
2937 3132 3174 3198 bonum
3198 3133 3359 3217 ferri
3386 3131 3549 3197 debe-
3663 3187 3666 3210 2

628 3220 796 3297 bant,
846 3219 1153 3286 subtrahit
1196 3222 1489 3305 qratiam,
1537 3241 1670 3286 non
1719 3232 1784 3287 ut
1822 3221 2150 3306 qualitates
2178 3241 2311 3287 non
2335 3223 2481 3299 sint,
2508 3223 2615 3286 sed
2644 3223 2715 3287 in
2735 3242 2801 3286 eo
2824 3243 2904 3286 ne
2926 3221 3074 3286 bene
3096 3223 3246 3287 sint.
3296 3223 3459 3288 Nam
3482 3239 3552 3283 ne

619 3310 906 3394 pravitas
930 3310 1185 3396 quidem
1209 3321 1475 3376 naturae
1498 3322 1768 3388 nostrae,
1792 3330 1953 3396 quae
1978 3310 2226 3375 videtur
2245 3311 2586 3394 positivum
2624 3331 2750 3376 esse
2772 3309 3036 3396 aliquid,
3067 3323 3155 3375 est
3176 3310 3423 3397 aliquid
3448 3329 3551 3394 po-
3663 3353 3666 3388 2

629 3399 907 3475 sitivum,
934 3399 1203 3483 desectus
1234 3399 1404 3462 enim
1427 3410 1531 3464 est.
1582 3400 1680 3464 Ita
1711 3419 1856 3484 erqo
1888 3399 1956 3462 in
1972 3409 2215 3482 peccato
2247 3400 2547 3484 oriqinali
2575 3400 2933 3465 inhaerente
2970 3419 3100 3463 non
3120 3401 3241 3485 eqit
3262 3399 3393 3464 nisi
3414 3396 3552 3463 sub-
3664 3433 3666 3464 ÷

520 3535 523 3538 -
630 3486 972 3563 trahendo;
996 3486 1304 3552 subtraxit
1335 3499 1546 3552 autem
1557 3488 1746 3572 juste,
1773 3487 1924 3573 quia
1948 3488 2167 3552 merito
2192 3487 2503 3554 subtraxit
2522 3500 2782 3573 propter
2798 3499 3119 3572 peccatum
3150 3489 3321 3554 Adae
3352 3488 3550 3572 impu»

632 3587 855 3641 tatum.
904 3575 1026 3641 Sed
1071 3575 1364 3640 nondum
1409 3576 1750 3663 difficultas
1803 3576 2051 3641 videtur
2096 3576 2398 3660 expedita.
2452 3578 2615 3645 Nam
2670 3579 2790 3642 ista
2832 3577 3129 3642 videntur
3150 3577 3363 3642 adhue
3388 3593 3553 3661 posse

628 3663 825 3747 objici.
876 3663 1056 3750 [pag.
1099 3663 1300 3748 1111]
1327 3661 1652 3728 Aletedius
1677 3664 1744 3727 in
1769 3664 2248 3747 quaestionibus
2272 3664 2613 3750 theologie.
2642 3687 2693 3729 c.
2724 3665 2825 3729 18.
2854 3687 2958 3748 qu.
2986 3663 3092 3729 25.
3118 3689 3182 3749 p.
3220 3667 3370 3728 128.
3394 3665 3552 3740 Quo·
3664 3689 3666 3720 2

628 3751 815 3816 modo
841 3755 1170 3836 peccatum
1203 3751 1469 3836 originis
1501 3755 1942 3837 propagetur?
1967 3753 2143 3818 Iusta
2168 3754 2289 3818 Dei
2326 3755 2758 3838 imputatione,
2792 3752 2854 3821 ἃ·
2876 3753 3210 3819 ordinaria
3232 3757 3359 3840 leqe
3383 3773 3553 3838 qene-
3664 3829 3666 3834 .

629 3841 916 3906 rationis.
949 3840 1110 3905 Oum
1133 3842 1416 3925 primum
1443 3843 1610 3906 enim
1635 3841 1855 3906 anima
1878 3842 2209 3907 rationalis
2233 3842 2607 3927 infunditur
2628 3843 2875 3927 corpori
2896 3843 2935 3907 ὰ
2960 3842 3333 3928 parentibus
3357 3853 3553 3918 tracto,

624 3929 828 3994 existit
867 3949 1140 4014 persona
1184 3950 1292 3994 rea
1324 3930 1394 3994 in
1415 3930 1678 4008 Adamo,
1703 3931 1804 3994 cui
1826 3931 2001 3996 Deus
2024 3941 2207 4016 neqat
2234 3931 2508 4016 qratiam
2531 3952 2719 3996 suam
2748 3943 2932 4017 atque
2952 3933 3041 3996 ita
3062 3931 3137 3997 ob
3152 3932 3553 4016 primaevam,

623 4018 1008 4101 apostasiam
1033 4019 1237 4083 existit
1263 4019 1332 4082 in
1357 4019 1608 4084 homine
1629 4020 1969 4102 corruptio.
2016 4017 2329 4084 Matthias
2360 4018 2703 4084 Martinius
2737 4020 2803 4084 in
2826 4019 3129 4084 Methodo
3152 4017 3551 4104 Theologiae,
3664 4001 3666 4036 ³

625 4105 694 4170 in
742 4105 910 4170 notis
958 4106 1039 4169 ad
1071 4106 1181 4171 lib.
1211 4109 1270 4171 3.
1299 4129 1434 4190 cap.
1471 4109 1568 4170 19.
1594 4130 1654 4191 p.
1685 4107 1832 4170 412.
1884 4107 2216 4174 Peccatum
2239 4119 2451 4174 autem
2474 4109 2739 4193 oriqinis
2756 4109 3107 4194 propaqari
3130 4111 3255 4174 scio
3278 4130 3320 4175 a
3342 4127 3552 4192 paren-

627 4193 791 4260 tibus
825 4195 1000 4278 justo
1049 4195 1165 4261 Dei
1175 4196 1439 4279 Judicio‚
1464 4197 1576 4282 qui
1599 4209 1668 4262 ut
1692 4196 1931 4263 Adami
1954 4195 2014 4270 a·
2044 4197 2210 4262 Evae
2231 4199 2505 4276 ani-mas,
2530 4217 2691 4283 quae
2712 4199 2783 4262 in
2799 4199 3077 4282 pur-itate
3098 4209 3339 4262 creatae
3365 4206 3551 4272 erant,
3664 4189 3666 4264 ἶ

627 4283 904 4347 destituit
926 4283 1238 4365 sapientia
1268 4281 1330 4348 ἃ
1346 4284 1595 4368 justitia
1618 4286 1888 4349 saluta-ri
1906 4297 2049 4368 post
2071 4286 2327 4369 lapsum
2343 4310 2362 4349 .·
2386 4287 2473 4351 ita
2496 4287 2684 4351 etiam
2710 4287 2983 4352 destituit
2997 4305 3217 4351 eorum
3240 4285 3551 4352 naturales
3663 4281 3666 4326 :

621 4379 919 4454 posteros.
980 4369 1142 4434 Haec
1172 4382 1259 4435 est
1287 4391 1518 4454 poena,
1545 4393 1739 4457 quam
1769 4373 1979 4438 meriti
2000 4393 2249 4453 sumus,
2275 4395 2435 4460 quae
2452 4387 2768 4458 peccat-um
2818 4388 2925 4456 est,
2942 4387 3261 4462 quatenus
3292 4395 3411 4442 nos
3440 4392 3551 4439 me·

3462 4471 3551 4528 rete
