3694 4871
983 365 1512 434 Auwom‘rss
1584 363 2178 434 Sameramin.
2973 363 3055 430 19

217 552 326 621 ΠΙ.
371 556 476 621 An
503 554 693 620 etiam
715 574 882 638 reyes
905 555 947 618 ὰ
969 555 1176 632 Saule,
1201 567 1312 622 aut
1335 556 1554 620 saltem
1577 554 1617 616 ὰ
1639 553 1885 620 Davide
1905 575 2107 641 usque
2134 555 2221 620 ad
2254 554 2631 621 Zedekiam?
2654 551 2845 639 Resp.
2873 552 2940 620 N
2942 575 3045 638 eg.

137 645 226 710 De
261 647 384 729 piis
431 644 676 728 req-ibus
722 644 866 721 Asa,
922 643 1241 726 losaphat,
1282 644 1522 722 Hislcia,
1550 641 1726 707 Josia
1747 643 2025 711 dubitari
2042 654 2267 728 posset.
2315 643 2435 709 Sed
2464 663 2599 708 non
2622 643 2833 708 ausim
2862 643 3050 730 affir-

139 754 332 798 mare:
367 734 520 819 quia
543 731 806 798 solidam
834 733 1141 796 rationem
1171 733 1462 798 nond-um
1491 731 1683 796 video.

215 820 327 886 IV.
373 825 474 887 An
527 822 746 885 omnia
797 820 962 884 dicta
1014 818 1076 885 ἃ·
1114 821 1434 905 disputata
1480 819 1615 884 lobi
1661 821 1902 902 luerint
1924 819 2277 887 autentica?
2310 819 2499 903 Resp.
2525 817 2694 904 Neg.
2722 817 2861 904 Ipse
2880 819 3051 884 enim

134 911 394 994 Spiritus
420 910 485 976 S.
509 908 1090 992 eoesertedistinquit
1115 931 1252 992 cap.
1307 911 1363 973 1.
1392 932 1451 973 v.
1480 909 1584 972 20.
1622 906 1685 972 ἃ·
1715 909 1775 973 2.
1804 931 1862 973 v.
1894 911 1999 974 10.
2024 911 2153 992 ipse
2176 909 2381 974 Jobus
2405 911 2445 972 a
2469 909 2601 973 Deo
2624 907 3059 992 reprehensus,

133 1019 284 1083 quor
287 1000 528 1064 undam
574 997 883 1062 dictor-um
925 998 1376 1082 poenitentiam
1419 997 1548 1082 a9it
1595 1019 1728 1080 cap.
1783 997 1889 1062 38.
1917 999 1977 1061 2.
2010 997 2072 1064 ἃ·
2098 999 2203 1062 39.
2236 999 2339 1062 34.
2374 999 2479 1062 35.
2508 995 2611 1060 36.
2641 996 2745 1060 37.
2778 994 2841 1061 ἃ·
2864 997 2971 1060 40.
2999 997 3060 1060 3.

139 1085 197 1152 st
245 1089 347 1151 42.
399 1089 459 1150 6.
509 1087 576 1152 Si
627 1106 772 1169 erqo
817 1088 1128 1152 nonnulla
1174 1107 1306 1171 ejus
1359 1087 1523 1150 dieta
1567 1105 1700 1149 non
1745 1086 2011 1170 suerunt
2048 1087 2409 1170 simpliciter
2437 1105 2607 1166 vera,
2650 1095 2835 1163 recta,
2860 1083 3064 1149 bona:

134 1177 324 1242 multo
345 1177 562 1240 minus
592 1175 851 1258 fuer-‘emt
876 1174 1286 1258 infallibiliter
1301 1195 1469 1239 vera.
1494 1173 1961 1258 Distinquenda
1981 1197 2127 1260 erqo
2150 1175 2477 1254 conclusiO,
2506 1173 2711 1252 thesis,
2738 1171 2784 1236 8ι
2808 1193 3064 1239 summa
3140 1215 3149 1224 -

135 1265 595 1349 disputationis,
639 1263 716 1328 ab
768 1263 1108 1365 hypothesi,
1155 1285 1264 1330 seu
1282 1263 1661 1348 particulari
1693 1265 2103 1365 applicatione
2130 1263 2217 1328 ad
2226 1283 2569 1348 personam
2598 1261 2662 1329 ἃ·
2684 1273 2921 1327 statum
2949 1263 3061 1326 Jo-

135 1353 222 1416 bi:
249 1374 510 1419 rursum
559 1372 780 1417 causae
803 1352 1004 1435 ipsius
1027 1353 1302 1437 defensio
1331 1350 1395 1416 st·
1423 1353 1870 1416 controversiae
1892 1352 2341 1426 determinatio,
2374 1351 2452 1416 ab
2477 1350 3063 1428 intercurrentibus,

135 1442 506 1526 quibusdam
543 1440 912 1516 rationibus,
961 1461 1071 1506 seu
1118 1442 1318 1506 mavis
1361 1440 1680 1526 affectibus
1731 1439 1794 1506 ἃ·
1815 1440 2429 1529 amplificationibus,
2462 1460 2624 1526 quas
2651 1461 2767 1524 per
2790 1439 3054 1520 modum

135 1530 534 1612 objectionum
584 1530 625 1593 ὰ
677 1549 865 1592 carne
893 1527 955 1593 ἃ·
979 1529 1344 1634 infirmitate
1375 1530 1496 1596 suti
1518 1541 1836 1613 suqyestas
1868 1530 2000 1614 ipse
2020 1529 2217 1595 Jobus
2238 1530 2523 1594 historice
2544 1529 2827 1613 refertae
2856 1549 3065 1593 recen-

140 1631 262 1694 set;
305 1618 574 1701 subjecta
621 1630 828 1682 tamen
851 1618 1034 1704 finali
1075 1615 1344 1692 ἐπικρίσει
1370 1616 1428 1682 ἃ
1453 1618 1598 1704 fidei
1630 1618 1953 1702 triumpho
1978 1619 2054 1683 de
2083 1618 2205 1684 illis
2236 1617 2688 1702 objectionibus,
2729 1616 3065 1682 dubitatio-

135 1707 334 1786 nibus,
362 1707 425 1772 ἃ·
451 1706 966 1790 su99estionibus.
1019 1707 1342 1789 Quomodo
1375 1706 1450 1770 de
1475 1705 1712 1774 Davide
1743 1705 1804 1771 ἃ
1824 1706 2099 1772 «Ιενειιιίἁ
2120 1727 2269 1772 mox
2292 1705 2648 1771 dicendum.

221 1794 304 1860 V.
351 1797 455 1860 An
501 1795 664 1859 dicta
719 1794 911 1859 Elihu
943 1795 1260 1860 Baracelis
1285 1796 1414 1860 sint
1444 1794 1794 1860 autentica?
1817 1793 2017 1878 Resp.
2050 1795 2192 1862 Non
2215 1796 2304 1860 ita
2327 1796 2533 1881 liquet.
2584 1796 2713 1859 Pro
2736 1791 2865 1856 Aff.
2899 1793 3064 1859 vide-

140 1895 238 1948 tur
285 1885 506 1969 facere,
548 1883 716 1968 quod
763 1882 937 1947 Deus
983 1904 1128 1948 cum
1171 1904 1302 1948 non
1347 1883 1756 1966 reprehendat
1795 1904 1939 1948 cum
1980 1883 2175 1949 tribus
2196 1884 2415 1948 amieis
2445 1881 2596 1948 lobi.
2647 1882 2769 1947 Sed
2790 1882 2903 1947 hoc
2932 1902 3065 1948 non

138 1973 381 2059 suffieit.
437 1971 855 2055 Prosequitur
898 1973 1067 2036 enim
1091 1971 1572 2055 disputationem
1597 1972 1949 2038 airaicorum
1970 1972 2123 2048 lobi,
2148 1993 2310 2057 quae
2332 1973 2505 2036 mala
2527 1983 2679 2036 erat.
2730 1972 2805 2036 Et
2833 1970 2973 2072 ipsa
3003 1992 3066 2036 e-

133 2061 234 2143 ius
278 2060 620 2144 disputatio
666 2060 911 2125 videtu-r
941 2062 1086 2124 Jobo
1135 2061 1454 2163 imponere
1497 2061 1680 2144 quasi
1701 2059 2055 2126 absolutam
2086 2060 2205 2124 sibi
2230 2060 2539 2125 tribuisset
2564 2059 2985 2124 innocentiam
3006 2058 3070 2125 ἃ·

137 2160 574 2234 consequenter
616 2148 825 2213 Deum
870 2161 1212 2214 accusasset
1263 2149 1626 2232 injustitiae,
1670 2149 1782 2234 qui
1833 2149 2135 2236 assliqeret
2180 2149 2587 2213 innocentem.
2634 2147 2823 2232 Atqui
2873 2147 3069 2213 Jobus

143 2248 382 2302 tantum
406 2248 684 2320 respectu
721 2237 1132 2302 accusationis
1176 2237 1524 2301 amicorum
1557 2238 1976 2302 innocentiam
2010 2257 2119 2302 seu
2142 2257 2363 2302 causae
2372 2236 2691 2320 justitiam
2714 2235 2831 2299 sibi
2858 2235 3067 2300 vindi-

137 2337 263 2390 cat:
311 2325 482 2412 quod
527 2325 654 2390 scil.
703 2344 836 2388 non
879 2337 1030 2390 esset
1079 2326 1400 2410 hypocrita
1445 2324 1508 2390 ἃ·
1529 2326 1858 2407 operarius
1882 2325 2230 2412 iniquitatis
2253 2325 2328 2390 ab
2357 2325 2534 2389 omni
2552 2325 2773 2408 pietate
2801 2324 3069 2404 alienus,

141 2427 246 2479 ιιιιι
273 2414 446 2500 quod
468 2434 670 2497 supra
693 2413 850 2479 alios
875 2414 1158 2479 homines
1181 2434 1432 2479 enorme
1453 2413 1712 2498 aliquod
1725 2415 1979 2499 lacinus
2005 2434 2137 2480 non
2158 2414 2585 2489 commisisset;
2613 2410 2675 2478 te
2696 2431 3075 2499 conseq-uem

141 2514 226 2566 ter
268 2523 336 2567 eo
367 2503 626 2567 nomine
654 2522 694 2565 ιι
719 2502 850 2567 Deo
875 2504 1268 2587 peculiariter
1288 2523 1420 2568 non
1443 2503 1849 2589 aflliqeretur.
1896 2506 2091 2590 Atque
2112 2504 2277 2567 hanc
2298 2502 2651 2589 apoloyiam
2674 2500 2735 2568 ἃ·
2762 2502 3067 2567 vindicias

139 2590 276 2656 Jobi
292 2590 565 2677 probat
543 2611 674 2675 ipse
694 2591 868 2656 Deus
892 2592 1044 2674 Gap.
1070 2593 1176 2655 42.
1214 2591 1270 2654 7.

223 2678 338 2745 VI.
389 2680 494 2744 An
538 2701 615 2743 ex
663 2677 1096 2744 lCorinth.3.
1127 2680 1228 2743 19.
1263 2680 1375 2744 ubi
1397 2680 1718 2765 apostolus
1737 2658 2003 2763 putatur
2024 2681 2209 2745 citare
2230 2680 2275 2745 J
2276 2679 2384 2745 ob1
2412 2680 2471 2742 5.
2496 2698 2552 2743 v.
2588 2679 2685 2743 13.
2714 2678 2905 2744 solide
2924 2698 3068 2765 pro-

136 2767 327 2847 betur,
376 2769 542 2833 dicta
565 2768 916 2833 amicorum
939 2768 1074 2834 lobi
1104 2788 1229 2832 esse
1257 2768 1587 2833 autentica.
1614 2766 1692 2831 R.
1722 2767 1888 2852 Neg.
1918 2770 2169 2833 Constat
2197 2769 2365 2833 enim
2395 2789 2469 2832 ex
2493 2766 2538 2831 J
2539 2766 2641 2831 ob
2675 2766 2778 2828 42.
2810 2768 2867 2831 7.
2899 2766 2961 2834 a·
2985 2780 3072 2833 to·

135 2856 254 2921 tius
301 2858 652 2939 scripturae
695 2856 1010 2939 analoyia,
1058 2858 1227 2941 ipsos
1249 2877 1492 2921 errasse
1516 2858 1584 2920 in
1613 2857 2001 2921 conclusione
2029 2855 2092 2921 ἃ·
2114 2878 2305 2922 causa
2324 2856 2687 2940 principali,
2712 2866 2895 2941 atque
2919 2858 3071 2923 adeo

136 2956 324 3009 totam
368 2965 590 3009 eorum
614 2944 1104 3046 disputationem
1134 2946 1249 3009 hac
1270 2946 1511 3009 ratione
1541 2945 1738 3028 fuisse
1761 2946 2021 3024 malam,
2047 2946 2232 3031 quasi
2255 2946 2383 3011 scil.
2408 2947 2582 3011 Deus
2606 2944 2923 3009 neminem
2954 2966 3061 3010 ex-

139 3037 305 3097 terne
336 3034 424 3098 ita
441 3033 774 3119 affliyeret,
797 3034 927 3098 nisi
949 3033 1359 3119 hypocritam,
1383 3045 1496 3098 aut
1521 3035 1737 3098 scelere
1757 3033 1971 3119 aliquo
1992 3034 2279 3112 nobilem,
2304 3046 2521 3099 contra
2554 3031 2797 3097 EccleS.
2824 3035 2885 3097 9.
2918 3035 2974 3098 1.
3010 3036 3069 3097 2.

137 3122 194 3185 3.
242 3121 305 3187 ἃ·
355 3123 417 3185 8.
475 3122 577 3184 11.
638 3122 738 3183 14.
786 3120 1021 3186 Johan.
1075 3124 1132 3191 9.
1191 3145 1246 3185 v.
1283 3123 1342 3185 2.
1371 3124 1432 3185 3.
1463 3120 1660 3185 Hebr.
1693 3123 1794 3185 12.
1830 3124 1891 3186 6.
1937 3123 1995 3186 7.
2037 3125 2094 3187 1.
2127 3122 2299 3187 Petr.
2330 3124 2391 3187 4.
2430 3121 2533 3186 17.
2564 3122 2667 3186 18.
2692 3119 2929 3185 Psalm.
2967 3124 3069 3186 73.

134 3231 243 3293 per
274 3221 498 3276 totum.
545 3211 656 3275 Est
701 3229 843 3295 erqo
896 3211 1222 3276 commoda
1267 3210 1492 3275 solutio
1530 3211 1743 3276 danda
1767 3211 1855 3276 ad
1876 3210 2173 3295 objectum
2196 3214 2401 3278 locum
2428 3210 2643 3287 Pauli,
2668 3230 2827 3295 quae
2851 3210 3075 3295 tripleoe

134 3310 326 3382 potest
372 3320 503 3363 esse
555 3299 610 3361 1.
651 3299 1016 3382 Apostolum
1056 3320 1188 3364 non
1226 3300 1413 3364 citare
1435 3302 1664 3363 exserte
1685 3299 1921 3365 librum
1943 3300 2078 3364 lobi
2092 3324 2111 3363 .·
2134 3312 2319 3386 atque
2340 3300 2491 3365 adeo
2514 3318 2647 3363 non
2670 3318 2795 3363 esse
2816 3311 3071 3379 certum,

143 3388 311 3471 quod
331 3388 895 3471 praesupponit-ur,
921 3388 1099 3453 citari
1121 3388 1268 3452 haee
1287 3388 1474 3452 verba
1498 3408 1572 3451 ιω
1595 3387 1752 3453 libro
1766 3387 1933 3452 lobo.
1964 3389 2024 3451 2.
2056 3390 2237 3470 Quod
2265 3388 2352 3453 ad
2376 3388 2555 3453 verba
2578 3387 2759 3451 citata
2794 3387 2872 3452 ab
2910 3387 3071 3472 Apo·

138 3478 309 3555 stolo,
369 3495 504 3539 non
551 3476 875 3540 convenire
925 3497 997 3542 ea
1017 3496 1122 3560 per
1155 3477 1370 3541 omnia
1395 3496 1540 3541 eum
1568 3476 1770 3540 verbis
1793 3474 1833 3539 J
1837 3476 1946 3539 obi
1969 3478 2029 3539 5.
2054 3476 2133 3541 Et
2166 3477 2456 3562 quamvis
2480 3476 2891 3553 convenirent,
2926 3476 3073 3540 inde

141 3575 348 3628 tamen
396 3564 642 3648 inferri,
677 3565 1043 3647 Apostolum
1090 3565 1426 3649 respexisse
1465 3566 1669 3628 locum
1693 3563 1857 3629 lobi:
1888 3566 2095 3647 potuit
2116 3566 2285 3629 enim
2308 3565 2649 3648 respeaeisse
2671 3564 2829 3628 alios
2854 3574 3073 3643 text-us,

137 3651 244 3715 ubi
265 3652 606 3717 sententiae
635 3652 805 3717 illius
829 3664 1188 3718 contentum
1211 3654 1478 3717 occurrit
1503 3653 1628 3716 sive
1650 3652 1915 3740 definite,
1942 3653 2069 3719 sive
2092 3654 2410 3740 indefinite
2431 3650 2741 3739 quomodo
2764 3652 2849 3716 ad
2871 3654 3075 3719 locum

139 3739 376 3822 Ephes.
435 3742 498 3804 5.
551 3763 610 3805 v.
663 3741 763 3806 14.
811 3754 1314 3806 commentatores
1355 3740 1697 3805 observant.
1747 3744 1807 3804 3.
1860 3742 2031 3842 Quid
2064 3742 2120 3805 si
2143 3742 2393 3807 dicatur
2414 3740 2709 3825 respicere
2744 3741 3075 3825 Apostolus

138 3826 178 3891 J
182 3829 282 3891 ob
334 3830 397 3891 5.
430 3826 493 3892 ἃ·
515 3828 701 3893 verba
723 3830 1020 3914 Eliphazi
1053 3829 1366 3916 (quamvis
1392 3830 1462 3893 in
1484 3850 1546 3893 se
1575 3827 1638 3893 ἃ·
1659 3850 1735 3893 ex
1757 3850 1821 3893 se
1842 3829 2105 3894 minime
2130 3830 2311 3915 [pag.
2338 3829 2457 3915 42]
2483 3828 2816 3908 autentica,
2848 3840 3074 3895 auten-

142 3916 226 3980 tici
269 3917 405 3981 scil.
439 3918 725 4000 normae)
768 3919 890 3983 huc
925 3920 1246 3997 advocare,
1293 3938 1425 3983 non
1449 3917 1629 3982 aliter
1651 3938 1844 4004 quam
1869 3918 2022 3982 alibi
2044 3919 2231 3984 verba
2249 3914 2646 4002 Epimenidis
2676 3913 2740 3982 ἃ·
2771 3917 2981 3997 Arati,
3012 3915 3076 3985 ἃ·

141 4002 342 4069 Judas
375 4006 448 4069 in
471 4005 741 4089 Epistol.
767 4026 889 4071 sua
913 4029 970 4071 v.
1004 4008 1103 4069 14.
1137 4006 1319 4071 verba
1342 4006 1596 4071 Enochi.

225 4092 384 4159 VII.
429 4094 538 4160 An
583 4094 744 4159 dicta
788 4095 1056 4160 Davidis
1087 4093 1323 4159 Psalm.
1377 4095 1481 4160 73.
1521 4118 1578 4159 v.
1631 4096 1732 4159 13.
1785 4095 1883 4160 14.
1912 4092 1977 4160 ἃ·
2007 4094 2151 4159 116.
2185 4117 2241 4158 v.
2295 4095 2395 4158 11.
2439 4092 2504 4161 ἃ·
2530 4095 2633 4160 77.
2659 4118 2717 4159 v.
2756 4094 2815 4161 7.
2842 4095 2902 4160 8.
2930 4095 3080 4162 9.ἃ

142 4179 182 4243 J
187 4204 380 4247 erem
422 4183 524 4246 12.
574 4206 630 4246 v.
693 4185 752 4248 l.
786 4185 847 4247 2.
873 4181 1066 4267 Resp.
1101 4182 1268 4268 Neg.
1304 4183 1434 4267 Ipsi
1457 4183 1556 4247 hic
1577 4184 1877 4249 autentiee
1906 4184 2185 4268 referunt
2215 4204 2364 4249 3ιιιι3
2388 4184 2801 4268 coqitationes,
2826 4184 3077 4251 dubita-

144 4271 356 4349 tiones,
386 4272 766 4349 tentationes,
793 4272 1092 4349 insultus,
1124 4272 1498 4355 objectioneS,
1529 4292 1715 4349 voces,
1756 4271 1818 4337 ἃ
1847 4274 2391 4339 murmurationes
2413 4274 2630 4338 earnis
2661 4293 2855 4349 suae;
2878 4273 3078 4340 brein-

145 4370 230 4422 ter
267 4380 425 4425 sitas
469 4360 885 4447 infirmitate-5,
927 4380 1048 4425 sua
1069 4373 1348 4443 peecata.-
1373 4382 1500 4445 qua
1522 4365 1754 4425 eoeserte
1782 4361 2231 4443 distinquunt
2204 4382 2245 4427 a
2266 4362 2413 4449 fidei
2438 4358 2503 4426 ἃ·
2524 4361 2787 4446 spiritus
2817 4381 3078 4445 respon·-

142 4446 441 4524 sionibus,
473 4446 536 4513 ἃ
558 4449 826 4513 victoriis
861 4450 932 4513 in
952 4470 1338 4534 paroaeysvno
1370 4449 1740 4513 tentationis.
1768 4450 1899 4516 Ista
1920 4450 2043 4537 fide
2064 4451 2443 4533 coqitatione,
2466 4450 2667 4529 corde,
2691 4469 2872 4535 opere
2869 4450 3081 4602 nentia

2764 4537 2945 4604 imita
