3694 4871
628 318 755 387 240
891 314 1109 385 ὓπερ.
1160 312 1341 385 VIII.
1389 314 1500 385 Dr:
1548 314 1919 385 Pensomi
1967 316 2304 383 Cnms‘rt
2351 314 2864 384 MnnrA'roms
2909 314 3118 383 PAss
3163 312 3282 383 111.

620 506 715 571 tia
744 527 857 569 seu
881 503 1275 581 accidentali,
1314 507 1426 567 aut
1471 526 1788 588 suprema,
1829 508 2107 583 aeterna,
2131 504 2404 581 infinita,
2436 503 2716 567 naturali
2740 525 2851 567 seu
2875 503 3219 567 essentiali.
3269 502 3404 567 Sed
3431 524 3544 566 non

626 593 857 678 priori3
885 614 1039 677 ergo
1062 592 1421 675 posteriori.
1468 591 1593 656 Vel
1626 594 1735 670 sic,
1770 592 2094 657 Christum
2119 591 2536 656 Mediatorem
2557 592 2676 655 sub
2709 591 2820 655 illo
2843 591 3121 669 formali,
3153 613 3282 674 qua
3307 589 3547 655 Media-

627 687 729 746 tor
761 687 878 759 est,
904 680 1155 745 credere
1180 680 1480 743 debemus
1512 680 1717 745 filium
1745 704 1821 746 ex
1860 679 1999 745 Deo
2037 680 2360 765 genitum3
2401 684 2512 744 aut
2535 680 2659 743 fide
2682 680 2929 755 divina3
2973 683 3085 742 aut
3105 679 3228 743 fide
3255 680 3550 763 religiosis

626 770 912 834 inferiori
936 768 1185 833 divinae
1212 772 1425 832 tamen
1472 772 1516 835 δι
1557 790 1890 854 supremae
1916 768 2236 852 proxima3
2287 773 2398 831 aut
2421 768 2543 831 fide
2567 790 2684 831 nec
2707 768 2918 831 divina
2943 788 3058 831 nec
3083 766 3412 851 religiosa,
3447 768 3546 831 sed

627 879 800 923 mere
825 857 1137 929 human&
1164 860 1275 919 aut
1298 855 1419 919 fide
1444 857 1645 923 nulla.
1693 856 1817 922 Sed
1855 878 1981 920 non
2006 856 2128 919 fide
2153 856 2459 931 inferiori,
2495 858 2606 919 aut
2629 856 2931 934 humana,
2977 858 3090 918 aut
3113 856 3331 919 nulla:
3371 854 3541 939 Ergo

629 947 750 1011 fide
776 945 1011 1009 divina.
1060 942 1161 1007 Ad
1190 944 1513 1027 sophisma
1537 945 1603 1008 in
1627 945 1918 1010 terminis
1943 944 2306 1027 responderi
2333 944 2545 1019 velim,
2573 944 2664 1007 sic
2697 947 2767 1007 ut
2799 964 2976 1007 arma
2999 943 3235 1007 nostris
3265 964 3396 1007 non
3420 948 3546 1006 eri-

627 1036 887 1118 piantur
931 1036 1149 1097 contra
1186 1030 1587 1110 Socinianos3
1645 1056 1759 1098 nec
1806 1032 2106 1096 mediatio
2140 1032 2400 1109 Christi,
2447 1053 2610 1115 quae
2636 1032 2863 1095 relatio
2889 1035 2984 1095 est
3013 1031 3080 1094 in
3103 1034 3394 1113 tempore
3415 1030 3547 1114 ipsa

628 1123 947 1199 accedens,
972 1120 1159 1185 realis
1186 1120 1368 1205 [pa-g.
1390 1121 1553 1205 333]
1571 1122 1825 1204 quidem
1851 1125 2140 1204 respectu
2163 1120 2480 1185 humanae
2519 1123 2808 1196 naturae,
2833 1118 2944 1183 sed
2965 1120 3232 1183 rationis
3264 1124 3546 1202 respectu

628 1210 877 1275 divinae
916 1213 1204 1286 naturae,
1258 1230 1381 1272 non
1428 1212 1681 1273 tantum
1728 1210 2153 1274 constituatur
2177 1209 2342 1273 ratio
2367 1229 2627 1272 movens
2651 1229 2766 1271 seu
2789 1207 3100 1271 motivum
3133 1211 3248 1271 aut
3273 1207 3544 1271 medium

629 1298 776 1363 fidei
800 1298 875 1362 de
900 1297 1228 1376 filiatione,
1273 1296 1383 1361 sed
1432 1298 1629 1361 etiam
1652 1298 2076 1361 constituatur
2105 1298 2318 1380 ipsum
2339 1297 2654 1379 objectum
2677 1294 3005 1379 proprium
3036 1296 3082 1360 s
3105 1294 3399 1373 formale,
3423 1295 3544 1379 pri·

627 1409 803 1451 mum
829 1386 874 1451 ἃ
898 1386 1286 1463 ultimatum,
1317 1384 1824 1464 fundamentum,
1853 1384 2018 1450 ratio
2041 1382 2537 1449 fundamentalis
2561 1386 2608 1449 St
2624 1382 3054 1459 terminativa,
3081 1383 3248 1447 ratio
3265 1382 3542 1448 formalis

629 1476 777 1540 fidei
809 1475 927 1539 sub
954 1496 1081 1556 qua
1111 1473 1337 1537 reliose
1383 1474 1538 1538 fides
1568 1474 1871 1537 salutaris
1895 1473 1961 1537 in
1987 1473 2304 1557 objectum
2327 1472 2488 1535 illud
2519 1471 2723 1536 fertur
2745 1472 2792 1537 a
2815 1472 3051 1536 tendit:
3081 1472 3394 1553 quomodo
3415 1493 3542 1535 om-

629 1566 727 1628 nis
751 1562 1013 1647 physica
1044 1560 1321 1646 cognitio
1345 1562 1551 1625 tendit
1576 1562 1644 1625 in
1688 1583 1916 1645 corpus
1945 1561 2296 1625 humanum
2329 1558 2620 1625 naturale
2653 1559 2770 1623 suh
2795 1559 3040 1623 ratione
3065 1558 3326 1623 formali
3347 1560 3535 1623 mobi-

627 1652 851 1731 litatis,
883 1650 1125 1715 medica
1156 1649 1436 1733 cognitio
1460 1650 1527 1713 in
1558 1649 1727 1713 idem
1751 1672 1977 1733 corpus
2000 1649 2206 1714 tendit
2229 1650 2345 1713 sub
2371 1648 2616 1712 ratione
2639 1646 2892 1711 formali
2919 1646 3369 1712 sanabilitatis.
3395 1648 3537 1712 Pos-
3659 1650 3661 1661 ’

628 1743 771 1805 sent
796 1739 1014 1803 eadem
1036 1738 1158 1801 hac
1188 1737 1415 1817 forma,
1448 1760 1640 1821 quam
1666 1738 1944 1822 plurima
1967 1737 2152 1801 istius
2191 1737 2523 1800 commatis
2548 1735 2946 1819 sophismata
2969 1735 3158 1815 necti,
3192 1736 3268 1800 de
3296 1735 3538 1800 Christo

628 1829 979 1893 mediatore
1019 1825 1135 1889 sub
1176 1825 1288 1888 illo
1328 1825 1605 1904 formali,
1632 1848 1756 1910 qua
1780 1826 2092 1890 mediator
2115 1829 2230 1901 est,
2271 1824 2560 1903 ama-ndo,
2595 1845 2807 1888 amore
2840 1828 2952 1887 aut
2974 1823 3186 1887 divino
3211 1826 3260 1889 ἃ
3281 1846 3534 1896 summo,
3659 1858 3661 1873 ·

630 1920 743 1981 aut
766 1913 1053 1980 inferiori
1100 1913 1231 1978 sive
1278 1914 1577 1999 religioso
1610 1916 1741 1978 sive
1788 1935 1960 1978 mere
1983 1913 2264 1978 humano
2303 1913 2406 1978 Sto.
2453 1911 2578 1977 Sed
2599 1910 2756 1975 haec
2778 1912 2924 1994 plus
2950 1933 3140 1995 quam
3167 1912 3536 1989 suffecerint,
3661 1970 3663 1975 .

629 2006 696 2069 in
727 2004 955 2087 quibus
978 2005 1287 2085 tanquam
1318 2002 1385 2065 in
1416 2003 1671 2085 speculo
1703 2003 1860 2065 satis
1906 2001 2105 2065 videri
2135 2001 2355 2084 possit,
2387 2000 2692 2084 quaesitis
2715 1999 2844 2063 illis
2869 2000 3163 2085 argutiis,
3189 1999 3356 2063 nihil
3377 2000 3536 2063 aliud

628 2115 823 2177 quam
839 2114 1032 2159 novas
1057 2092 1103 2155 St
1126 2090 1393 2173 majores
1412 2092 1707 2154 tenebras
1723 2088 2104 2175 theologicis
2127 2089 2570 2153 controversiis
2596 2092 2893 2175 (quarum
2909 2088 3356 2152 necessitatem
3371 2088 3536 2153 hete-

628 2182 848 2245 rodoxi
870 2179 1053 2243 nobis
1078 2178 1347 2260 faciunt)
1374 2178 1649 2255 offundi;
1699 2179 1775 2241 de
1803 2200 2072 2261 quarum
2098 2177 2306 2260 plena,
2335 2176 2688 2260 perspicua,
2721 2198 2793 2241 ac
2817 2176 3264 2259 compendiosa
3289 2176 3530 2260 expedi-

630 2270 818 2349 tione,
845 2271 891 2334 &
907 2269 1363 2349 consequenter
1388 2267 1463 2331 de
1489 2288 1758 2348 quarum
1782 2266 2227 2330 imminutione
2251 2269 2462 2349 potius
2488 2264 2904 2329 laborandum
2929 2267 3114 2328 esset.
3169 2262 3376 2329 Unam
3399 2286 3535 2328 ean·

631 2358 897 2442 demque
948 2353 1380 2419 adorationem
1424 2352 1662 2420 Christi
1702 2358 1922 2419 contra
1969 2354 2210 2418 similes
2257 2352 2765 2417 Lutheranorum
2789 2352 3114 2438 quaesitas
3133 2352 3438 2438 argutiaS,
3463 2352 3534 2415 ad

630 2448 885 2512 modum
934 2444 1465 2527 apotelesmatum
1516 2443 2035 2508 theandricorum
2075 2443 2502 2526 accipiendam
2530 2463 2687 2521 esse,
2717 2445 2786 2505 ut
2810 2445 2856 2508 ἃ
2874 2442 3178 2506 virtutem
3205 2441 3534 2505 mundandi

630 2541 669 2600 a
714 2533 989 2620 peccatis
1011 2534 1057 2598 δι
1082 2531 1441 2596 vivificandi
1456 2537 1836 2615 potestatem
1875 2531 2238 2596 remittendi
2265 2535 2544 2615 peccata,
2571 2531 2904 2595 exercendi
2919 2529 3252 2614 judicium,
3287 2529 3534 2615 regendi

630 2624 961 2689 ecclesiam
983 2621 1083 2686 &a
1108 2620 1386 2684 ostendit
1410 2619 1645 2685 Matth.
1694 2619 2012 2684 Martinus
2037 2623 2255 2684 contra
2289 2618 2701 2684 Mentzerum.
2727 2641 2782 2682 c.
2815 2621 2877 2683 3.
2903 2641 2979 2682 ex
3005 2640 3130 2700 quo
3156 2639 3219 2702 p.
3249 2619 3356 2681 86.
3383 2618 3532 2681 habe

629 2712 787 2776 haec
838 2710 1060 2775 verba:
1109 2707 1552 2773 Adorationem
1592 2710 1785 2794 iyitar
1811 2709 2042 2773 Christi
2067 2707 2130 2772 in
2139 2709 2337 2792 telliqo
2363 2708 2434 2772 in
2452 2727 2672 2792 ‚qenere
2693 2707 2769 2770 de
2789 2708 3022 2771 honore
3045 2727 3158 2772 sea
3181 2707 3529 2782 reverentia,

629 2821 787 2888 qnae
814 2797 1085 2864 exhiberi
1105 2796 1271 2861 debet
1301 2798 1543 2862 Christo
1567 2799 1665 2863 sc.
1691 2809 1761 2862 ut
1784 2817 2081 2882 coqnosco
2103 2797 2415 2861 Christum
2441 2796 2832 2868 Βεὰυθρωσι-ον
2861 2793 2924 2859 ἃ·
2939 2794 3117 2860 eredo
3135 2796 3204 2859 in
3231 2795 3533 2860 Christum

628 2888 973 2954 secundum
994 2884 1253 2950 verbam
1276 2887 1414 2964 Dei,
1439 2886 1524 2950 sic
1547 2886 1757 2970 ipsum
1781 2885 1977 2950 adoro
2009 2887 2108 2950 Sto.
2155 2881 2404 2948 Confer.
2446 2885 2492 2948 s
2512 2903 2659 2970 paq.
2695 2884 2800 2947 88.
2849 2881 2974 2946 Sed
2997 2905 3073 2947 ex
3100 2883 3533 2948 recentissimis

632 2977 961 3042 audiamus
1008 2971 1461 3037 Wendelinum
1508 2974 1599 3038 lib
1642 2976 1696 3038 1.
1734 2996 1787 3037 c.
1842 2973 1942 3037 16.
1999 2971 2234 3048 Cultus,
2267 2970 2497 3057 inquit,
2522 2971 2912 3037 adorationis
2943 2971 3182 3036 Christo
3207 2972 3532 3037 secundnm

630 3077 967 3148 utramque
998 3072 1301 3126 naturam
1324 3063 1643 3128 debentur.
1700 3063 1797 3126 Ita
1846 3072 2058 3128 tamen
2088 3071 2156 3126 ut
2187 3061 2396 3125 eadem
2425 3061 2672 3136 utrique
2695 3072 2963 3125 nat-arae
2985 3080 3118 3124 non
3143 3060 3532 3124 tribuantur.-

630 3154 753 3220 Sed
796 3152 1015 3217 divina
1060 3148 1326 3230 divinae,
1376 3151 1663 3216 humana
1710 3150 2066 3214 hnmanae:
2121 3149 2436 3215 Personae
2481 3161 2688 3212 tamen
2713 3149 2908 3213 simul
2937 3149 3176 3213 omnia.
3229 3147 3530 3214 Christum

630 3244 824 3328 iqitur
844 3261 989 3306 cam
1014 3239 1399 3317 invocamus,
1419 3259 1629 3323 preces
1652 3250 1901 3303 nostras
1925 3237 2048 3320 ipsi
2077 3237 2258 3302 etiam
2285 3237 2630 3302 secandum
2653 3235 3002 3300 humanam
3025 3240 3346 3316 naturam,
3369 3247 3530 3301 notas

629 3353 757 3398 esse
779 3328 1176 3416 confidimus,
1200 3327 1307 3390 sed
1329 3348 1405 3392 ex
1434 3329 1800 3392 revelatione
1821 3327 2072 3390 divinae
2095 3337 2365 3390 naturae
2379 3349 2399 3388 .·
2422 3325 2882 3390 exauditionem
2904 3323 2982 3389 ab
3007 3325 3298 3390 humana
3313 3345 3534 3413 quoque

630 3432 867 3485 natura
890 3415 1068 3482 nobis
1088 3417 1537 3500 promittimus,
1562 3427 1838 3500 respecta
1865 3415 2012 3499 lytri
2033 3435 2151 3498 pro
2181 3413 2355 3478 nobis
2375 3414 2697 3498 persoluti,
2728 3411 2791 3478 a
2813 3415 3278 3500 efficacissimae
3295 3434 3414 3497 pro
3435 3433 3530 3476 no·

632 3509 724 3575 bis
748 3503 1216 3582 intercessionis,
1243 3525 1351 3568 nec
1380 3525 1509 3571 non
1526 3504 1991 3589 promtis-simae
2013 3504 2082 3567 in
2104 3501 2412 3586 juvandis
2440 3501 2618 3568 nobis
2637 3503 2978 3567 voluntatis
2995 3526 3014 3565 .-
3037 3503 3282 3586 reliqaa
3305 3503 3535 3566 divinae

630 3609 896 3662 naturae
918 3592 1273 3678 deserimus.
1326 3593 1585 3657 Interim
1608 3604 1677 3658 ut
1694 3592 1998 3675 objectum
2021 3591 2431 3668 adorationis,
2453 3601 2596 3676 post
2613 3590 3134 3668 incarnationem,
3165 3609 3300 3656 non
3329 3603 3414 3655 est
3437 3611 3532 3654 na·

631 3699 778 3751 tara
800 3703 956 3762 una,
982 3682 1075 3746 vel
1096 3682 1288 3746 altera
1311 3683 1570 3746 seorsim
1593 3681 2003 3758 considerata,
2029 3680 2136 3744 sed
2153 3699 2448 3764 persona,
2487 3679 2830 3744 secandum
2857 3690 3192 3765 utramque
3212 3692 3531 3744 naturam:

632 3776 719 3838 ita
763 3773 1048 3838 adoratio
1122 3788 1328 3854 noque
1372 3771 1458 3834 ad
1478 3789 1856 3853 personam;
1885 3789 2030 3832 cum
2055 3780 2328 3851 respectu
2350 3769 2436 3832 ad
2457 3779 2794 3852 utramque
2815 3779 3142 3846 naturam,
3165 3768 3394 3832 directa
3417 3787 3529 3830 non

630 3874 714 3927 est
738 3862 867 3926 nisi
880 3881 1033 3925 una.
1143 3856 1348 3922 ivetus
1372 3857 1438 3920 in
1462 3857 1775 3921 animadv.
1805 3856 1885 3919 ad
1909 3855 2114 3920 Grotii
2139 3859 2322 3920 notas
2349 3855 2428 3918 ad
2451 3855 2788 3920 Cassandri
2813 3856 3148 3920 consultat.
3177 3877 3242 3939 p.
3269 3857 3373 3921 92.
3400 3877 3532 3920 con-

630 3950 796 4014 cedit
825 3946 1305 4013 submissionem
1329 3945 1391 4010 ἃ·
1415 3945 1748 4029 propriam
1774 3945 2203 4010 ado-rationem
2235 3944 2437 4008 deberi
2467 3944 2696 4008 Christi
2724 3945 2991 4028 corpori,
3040 3944 3210 4028 quod
3231 3965 3400 4009 num·
3419 3963 3528 4007 no·

633 4039 726 4102 bis
778 4048 861 4101 est
900 4033 1102 4104 νοητὲν
1145 4029 1207 4095 ec
1230 4036 1363 4098 sola
1386 4045 1587 4098 mente
1605 4032 2098 4117 perci-piendum.
2149 4031 2296 4095 Non
2323 4036 2419 4096 est
2441 4032 2616 4116 Ergo
2639 4031 2746 4096 hic
2769 4031 3110 4114 multiplex
3144 4031 3528 4115 concipienda

632 4125 933 4208 religiosa
979 4121 1261 4186 adoratio
1312 4123 1369 4184 1.
1404 4121 1641 4186 Christi
1688 4121 1830 4186 Dei.
1879 4122 1938 4184 2.
1989 4119 2227 4184 Christi
2281 4118 2404 4183 Dei
2432 4123 2561 4203 qua
2587 4118 2710 4183 Dei
2736 4121 2796 4182 3.
2823 4119 3064 4184 Christi
3079 4123 3470 4194 &aavspdmu
3487 4119 3526 4182 ἃ

634 4211 1016 4276 mediatoris».
1064 4211 1124 4270 4.
1176 4209 1412 4272 Christi
1466 4209 1853 4287 mediatoris,
1901 4229 2027 4290 qua
2079 4208 2465 4272 mediatoris
2495 4209 2555 4271 5.
2582 4207 2821 4272 Christi
2848 4208 3030 4294 [pag.
3062 4207 3230 4294 334]
3256 4207 3525 4272 hominis.

635 4301 695 4364 6.
722 4297 960 4362 Christi
982 4295 1277 4373 hominiS,
1303 4319 1429 4379 qua
1452 4295 1748 4360 hominis,
1798 4295 1923 4360 Sed
1947 4295 2186 4360 sufficit
2208 4318 2398 4360 unam
2423 4296 2784 4380 intelligere
2830 4297 3272 4363 adorationem
3295 4298 3374 4363 ad
3402 4317 3526 4381 per-

636 4408 878 4466 sonam,
930 4405 1073 4450 cum
1119 4383 1356 4466 duplici
1400 4405 1473 4448 ac
1504 4384 1800 4448 distincto
1834 4387 2124 4470 respectu
2165 4384 2244 4448 ad
2268 4385 2425 4449 duas
2465 4389 2762 4461 naturas;
2787 4405 3055 4468 eamque
3081 4385 3281 4450 solius
3303 4386 3524 4450 divinae

3435 4493 3526 4534 na-
