3694 4871
2967 284 3087 349 181

404 464 1435 565 PROBLEMATUM
1489 466 1667 564 DE
1723 467 2232 566 MERITO
2293 468 2829 570 CHRISTI

1318 640 1487 693 PARS
1520 640 1835 693 SECUNDA
1874 643 1931 706 ¹).

234 758 443 845 Atque
486 758 783 825 hactenus
826 760 1081 845 quidem
1123 759 1569 825 controversias
1609 760 1992 845 principales
2026 761 2479 845 proposuimus
2492 785 2514 826 .·
2543 773 2894 848 sequuntur
2915 784 3090 831 nunc

152 848 367 911 minus
388 847 791 932 principales,
814 849 887 913 in
908 848 1135 934 quibus
1158 847 1485 932 reformati
1507 868 1723 915 omnes
1745 860 2089 914 autunum
2112 869 2246 913 non
2268 850 2563 927 sentiunt,
2589 862 2702 915 aut
2725 853 2942 917 saltem
2955 873 3088 919 uno

152 936 333 1000 modo
384 956 523 1001 non
574 937 941 1023 loquuntur,
992 948 1105 1002 aut
1149 956 1252 1001 eas
1295 937 1708 1001 communiter
1744 956 1880 1001 non
1922 937 2260 1021 attinywnt,
2308 938 2528 1002 saltem
2555 959 2632 1003 ex
2652 940 2932 1022 professo
2955 960 3088 1005 non

148 1034 441 1089 metant.-
470 1044 695 1110 easque
714 1023 801 1089 ad
822 1037 943 1089 tres
963 1025 1200 1091 Classes
1223 1044 1608 1101 revocamus3
1630 1044 1910 1110 quarum
1932 1026 2149 1108 prima
2171 1036 2457 1091 versatur
2477 1027 2640 1091 circa
2661 1027 3087 1111 quaestionem

45 1190 46 1193 Ἴ
146 1110 219 1174 de
258 1113 623 1178 necessitate
630 1136 656 1189 ‚·
676 1113 971 1215 ‘secunda
1014 1113 1178 1177 circa
1220 1114 1637 1197 quaestionem
1662 1113 1737 1177 de
1759 1114 2113 1179 eaetensione
2131 1114 2341 1179 meriti
2353 1137 2378 1190 ;
2412 1114 2616 1179 Tertia
2629 1115 2796 1183 circa
2811 1117 3085 1200 quaesti-

143 1218 325 1267 onem
358 1201 439 1267 de
456 1202 805 1267 intensione
832 1200 1059 1267 meriti.

228 1336 419 1414 Quod
462 1337 545 1403 ad
586 1336 860 1422 primam
904 1334 1211 1403 Classem.
1262 1338 1622 1421 Quaeritur,
1669 1336 1769 1402 An
1816 1338 2025 1423 posito
2071 1342 2327 1423 peceato
2369 1339 2416 1405 ἃ
2459 1337 2678 1405 futura
2701 1339 3078 1408 liberatione

43 1425 46 1471 ῑ
142 1426 347 1491 nostri
394 1426 477 1491 ab
521 1448 615 1505 e0‚
658 1426 1014 1491 necessaria
1059 1425 1255 1491 fuerit
1298 1426 1641 1492 secundum
1664 1430 1960 1491 naturam
1992 1449 2105 1491 seu
2129 1426 2532 1491 essentialem
2556 1449 2630 1492 ac
2651 1428 3076 1494 necessariam

138 1512 461 1597 justitiam
502 1513 649 1592 Dei,
701 1516 748 1581 ἃ
793 1536 921 1601 non
950 1518 1203 1579 tantum
1232 1515 1576 1580 secundum
1603 1515 1924 1580 decretum
1949 1515 2180 1600 &legis
2205 1536 2279 1579 ac
2302 1515 2811 1581 comminationis
2841 1516 3078 1582 verita·

146 1606 295 1679 tem,
324 1602 567 1669 Christi
620 1600 955 1687 Sponsoris
986 1602 1361 1668 satisfactio.
1415 1602 1621 1667 Aliter
1650 1603 1809 1667 haee
1839 1602 2127 1686 quaestio
2158 1603 2564 1687 proponitur:
2614 1603 2718 1669 An
2738 1605 3078 1671 necessitas

43 1677 46 1750 ?
144 1690 601 1757 satisfactionis
654 1690 735 1756 ad
779 1691 980 1756 nostri
1025 1691 1479 1756 redemtionem
1526 1690 1611 1755 sit
1652 1692 1968 1771 absoluta,
2017 1713 2099 1755 an
2131 1713 2277 1755 vero
2301 1691 2734 1776 hypothetica.
2785 1692 2889 1758 Ad
2913 1694 3078 1759 hanc

45 1818 46 1831 κ
147 1780 581 1861 quaestionem
611 1779 681 1843 in
704 1800 937 1865 genere
960 1779 1051 1844 sic
1073 1779 1459 1864 propositam
1488 1777 1711 1843 Patres
1736 1779 2008 1863 aliqui&
2028 1800 2155 1843 non
2187 1780 2374 1863 pauci
2400 1803 2477 1844 ex
2501 1779 2861 1846 reformatis
2883 1803 3075 1867 περα-

148 1868 259 1933 tive
280 1867 670 1953 respondent.
718 1866 885 1932 Vide
916 1868 1310 1953 Cyprianum
1332 1867 1760 1953 Auqustinum
1788 1867 1926 1952 (qui
1951 1870 2164 1931 tamen
2196 1866 2351 1933 alibi
2375 1867 2582 1949 aliter,
2607 1869 2705 1933 uti
2730 1892 2877 1934 mox
2901 1870 3074 1936 vide-

148 1954 347 2040 bitur)
392 1956 835 2031 Athanasium,
883 1956 1148 2022 Leonem
1197 1957 1432 2043 Maynu
1440 1977 1500 2020 m
1547 1955 1775 2021 citatos
1822 1955 1990 2039 apud
2053 1956 2334 2022 Vossium
2382 1957 2454 2021 in
2481 1958 2840 2023 desensione
2874 1959 3076 2025 Grotii

152 2056 363 2111 contra
405 2044 994 2130 Ravensperqerum
1010 2068 1035 2121 ,·
1075 2045 1123 2111 St
1168 2043 1499 2111 Calvinum
1545 2043 1614 2107 in
1659 2042 1702 2108 J
1706 2042 2023 2108 ohannem
2069 2065 2208 2127 cap.
2237 2044 2339 2109 15.
2363 2067 2526 2110 vers.
2555 2045 2657 2109 13.
2687 2047 2934 2112 Poterat
2957 2068 3074 2113 nos

45 2196 46 2215 ς
150 2130 318 2200 Deus
358 2133 539 2199 verbo
592 2144 703 2200 aut
732 2144 895 2200 nutu
934 2134 1255 2213 redimere,
1282 2132 1411 2198 nisi
1432 2133 1613 2198 aliter
1635 2143 1856 2198 nostra
1887 2151 2078 2197 causa
2099 2132 2310 2197 visum
2332 2134 2550 2217 luisset
2575 2132 2685 2199 stc.
2715 2136 3072 2201 Masculum

45 2300 46 2307 ἵ
150 2220 215 2285 in
258 2224 383 2289 loco
428 2223 505 2288 de
527 2222 785 2310 Justifie.
811 2242 944 2307 cap.
990 2222 1051 2288 3.
1100 2219 1450 2287 Zanchium
1496 2220 1609 2285 lib.
1641 2222 1702 2285 2.
1738 2221 1813 2285 de
1836 2218 2154 2285 Incarnat.
2181 2242 2324 2303 cap.
2359 2220 2421 2286 3.
2446 2225 2689 2304 quaest.
2725 2224 2784 2285 1.
2807 2222 2980 2287 thesi
3009 2222 3069 2289 1.

146 2328 385 2377 sermre
438 2330 561 2376 nos
615 2321 856 2395 poterat
916 2312 1043 2377 solo
1089 2332 1205 2375 suo
1252 2309 1513 2390 imperio
1554 2321 1800 2393 peccata
1845 2308 2223 2392 simpliciter,
2252 2328 2371 2393 per
2393 2310 2592 2374 solam
2615 2330 2798 2375 suam
2823 2312 3070 2376 miseri-

45 2414 46 2448 ἑ
148 2400 417 2466 cordiam
438 2399 873 2466 condonando.
896 2398 986 2466 Et
1008 2398 1175 2464 inter
1190 2398 1634 2484 Antayonistas
1658 2397 2142 2464 Socinianorum
2171 2398 2604 2463 Casmannum
2626 2398 2700 2464 in
2723 2399 3070 2484 inteyritate

45 2507 46 2565 j
154 2487 611 2555 mristianimi
626 2513 649 2565 ;
702 2487 929 2556 Christ.
969 2488 1056 2554 ad
1078 2487 1349 2556 Portu-m
1374 2499 1589 2552 contra
1625 2487 2039 2564 Ostorodu·m;
2067 2487 2358 2554 Grotium
2391 2486 2570 2573 [pag.
2598 2487 2761 2574 239]
2786 2489 2862 2552 de
2882 2489 3066 2555 satis-

146 2575 401 2678 [actione
436 2587 655 2644 contra
686 2576 987 2643 Socinum
1002 2600 1026 2653 ;
1057 2576 1103 2642 ἃ
1134 2576 1394 2642 Lucium
1421 2587 1639 2641 contra
1666 2574 2030 2644 Gittichium
2061 2575 2490 2655 Socinianum‚
2523 2575 2592 2639 in
2622 2577 2847 2662 scripto
2865 2590 3064 2661 poste-

43 2662 46 2732 ἱ
148 2666 297 2730 nori
321 2686 467 2752 paq.
520 2666 669 2730 109.
701 2665 1086 2732 Ludovicum
1115 2665 1399 2731 Crocium
1423 2665 1495 2728 in
1516 2663 2044 2730 Anti-Socinismo
2066 2675 2376 2729 contracto
2399 2664 2697 2747 disputat.
2728 2666 2830 2728 11.
2857 2667 3064 2731 Fran-

45 2761 46 2773 *
150 2751 339 2820 tzium
388 2754 459 2819 in
495 2753 705 2822 schola
751 2754 1205 2842 sacrificiorum
1250 2753 1545 2837 disputat.
1597 2752 1699 2816 14.
1748 2753 1807 2836 ἓ.
1838 2753 1941 2816 13.
1977 2751 2075 2816 14.
2104 2751 2191 2817 Et
2221 2751 2290 2816 in
2321 2752 2556 2836 disput.
2589 2753 2663 2817 de
2695 2755 3066 2838 Auqustana

148 2842 395 2927 confess.
442 2843 679 2927 disput.
724 2842 785 2907 4.
834 2842 909 2908 de
939 2841 1266 2929 justificat.
1329 2839 1613 2907 Vossium
1658 2853 1902 2906 contra.
1927 2841 2497 2924 Ravensperqerum
2541 2861 2679 2926 cap.
2730 2841 2836 2906 28.
2860 2843 3067 2908 lotum

43 2927 67 2976 3·
152 2927 471 2998 Prideaux
514 2931 643 2996 lect.
698 2931 801 2996 19.
849 2929 961 2995 ubi
1000 2929 1283 3015 disputat
1320 2929 1397 2995 de
1412 2929 1828 3014 satisfactione
1842 2940 2058 2995 contra
2080 2929 2463 2994 Socinianos.
2511 2926 2680 3005 Quin
2704 2931 2750 2995 ἃ
2775 2930 3064 2995 nonnulli

45 3015 46 3036 ἦ
148 3015 565 3085 affirmantem
604 3018 984 3085 sententiam
1016 3021 1323 3102 tanquam
1346 3017 1577 3082 falsam
1596 3018 1642 3084 ἃ
1658 3017 1998 3082 absurdam
2016 3019 2260 3081 exserte
2286 3021 2678 3104 oppugnant,
2697 3020 2770 3083 ut
2796 3018 3065 3084 'stoi-§sus

43 3143 46 3192 ὲ
148 3104 213 3171 in
264 3107 497 3174 Vindio.
529 3107 631 3175 lib.
660 3109 717 3171 1.
740 3119 911 3193 part.
940 3108 1001 3173 2.
1026 3108 1285 3192 diyress.
1312 3109 1373 3172 8.
1392 3127 1542 3192 paq.
1569 3105 1718 3169 253.
1746 3105 2100 3172 Scholastica·
2120 3105 2167 3170 s
2192 3105 2480 3170 hodierni
2505 3105 2824 3196 Pontificii
2845 3127 3065 3172 omnes

43 3193 46 3262 ἒ
150 3193 220 3258 ab
244 3195 365 3262 hac
396 3200 577 3281 parte
602 3198 771 3262 stare
795 3195 1121 3260 videntur:
1148 3199 1411 3279 excepto
1436 3216 1559 3259 uno
1585 3216 1662 3259 ex
1685 3193 2134 3259 recentissimis
2159 3194 2453 3259 Jansenio
2476 3193 2770 3279 Episcop.
2814 3192 3061 3280 Iprensi

43 3307 46 3344 :
147 3279 207 3346 in
252 3306 365 3350 suo
420 3285 473 3350 A
564 3285 768 3352 astino
813 3295 957 3350 tom.
1007 3284 1069 3348 2.
1122 3283 1225 3349 tib.
1276 3284 1336 3347 3.
1384 3302 1517 3367 cap.
1560 3283 1622 3347 2.
1675 3282 1755 3347 ad
1790 3282 1967 3366 cujus
1999 3280 2151 3345 libri
2175 3281 2605 3347 defensionem
2636 3281 3059 3350 Lovanienses

146 3369 365 3456 aliique
396 3370 467 3437 in
550 3372 719 3459 elgio
743 3369 1058 3458 Theologi
1088 3393 1155 3437 se
1179 3371 1485 3436 offerunt:
1514 3374 1585 3435 ut
1606 3371 1819 3436 videre
1844 3375 1942 3435 est
1965 3369 2032 3434 in
2055 3369 2293 3434 libellis
2317 3369 2512 3436 variis
2535 3373 2752 3435 contra
2776 3368 2819 3435 J
2821 3371 3061 3438 esuitas

146 3479 243 3524 seu
270 3458 633 3526 Molinistas
655 3482 772 3545 pro
796 3457 839 3526 J
842 3459 1102 3525 ansenio
1127 3459 1331 3525 editis.
1396 3461 1589 3545 Vulpe
1610 3471 1791 3545 capta
1819 3457 1929 3525 ac.
1961 3457 2245 3524 Plane-tis
2267 3459 2540 3524 veritatis
2563 3457 3061 3544 Auqustinianae

146 3545 203 3610 in
252 3549 467 3634 Belqio
506 3548 829 3635 patiemim
880 3550 1188 3634 Responce
1238 3549 1397 3616 d'un
1426 3549 1893 3636 Ecclesiastique
1923 3547 2013 3612 du
2034 3547 2321 3612 Louvain
2345 3546 2456 3613 ac.
2510 3545 2831 3611 Sociniani
2888 3549 3058 3632 apud

146 3634 424 3704 socinum
448 3637 526 3702 de
546 3637 864 3706 Servatore
880 3649 1048 3722 part.
1072 3639 1105 3700 1
1156 3657 1289 3722 cap.
1322 3637 1379 3702 1.
1407 3638 1453 3703 ἃ
1470 3647 1637 3722 part.
1667 3637 1726 3701 3.
1753 3657 1888 3721 cap.
1919 3637 1976 3699 1.
2004 3637 2066 3700 2.
2092 3635 2139 3700 8³
2164 3635 2228 3702 in
2254 3635 2764 3720 praelectionibus
2785 3655 2920 3720 cap.
2952 3635 3055 3701 16.

43 3739 46 3800 ζ
146 3723 183 3788 ἃ
238 3725 569 3794 Volkelium
618 3727 689 3792 in
733 3727 1007 3793 Institut.
1064 3725 1165 3792 lib.
1221 3725 1276 3790 1.
1302 3745 1437 3810 cap.
1462 3725 1566 3788 26.
1592 3724 1661 3790 in
1682 3727 1827 3814 fine,
1855 3746 2107 3790 omnem
2137 3722 2578 3826 necessitatem
2601 3721 3055 3825 satisfaptipnis

43 3891 46 3942 ÷
146 3815 848 3968 &inffessbffissff‘i
879 3814 1086 3968 ἰῗὲὶεῗ
1094 3813 2002 3970 ἒζῗῑῗὲξέἓῖίῗῃῗέηῗιῗέἓῗὲ
2023 3812 3051 3965 ῗέἔέῖὲᾚῗὲἓὼῖἕὲἳέὲέῗῗ

43 3963 47 4026 ÷
148 3923 473 4056 Ldtlierani
498 3924 682 4058 ngiodo
706 3924 907 4058 effati.
954 3989 1164 4056 Aliter
1189 3990 1383 4056 etiam
1422 3991 1698 4058 Vorstius
1722 3991 1793 4055 in
1816 3990 1974 4055 libro
1998 3989 2072 4054 de
2097 3990 2246 4070 Dm,
2265 3951 2326 4056 ’ἃ
2354 3989 2607 4075 Exeqesi
2628 3949 3053 4075 A’poloyetioa}

45 4079 46 4102 ¹
148 4076 185 4141 ἃ
208 4075 723 4146 Remonstrantes
754 4079 819 4144 in
852 4079 1155 4166 Apoloyia
1184 4099 1318 4165 cap.
1348 4079 1405 4144 2.
1432 4079 1541 4164 fol.
1570 4079 1676 4147 44.
1704 4078 1968 4144 eandem
1990 4081 2332 4163 negantem
2357 4077 2741 4142 sententiam
2763 4079 3049 4143 tuentur.

45 4543 49 4612 ῑ

148 4161 285 4234 Sunt
326 4169 525 4236 etiam
568 4185 701 4234 non·
742 4167 929 4254 pauci
974 4168 1141 4234 inter
1163 4165 1584 4253 ReformatOS,
1611 4167 1801 4254 quisi
1826 4169 2072 4232 exserte
2095 4187 2220 4230 non
2253 4169 2625 4252 oppugnent
2656 4169 2770 4232 aut
2792 4170 3050 4252 negent,

2823 4253 3050 4319 saltem

202 4441 239 4508 ¹)
265 4443 414 4511 nup.
446 4443 685 4498 Nmouo
716 4443 981 4511 mmmm,
1014 4443 1261 4496 Bommel.
1298 4443 1431 4497 Gelr.
1467 4443 1553 4496 Aa
1586 4445 1735 4496 diem
1768 4442 1854 4496 15.
1887 4443 2058 4508 Iunii,
2091 4443 2254 4497 Anno
2287 4440 2438 4495 1650.
