3694 4871
649 297 774 359 282
1425 289 2799 365 D1s1v.X.D2Rn‹÷nnn1<m'10nn.

647 485 796 548 dum
844 483 1273 568 generationis
1323 484 1620 568 physicae
1668 485 1742 549 de
1777 489 1852 549 ea
1884 485 2159 550 formare
2185 485 2376 549 velit:
2402 485 2641 570 cogitet
2672 483 2950 568 Spiritus
2982 481 3050 547 S.
3076 485 3501 567 generantem
3528 479 3579 542 l.

646 572 871 638 lolam.
899 571 959 636 5.
995 579 1050 636 l.
1077 572 1412 636 materiam
1437 577 1873 638 transeuntem
1898 597 2007 638 seu
2034 574 2486 658 generationis,
2512 573 2775 637 verbum
2800 571 2944 654 Dei,
2972 571 3138 654 quod
3163 569 3402 634 semini
3422 591 3575 632 com·

647 664 931 744 paratur.
971 662 1026 724 l.
1072 662 1233 726 Petr.
1263 661 1322 726 1.
1351 663 1492 737 23.;
1527 663 1863 726 materiam
1888 664 2378 726 constituentem
2411 662 2786 746 proximam,
2817 660 3255 732 intellectun1;
3291 658 3569 725 formam.

649 750 838 814 fidem
865 772 995 822 ,seu
1045 771 1277 813 novam
1325 755 1710 826 creaturam;
1753 751 2189 834 Compositum
2214 774 2289 815 ex
2322 751 2599 815 hominis
2625 750 2955 814 intellectu
2985 771 3129 813 cum
3153 749 3511 821 voluntate,
3530 743 3567 808 St

648 861 725 902 ex
772 838 1053 921 imagine
1101 837 1244 916 Dei,
1291 861 1401 902 seu
1449 844 1612 903 nova
1658 844 1967 918 creatura,
2002 840 2087 902 sit
2118 863 2316 904 novus
2346 839 2559 914 homo,
2593 840 2781 903 homo
2816 837 2957 915 Dei,
2984 838 3173 901 homo
3198 835 3563 920 spiritualis

652 925 880 990 Forma
925 926 1040 989 illa
1086 926 1464 1002 introducta,
1491 927 1794 992 informat
1821 929 1867 992 a
1892 932 2105 992 actuat
2132 929 2487 1006 materiam,
2512 929 2559 992 δι
2590 929 2681 992 sic
2704 927 3031 992 hominem
3056 927 3135 990 ad
3158 926 3365 989 vitam
3398 922 3564 1006 spiri·

650 1016 887 1079 tualeni
936 1017 1266 1078 actuosum
1299 1017 1538 1091 reddit3
1572 1021 1901 1099 praeterea
1933 1017 1997 1080 iu
2024 1022 2195 1080 certo
2220 1039 2431 1081 rerum
2458 1039 2689 1101 genere
2714 1016 3079 1090 constituit3
3105 1017 3151 1080 &
3175 1015 3259 1078 ab
3282 1013 3563 1078 omnibus

650 1103 796 1166 aliis
844 1102 1210 1166 hominibus
1255 1126 1381 1167 non
1431 1105 1734 1189 regenitis
1783 1105 2155 1190 distinguit:
2206 1106 2475 1190 denique
2524 1106 2601 1169 ad
2636 1127 2820 1168 omne
2844 1127 3005 1188 opus
3030 1104 3269 1166 bonum
3291 1101 3561 1165 habilem

650 1191 872 1255 reddit.
924 1190 1104 1266 Quod
1151 1192 1228 1255 ad
1255 1193 1798 1276 regenerationem
1824 1216 1936 1258 seu
1962 1195 2432 1258 conversionem
2459 1195 2523 1257 in
2550 1194 2821 1258 secundo
2850 1197 3193 1268 momentO,
3220 1195 3441 1275 potest
3470 1189 3564 1252 illa

652 1280 978 1364 analogice
1028 1280 1115 1344 sic
1147 1281 1411 1363 concipi.
1461 1280 1785 1345 Generans
1811 1287 1907 1346 est
1940 1281 2045 1365 Sp.
2074 1281 2137 1346 S.
2166 1306 2277 1365 per
2303 1283 2579 1366 gratiam
2604 1283 2945 1346 secundam
2978 1286 3285 1364 tanquam
3310 1301 3433 1363 per
3456 1279 3561 1340 rir-

649 1374 856 1432 tutem
900 1368 1257 1453 plasticam.
1309 1368 1581 1434 Materia
1629 1371 2060 1454 generationis
2107 1379 2147 1433 81
2197 1394 2431 1447 semen,
2480 1377 2576 1434 est
2608 1395 2771 1435 nova
2794 1374 3087 1434 creatura
3110 1371 3177 1432 in
3202 1369 3421 1453 primo
3448 1390 3563 1431 mo·

653 1463 867 1521 mento
913 1458 1413 1541 regenerationis
1460 1459 1682 1536 indita,
1728 1461 1893 1523 unde
1934 1464 2111 1523 actus
2158 1461 2255 1524 illi
2282 1460 2637 1524 eliciantur.
2686 1459 2919 1523 Forma
2946 1464 3044 1523 est
3067 1463 3245 1522 actus
3266 1457 3561 1522 secundus

650 1546 818 1625 fidei,
867 1545 975 1628 qui
1023 1547 1204 1628 quasi
1253 1551 1468 1610 actuat
1493 1550 1538 1612 δι
1563 1553 1770 1606 τελεισῖ
1794 1548 2171 1612 foecundum
2197 1549 2357 1612 illud
2380 1548 2879 1633 regenerationis
2904 1570 3145 1616 semen,
3193 1544 3561 1630 Dispositio-

651 1657 763 1698 nes
795 1634 1305 1717 praeparatoriae
1333 1639 1480 1698 sunt
1504 1640 1682 1699 actus
1709 1637 1965 1718 quidam
1999 1636 2469 1720 resipiscentiae
2496 1637 2683 1700 fidem
2708 1637 3175 1720 praecedentes.
3226 1634 3293 1698 M
3296 1635 3461 1699 ixtio
3482 1639 3561 1698 est

653 1723 801 1788 unio
825 1721 1093 1786 actualis
1125 1723 1271 1786 fidei
1305 1746 1442 1786 cum
1471 1725 1996 1807 promissionibus
2022 1725 2343 1810 euangelii
2370 1726 2590 1810 (Hebr.
2622 1728 2682 1788 4.
2710 1727 2795 1808 2.)
2850 1723 3177 1789 Animatio
3200 1723 3437 1802 foetus,
3468 1743 3561 1785 seu

651 1810 1032 1876 introductio
1058 1809 1320 1886 formae,
1348 1817 1444 1875 est
1470 1835 1611 1876 cum
1636 1814 1759 1876 fide
1783 1813 2019 1877 actuali
2046 1815 2404 1898 applicatur
2428 1814 2719 1878 Christus
2746 1814 2821 1876 ad
2842 1813 3388 1894 justificationem.
3440 1811 3563 1875 Pri·

652 1922 828 1964 mum
867 1920 1169 1963 emanans
1196 1923 1273 1964 ex
1295 1900 1502 1964 forma
1520 1902 1654 1984 jam
1679 1903 1899 1978 indita,
1927 1924 2037 1965 seu
2062 1908 2239 1966 actus
2274 1903 2541 1981 elicituS,
2570 1907 2667 1966 est
2691 1902 3033 1966 reflexivus
3060 1905 3235 1965 actus
3260 1901 3431 1964 fidei.
3478 1899 3561 1963 Ad
3655 1901 3658 1912 '

652 1989 818 2072 quod
865 1988 1270 2070 consequitur
1315 1992 1490 2052 actus
1539 1990 1951 2074 impetratus:
2003 1988 2251 2064 ἐνέργειαι
2298 1992 2433 2055 scil.
2467 1991 2771 2054 caritatis
2824 1991 3163 2054 Processus
3196 1990 3243 2054 ἃ
3266 1988 3562 2054 successio

651 2083 928 2155 actuum,
981 2075 1163 2160 [pag.
1213 2077 1375 2161 447]
1424 2078 1532 2159 qui
1580 2079 1921 2161 disponunt
1970 2079 2049 2140 ad
2090 2080 2561 2162 productionem
2595 2080 2841 2163 primae
2866 2079 3137 2143 actualis
3162 2077 3324 2154 fidei,
3348 2076 3486 2142 fere
3506 2099 3563 2139 se
3655 2121 3658 2144 ι

652 2167 850 2230 habet
881 2169 953 2228 ut
982 2164 1195 2228 foetus
1227 2165 1511 2244 humani,
1537 2167 1645 2251 qui
1674 2167 1965 2250 quamvis
1998 2167 2211 2230 anima
2236 2169 2565 2231 rationalis
2590 2168 2803 2234 infusa
2831 2169 2917 2231 sit
2942 2167 3254 2252 specifica,
3278 2169 3405 2250 qua
3428 2188 3561 2230 cou-

651 2256 932 2319 tineatur
981 2254 1410 2338 vegetativum
1453 2255 1497 2319 &
1539 2255 1911 2320 sensitivam
1954 2255 2292 2341 (quomodo
2326 2257 2609 2320 binarius
2635 2257 2821 2320 estin
2850 2257 3153 2332 ternari0‚
3182 2259 3225 2322 δι
3250 2255 3559 2340 trigonum

654 2343 720 2406 in
761 2345 1124 2426 tetragono)
1153 2347 1365 2407 tamen
1397 2343 1583 2407 homo
1609 2344 1785 2427 prius
1811 2344 1969 2408 vivit
1993 2344 2192 2407 vitam
2217 2344 2493 2428 plantae,
2529 2346 2751 2409 deinde
2776 2346 3096 2423 animaliS,
3122 2349 3253 2410 tum
3278 2343 3561 2407 hominis

652 2431 756 2497 Sic
805 2431 959 2496 fides
1006 2431 1298 2515 quamvis
1346 2432 1432 2495 sit
1477 2433 1719 2516 primus
1752 2444 1929 2497 actus
1954 2456 2152 2497 novae
2176 2438 2523 2507 creaturae,
2556 2434 2752 2499 immo
2777 2435 2978 2500 totius
3006 2457 3203 2499 novae
3225 2438 3559 2505 creaturae,

652 2520 835 2605 quasi
861 2520 1132 2584 radicale
1161 2521 1569 2604 principium3
1599 2526 1812 2585 tamen
1839 2522 2039 2585 Actus
2066 2524 2199 2605 ejus
2226 2524 2532 2587 secundus
2558 2525 2785 2588 saltem
2810 2524 3166 2608 completus
3182 2526 3225 2589 ἃ
3246 2522 3559 2587 formatus·

653 2631 766 2673 seu
813 2608 1132 2673 sensibilis
1179 2610 1346 2673 inter
1393 2615 1744 2693 postremos
1791 2610 1927 2675 fere
1975 2616 2318 2675 exercetur.
2368 2609 2438 2675 Si
2472 2612 2797 2697 analogice
2840 2612 3383 2695 regenerationem
3430 2632 3559 2673 cnm

653 2698 989 2774 creatione,
1038 2698 1084 2763 δι
1131 2699 1611 2763 resuscitatione
1659 2699 1943 2763 conferre
1971 2699 2158 2763 velit:
2207 2700 2275 2763 in
2298 2700 2411 2763 illa
2436 2701 2770 2765 collocabit
2802 2701 2969 2764 nihil
2997 2700 3329 2773 materiae;
3356 2699 3423 2762 in
3450 2699 3559 2763 ista

655 2786 988 2850 materiam
1037 2787 1276 2869 absque
1324 2788 1496 2850 omni
1541 2788 1828 2870 potentia
1874 2788 2173 2864 naturali,
2224 2811 2365 2852 cum
2412 2790 2546 2853 sola
2570 2790 2961 2853 obedientali
2986 2792 3087 2855 Sto.
3136 2787 3349 2851 Potest
3378 2788 3555 2852 etiam

655 2873 988 2959 elegantur
1005 2874 1276 2939 conferri
1295 2897 1438 2939 cum
1455 2881 1632 2940 motu
1649 2876 1931 2959 physico:
1961 2876 2127 2959 quod
2151 2876 2359 2939 innuit
2387 2878 2705 2943 Zanckius
2720 2878 2795 2941 de
2810 2880 3105 2962 operibus
3120 2876 3441 2941 creationis
3460 2874 3551 2939 ubi

655 2964 731 3027 de
755 2966 952 3038 motu;
979 2966 1024 3029 δι
1052 2964 1408 3028 doctissime
1434 2964 1592 3028 illud
1619 2968 1919 3028 executus
1938 2969 2033 3029 est
2060 2966 2371 3029 parkerus
2388 2970 2538 3029 tunc
2548 2966 2799 3049 juvenis
2817 2967 2863 3031 ἃ
2880 2965 3245 3050 theologiae
3260 2964 3551 3029 studiosus

656 3052 724 3114 in
771 3052 1034 3117 diatribe
1078 3052 1248 3115 lectu
1294 3052 1670 3136 dignissima
1695 3054 1769 3117 de
1786 3054 2175 3118 traductione
2194 3056 2548 3137 peccatoria
2575 3076 2767 3138 quam
2792 3056 2909 3119 sub
2935 3054 3250 3139 praesidio
3274 3050 3549 3117 Maccovii

657 3139 1116 3205 defendendam
1162 3146 1595 3223 proposuerat,
1648 3144 1692 3206 δι
1741 3164 1905 3225 quae
1952 3164 2095 3205 cum
2140 3143 2370 3207 Amesii
2394 3144 2793 3227 rescriptione
2816 3144 2901 3208 ad
2930 3141 3475 3210 Grevinckhovt'um
3494 3141 3547 3203 in

661 3230 759 3291 12.
790 3227 994 3292 denuo
1019 3228 1190 3292 edita
1213 3232 1342 3292 est:
1378 3251 1502 3292 non
1527 3233 1743 3294 tamen
1778 3230 2057 3309 AmesiO,
2084 3236 2195 3294 aut
2220 3229 2539 3295 Maccovio
2565 3231 2999 3310 adscribenda,
3026 3233 3135 3296 sed
3152 3228 3547 3314 Respondenti

581 3360 590 3367 -
659 3316 940 3381 Parkero
971 3317 1039 3380 in
1063 3315 1367 3393 solidum3
1397 3317 1491 3381 uti
1524 3340 1600 3381 ex
1626 3318 1859 3382 indicio
1886 3317 2196 3383 Maccovii
2226 3318 2272 3382 86
2298 3318 2542 3383 Amesii
2566 3319 2725 3385 mihi
2750 3324 2923 3385 certo
2948 3324 3218 3385 constat.
3261 3317 3545 3384 Defende-

657 3409 807 3470 runt
849 3410 1068 3469 tamen
1116 3428 1258 3469 eain
1288 3404 1648 3471 Maccovius
1681 3408 1726 3471 δι
1751 3406 2050 3470 Amesius
2076 3411 2298 3471 contra
2329 3409 2721 3491 quorundam
2746 3430 3066 3475 censuras
3120 3408 3295 3472 Finis
3315 3428 3547 3493 regene-

655 3494 920 3558 rationis
968 3515 1300 3577 supremus
1349 3498 1446 3557 est
1493 3494 1698 3579 gloria
1749 3494 1889 3559 Dei.
1939 3494 2422 3575 Subordinat11S‚
2471 3497 2732 3561 ultimus
2780 3498 2957 3561 salus
3004 3502 3241 3575 nostra,
3276 3494 3546 3560 Remotus

655 3580 1042 3657 μακαρισμὸς
1080 3582 1466 3646 beatificatio
1498 3582 1563 3645 in
1589 3583 1709 3647 hac
1734 3584 1888 3662 vita,
1923 3583 2323 3668 Propinquus
2348 3586 2515 3649 bona
2539 3607 2731 3668 opera
2760 3608 2873 3650 seu
2898 3586 3073 3650 vitae
3098 3586 3361 3651 novitas.
3407 3582 3545 3650 Pro-

655 3672 889 3751 ximus,
915 3670 1213 3736 coincidit
1237 3692 1380 3735 cum
1403 3671 1696 3749 termin0,
1725 3694 1917 3755 supra
1950 3672 2297 3755 explicato:
2324 3673 2435 3737 ubi
2468 3674 2630 3738 vide.

747 3759 1102 3825 Consectar.
1154 3760 1492 3843 Rejicimus
1541 3759 1929 3837 Socinianos,
1964 3761 2073 3844 qui
2106 3762 2162 3824 1.
2188 3773 2417 3847 neqant
2443 3763 2759 3847 Spiritum
2782 3762 2844 3827 S.
2872 3784 3003 3829 esse
3026 3784 3279 3829 cocceam
3302 3763 3542 3847 primam

657 3848 1156 3933 reqenerationia
1208 3850 1268 3910 2.
1318 3848 1593 3913 hominis
1640 3849 1883 3914 viribus
1906 3849 1968 3916 ἃ·
1994 3848 2282 3933 operibus
2312 3852 2847 3935 Reqenerationem
2878 3852 3196 3920 tribuunt.
3246 3852 3302 3913 3.
3339 3849 3543 3917 Comu-

660 3946 844 4002 tuum
891 3958 1051 4015 eam,
1099 3936 1169 4001 in
1215 3936 1355 4020 ipsa
1399 3938 1557 4002 vitae
1603 3938 1951 4002 mutatione
1978 3938 2040 4003 ἃ·
2084 3940 2427 4005 secundum.
2484 3939 2716 4007 Christi
2746 3940 3099 4005 doctrinam
3128 3940 3542 4027 reformatione·

660 4023 893 4089 Confer
916 4025 1364 4110 Antaqonistas
1392 4024 1896 4094 Soeinianorum.
