3694 4871
350 323 587 394 Dtsr.
637 321 773 394 VI.
820 325 938 392 Da
984 324 1691 393 PaoPAeAmous
1739 322 2132 393 Paccs'm
2179 327 2753 396 Oa1c11u111s.
2879 328 3006 398 163

89 513 209 579 lide
232 513 526 578 satisfieri
558 513 758 598 possit
789 535 953 597 quae
984 513 1139 578 haec
1166 515 1297 578 est:
1324 511 1395 578 Si
1421 517 1749 597 peccatum
1786 537 1867 580 ex
1892 515 2264 599 parentibus
2291 516 2357 581 in
2382 519 2668 600 posteros
2690 539 3004 604 propaga·

91 605 209 679 tur,
234 608 344 667 aut
369 625 482 687 per
507 602 785 666 animam
810 605 1223 687 propagatur,
1251 605 1363 666 aut
1388 625 1761 687 percorpus,
1790 602 1938 668 Non
1953 625 2070 689 per
2085 605 2365 670 animam
2385 627 2399 669 :
2435 606 2584 689 quia
2607 609 2747 671 tum
2768 619 3004 673 excor-

90 695 270 776 rupta
314 692 529 756 anima
574 695 933 775 parentum,
982 694 1094 755 aut
1140 713 1218 754 ex
1250 691 1491 756 semine
1521 696 1818 777 corrupto
1844 714 1958 776 per
1985 694 2313 758 traducem
2340 717 2482 759 eam
2511 696 2854 781 propagari
2883 719 3006 761 ne-

90 802 251 845 cesse
296 785 492 858 esset3
542 785 654 846 aut
696 780 909 844 anima
956 783 1213 864 peccato
1252 779 1491 844 infecta
1523 783 1561 844 a
1592 779 1729 845 Deo
1760 785 2103 862 crearetur,
2137 784 2183 849 δι
2207 783 2454 868 corpori
2485 783 2800 850 uniretur:
2828 784 3007 869 atqui

92 873 421 955 utrumque
474 869 837 934 absurdum.
886 867 1033 933 Non
1086 890 1201 953 per
1246 889 1501 953 corpus:
1537 869 1687 954 quia
1717 875 1856 935 tum
1881 892 2108 955 corpus
2133 875 2246 935 aut
2269 894 2487 938 semen
2517 874 2760 957 peccati
2785 874 3008 957 subje-

92 961 251 1022 ctum
297 961 467 1023 esset
510 959 558 1023 St
602 979 830 1042 corpus
884 957 1192 1022 infectum
1216 957 1504 1022 inficeret
1534 959 1837 1039 animam,
1866 962 2054 1024 antea
2081 982 2308 1043 puram
2339 961 2606 1027 simulac
2637 962 2696 1026 ei
2719 962 3010 1028 uniretur

94 1045 257 1122 Quae
302 1047 518 1112 omnia
568 1051 718 1112 sunt
764 1045 1037 1110 absurda
1081 1048 1127 1113 ἃ
1158 1045 1653 1131 inexplicabilia.
1699 1046 1788 1111 Et
1810 1047 1936 1136 fuit
1958 1047 2080 1113 hoc
2102 1049 2257 1113 olim
2277 1050 2692 1134 praecipuum
2716 1049 2940 1136 Pelagi
2964 1051 3010 1116 ἃ

94 1138 463 1200 sectatorum
488 1138 956 1220 argumentum,
984 1139 1055 1199 ut
1080 1134 1272 1199 etiam
1297 1134 1537 1220 Pighii,
1563 1137 1609 1202 δι
1633 1135 2084 1201 hodiernorum
2108 1135 2622 1223 Pelagianorum.
2671 1139 2750 1205 Et
2773 1161 3008 1220 revera,

90 1223 284 1307 inquit
329 1223 648 1289 Zanchius
695 1225 811 1288 loc.
860 1225 965 1288 cit.
1008 1224 1089 1288 ad
1133 1223 1196 1287 9.
1244 1245 1381 1308 arg.
1420 1243 1551 1290 non
1573 1235 1664 1290 cst
1687 1226 1763 1291 de
1784 1224 2004 1292 nihilo.
2054 1223 2121 1289 Si
2149 1226 2292 1309 quis
2315 1226 2502 1311 plura
2533 1228 2579 1293 &
2607 1228 2870 1294 meliora
2895 1232 3010 1293 aut

92 1313 287 1396 magis
310 1313 607 1397 expedita
632 1313 711 1377 ad
735 1313 828 1376 rei
849 1311 1039 1396 hujus
1063 1312 1558 1378 illustrationem
1584 1312 1767 1378 nobis
1792 1313 2060 1393 adferat,
2087 1313 2308 1397 utique
2332 1317 2574 1401 gratias
2599 1316 2698 1381 illi
2721 1338 3008 1402 agemus.

96 1398 187 1464 Ne
228 1405 466 1480 tamen,
517 1405 589 1465 ut
632 1401 1075 1466 cavillatorum
1120 1400 1308 1465 hodie
1354 1423 1625 1486 magnus
1670 1406 2036 1486 proventae,
2063 1401 2416 1486 suspicione
2439 1425 2802 1488 gravemur,
2827 1404 3011 1490 quasi

94 1511 277 1554 novas
324 1491 371 1556 a
420 1511 615 1554 vanas
662 1489 1059 1554 curiositates
1105 1488 1303 1553 immo
1350 1491 1395 1555 a
1439 1489 1881 1554 heterodoxias
1905 1490 2135 1554 sectari
2158 1490 2564 1572 voluerimUS,
2597 1493 3015 1578 circumspexi

94 1599 253 1642 more
300 1600 443 1642 meo
493 1581 639 1662 post
683 1577 956 1662 primam
1000 1577 1193 1662 hujus
1239 1577 1400 1662 disp.
1450 1578 1812 1658 editionem,
1861 1600 2170 1661 quosnam
2214 1579 2547 1666 theologos
2589 1580 2710 1646 hac
2740 1582 2807 1646 in
2829 1586 3013 1666 parte

96 1666 535 1751 suffragatores
583 1667 840 1731 laudare
863 1688 1136 1751 possem,
1160 1670 1235 1730 ut
1252 1665 1375 1730 hac
1396 1667 1565 1731 nube
1594 1667 1856 1732 testium
1882 1668 2220 1732 secundam
2247 1668 2587 1734 editionem
2619 1691 3013 1736 exornarem.

100 1753 177 1818 Et
206 1777 342 1820 ecce
366 1754 740 1819 obtulerunt
770 1777 857 1835 se,
888 1752 1161 1819 Ursinus
1186 1755 1251 1818 in
1284 1758 1467 1819 tract.
1503 1755 1845 1840 theologie.
1871 1777 1936 1839 p.
1964 1755 2237 1822 204.Sed
2259 1758 2506 1823 etiamsi
2527 1757 2798 1825 obtinere
2821 1770 3013 1825 totam

102 1843 395 1908 Minorem
439 1855 711 1929 possent,
754 1855 965 1909 tamen
1008 1844 1138 1908 alia
1186 1855 1272 1908 est
1318 1845 1638 1927 responsio
1660 1844 1746 1909 ad
1772 1845 2072 1928 Majorem
2105 1846 2445 1933 sufficiens,
2471 1859 2540 1913 ut
2561 1867 2761 1934 neque
2781 1848 2857 1914 de
2885 1859 3016 1913 tra-

100 1931 254 2011 duce,
291 1953 489 2018 neque
511 1933 585 1998 de
607 1933 791 1998 modo
817 1932 1296 2017 propaqationis
1319 1933 1549 2017 peccati
1571 1932 1900 2016 oriqinalis
1924 1935 2114 1998 anxie
2137 1933 2462 2018 disputare
2483 1936 2560 2000 sit
2583 1956 2836 2001 necesse.
2882 1937 3018 2002 Etsi

100 2021 253 2084 enim
290 2022 543 2088 animas
567 2020 967 2106 sinqulorum
994 2021 1325 2086 hominum
1353 2043 1497 2088 cum
1528 2023 1727 2086 vivere
1758 2021 2090 2106 incipiunt,
2115 2024 2156 2086 ὰ
2178 2025 2310 2088 Deo
2341 2024 2542 2089 creari
2564 2025 3009 2090 concedamus:

104 2119 297 2173 tamen
332 2131 467 2176 non
490 2121 576 2174 est
598 2111 990 2197 [inqendum
1015 2131 1143 2175 esse
1166 2110 1547 2196 aliquandiu
1579 2111 1851 2189 animas,
1877 2123 2216 2196 antequam
2239 2111 2602 2196 corporibus
2625 2113 3012 2200 inferantur.

102 2195 291 2262 Simul
310 2199 485 2264 enim
513 2196 575 2264 ἃ·
610 2210 928 2278 creantur,
961 2197 1023 2263 a
1044 2199 1370 2265 uniuntur
1397 2201 1646 2284 corpori
1660 2223 1685 2276 ;
1708 2200 1866 2272 sicut
1897 2199 2142 2277 dicitur,
2167 2198 2508 2284 Inspiravit
2532 2201 2596 2265 in
2621 2199 2852 2266 faciem
2879 2200 3013 2286 ejus

106 2285 383 2367 spiritum
441 2287 631 2351 vitae.
680 2287 851 2354 Sicut
910 2299 1021 2353 aut
1068 2308 1405 2372 corporum
1460 2289 1643 2353 etiam
1692 2287 2064 2366 substantia,
2089 2289 2378 2374 quamvis
2401 2309 2476 2354 ex
2494 2301 2836 2374 parentum
2863 2289 3013 2356 sub-

106 2376 319 2440 stantia
341 2377 627 2455 sumiter,
656 2387 865 2442 tamen
886 2378 925 2441 ὰ
950 2378 1080 2444 Deo
1103 2378 1323 2456 creari,
1348 2377 1459 2442 hoc
1481 2389 1587 2455 est,
1611 2377 1884 2461 [ormari
1897 2387 2051 2443 recte
2072 2378 2321 2458 dicitur,
2353 2376 2416 2444 ἃ·
2437 2378 2754 2445 hominem
2776 2379 3018 2465 pariter

103 2463 139 2525 ὰ
180 2464 599 2532 Diabolorum·
627 2467 1019 2550 peccantium
1064 2466 1449 2532 substantiae
1492 2468 1533 2531 ὰ
1576 2468 1707 2532 Deo
1738 2478 2206 2545 conservantur,
2235 2488 2433 2553 neque
2460 2479 2669 2533 tamen
2686 2480 3018 2554 propterea

107 2550 261 2617 Deus
282 2554 511 2638 peccati
533 2550 644 2621 aut
672 2555 943 2621 malitiae
966 2556 1251 2639 ipsorum-
1279 2568 1467 2621 autor
1488 2556 1582 2620 vel
1604 2567 1997 2621 conservator
2018 2557 2220 2622 existit
2235 2580 2255 2620 .·
2287 2556 2372 2621 ita
2400 2554 2463 2622 a*
2485 2557 2854 2623 animarum
2877 2556 3018 2623 sub-

106 2642 391 2708 stantium
422 2641 487 2709 a*
508 2644 831 2709 naturales
854 2644 1197 2726 facultates,
1223 2645 1395 2710 Deus
1420 2644 1613 2709 simul
1643 2642 1705 2709 st·
1726 2655 1912 2723 creat,
1944 2643 2006 2709 85
2027 2646 2238 2729 privat
2259 2645 2442 2711 donis
2469 2646 2622 2725 suis,
2648 2666 2808 2731 quae
2831 2646 2994 2733 [pag

114 2728 297 2815 1107]
321 2732 567 2797 Adamo
590 2752 662 2799 ea
684 2733 1037 2800 conditione
1060 2732 1330 2811 dederat,
1356 2742 1428 2797 ut
1454 2734 1641 2798 etiam
1668 2734 1936 2816 posteris
1961 2733 2161 2816 ipsius
2186 2733 2379 2813 daret,
2405 2735 2462 2799 si
2485 2734 2617 2818 ipse
2646 2734 2756 2800 illa
2787 2735 3014 2799 retine-

107 2828 205 2893 ret,
226 2839 353 2885 non
375 2832 587 2886 autem
613 2822 808 2898 daret,
834 2822 891 2885 si
916 2821 1047 2904 ipse
1068 2842 1187 2886 sua
1210 2822 1665 2907 inyratitudine
1686 2822 1797 2887 illa
1820 2821 2138 2905 abjiceret:
2161 2824 2382 2888 anima
2397 2843 2538 2888 vero
2553 2824 2788 2907 spirit-u
2810 2821 2872 2889 ἃ·
2889 2824 3020 2889 luce

108 2904 303 2972 divina
348 2910 659 2988 destituta,
705 2910 817 2983 etsi
857 2910 943 2975 ad
973 2910 1377 2995 appetitiones
1405 2906 1468 2974 ἃ·
1497 2910 1883 2995 operationes
1905 2911 2210 2975 inclinata
2241 2923 2348 2990 est,
2384 2923 2592 2977 tamen
2621 2932 2791 2977 coeca
2813 2924 2922 2991 est,
2955 2908 3018 2978 ἃ·

108 3013 224 3059 non
262 2997 347 3061 ad
394 3000 545 3064 tales
589 2998 989 3081 appetitiones
1040 2997 1103 3064 ἃ·
1147 2998 1433 3077 actiones,
1480 3001 1691 3085 quales
1738 3000 1837 3063 lex
1883 2998 2004 3064 Dei
2034 3000 2298 3085 requirit
2322 3000 2620 3066 inclinata
2638 3024 2658 3065 .·
2688 3001 2882 3087 Atque
2903 3001 3020 3066 hac

108 3084 327 3149 ratione
349 3086 787 3153 inclinationes
816 3087 1183 3153 rectitudine
1212 3108 1331 3152 sua
1361 3088 1674 3171 spoliatae,
1702 3108 1821 3152 sua
1843 3098 2061 3170 sponte
2089 3088 2358 3154 existunt
2387 3091 2602 3167 malae,
2635 3088 2698 3155 ἃ·
2721 3110 2868 3155 cum
2893 3090 3018 3175 leqe

111 3169 307 3238 divina
350 3186 662 3259 puynant.
711 3177 1002 3260 Defectus
1046 3186 1257 3241 autem
1302 3175 1395 3241 illi
1436 3177 1507 3240 in
1538 3186 1740 3240 mente
1771 3173 1834 3239 ἃ·
1857 3178 2186 3255 voluntate,
2217 3174 2280 3240 ἃ·
2301 3178 2482 3242 corde
2507 3178 2871 3261 primorum
2895 3199 3016 3258 pa-

109 3271 357 3340 rentum,
404 3276 717 3349 quatenus
761 3266 801 3328 ὰ
848 3265 979 3330 Deo
1026 3264 1415 3351 i-nsliquntur
1458 3264 1613 3349 ipsis
1644 3262 1707 3329 ἃ·
1730 3265 2019 3349 ipsorum
2041 3266 2306 3349 posteris
2314 3267 2529 3350 justae
2558 3277 2709 3331 sunt
2727 3266 2958 3351 peccati
2977 3266 3019 3330 ὰ

106 3351 451 3429 parentibus
493 3352 556 3418 ἃ·
575 3354 617 3416 ὰ
640 3352 839 3417 sobole
868 3354 940 3417 in
960 3352 1327 3437 parentib-us
1356 3352 1642 3431 admissi,
1667 3373 1930 3438 poenae.-
1956 3354 2389 3419 inclinationes
2411 3367 2622 3419 autem
2654 3354 2752 3419 his
2775 3353 3017 3438 delecti·

111 3433 213 3501 bus
253 3440 517 3519 vitiatae,
572 3438 636 3507 ἃ·
686 3442 811 3526 ipsi
840 3441 1128 3526 defectus,
1163 3441 1315 3527 quia
1337 3442 1581 3525 faciunt
1602 3452 1675 3506 ut
1699 3442 1884 3506 homo
1909 3441 2160 3507 divinae
2185 3442 2303 3527 le9i
2324 3462 2524 3529 neque
2545 3444 2625 3507 sit
2650 3442 3014 3526 conformis,

114 3542 289 3611 neque
334 3531 529 3611 possit
560 3550 705 3608 esse,
736 3540 1046 3616 quatenus
1076 3529 1153 3594 ab
1180 3529 1559 3608 hominibus,
1599 3528 1661 3594 a
1690 3530 1810 3594 sibi
1837 3528 1900 3595 st·
1923 3529 2134 3609 soboli,
2157 3530 2466 3614 peccando
2490 3530 2926 3608 attrahuntur,
2957 3527 3022 3595 a

112 3612 179 3675 ab
200 3614 363 3697 ipsis,
391 3616 455 3683 ll·
474 3619 515 3681 ὰ
538 3618 739 3685 sobole
760 3617 1172 3705 recipiuntur,
1203 3616 1268 3683 ἃ·
1292 3618 1571 3705 utrisque
1594 3620 1885 3698 existunt,
1912 3630 2160 3702 peccata
2184 3630 2352 3683 sunt.
2403 3618 2672 3684 Summa
2695 3615 2888 3703 i9itur
2907 3629 3017 3698 est,

112 3704 262 3785 quod
280 3706 319 3768 ὰ
340 3706 473 3771 Deo
496 3718 813 3788 creantur,
838 3706 901 3773 ἃ·
923 3720 1229 3793 tanquam
1246 3727 1402 3791 pars
1424 3707 1647 3772 sobolis
1662 3718 2000 3791 parentum
2012 3718 2349 3792 peccatum,
2371 3708 2724 3791 privatione
2733 3706 3018 3791 justitiae

110 3792 454 3871 puniuntur
476 3795 761 3861 animae:
784 3807 971 3881 atque
998 3797 1192 3861 simul
1220 3796 1375 3860 dum
1398 3797 1519 3861 ista
1549 3798 1733 3883 fiunt,
1764 3796 2124 3879 primorum
2152 3805 2492 3879 parentum
2515 3798 2702 3879 culpa
2723 3814 3013 3861 corrum-

112 3892 347 3961 pantur,
398 3882 461 3949 ἃ·
500 3897 745 3969 peccato
768 3885 1303 3963 contaminantur,
1342 3885 1455 3971 qui
1476 3885 1639 3950 hanc
1662 3885 2080 3969 privationem
2108 3884 2228 3950 sibi
2262 3881 2606 3968 &posteris
2630 3893 2872 3968 peccato
2904 3904 3020 3948 suo

118 3976 499 4053 attraxerant,
540 3975 733 4057 juxta
762 3974 996 4039 dictum
1015 3997 1035 4037 :
1064 3972 1267 4038 Unius
1299 3974 1803 4058 transgressione
1829 3973 2018 4036 multi
2041 3978 2190 4037 sunt
2213 3975 2468 4037 mortui.
2519 3974 2708 4039 Item:
2735 3970 2857 4035 Per
2881 3970 3021 4036 ino·-

118 4052 479 4125 bedientiam
502 4062 689 4126 unius
710 4061 989 4126 hominis
1013 4062 1371 4146 peccatores
1398 4060 1726 4127 constituti
1758 4067 1908 4126 sunt
1932 4060 2140 4125 multi.
2167 4061 2297 4126 Hoc
2319 4060 2672 4127 membrum
2697 4060 3023 4126 divisionis

122 4162 244 4210 cum
266 4148 329 4211 in
355 4151 591 4233 majore
612 4152 918 4216 omissum
943 4151 1040 4230 sit,
1066 4152 1251 4216 nulla
1272 4162 1359 4217 est
1381 4151 1742 4236 arqumenti
1762 4150 2119 4216 consecutio,
2146 4148 2446 4213 Danaeus
2473 4150 2533 4213 3.
2557 4153 2740 4234 parte
2763 4147 3024 4235 Isagog.

124 4250 167 4293 c.
194 4234 285 4299 18.
317 4238 361 4302 St
397 4240 498 4305 19.
516 4240 593 4303 de
617 4261 741 4323 quo
774 4240 1088 4323 imprimis
1112 4240 1381 4323 gaudeO,
1406 4242 1575 4323 quod
1598 4243 1842 4304 exserte
1867 4242 2061 4323 neget
2084 4236 2562 4321 generationem
2586 4261 2723 4303 esse
2747 4260 3024 4319 causam,

124 4320 295 4388 etiam
344 4327 743 4409 quaestiones
775 4328 931 4392 duas
964 4332 1255 4394 accurate
1282 4328 1759 4414 distinguendas
1786 4329 2059 4392 moneat.
2109 4323 2214 4390 Sic
2239 4347 2391 4412 ergo
2421 4326 2531 4391 ille
2555 4350 2607 4392 c.
2647 4328 2746 4393 19.
2781 4350 2844 4411 p.
2883 4328 3023 4393 151.

129 4406 238 4473 Alii
276 4413 535 4503 denique
578 4417 759 4483 aliud
802 4417 1388 4498 comminiscuntur,
1410 4429 1482 4484 ut
1516 4418 1774 4483 modum
1798 4418 1967 4482 hunc
1987 4414 2303 4502 explicent.
2370 4416 2591 4485 Ver-um
2622 4416 2735 4483 hoc
2755 4436 2831 4481 ex
2848 4426 3028 4518 parte

2883 4524 3030 4587 Jam
