3694 4871
629 277 755 340 314
1290 271 2910 340 D1s12.XLDESiuamno-s‘rFusms.

628 461 825 526 Hebr.
853 461 1226 524 Sabbathon
1261 483 1397 524 esse
1426 461 1792 544 singulariS,
1822 459 2133 525 Graecum
2159 458 2508 532 σκββὰτων
2531 459 2799 544 pluralis
2825 461 3094 524 numeri.
3137 460 3302 525 Nolo
3325 463 3530 528 dicere.

623 550 775 634 quid
810 549 1031 634 reponi
1078 553 1325 632 possett
1362 548 1513 632 quia
1562 549 1707 612 nolo
1731 549 1884 612 huic
1908 549 2164 613 criticae
2192 548 2609 632 speculationi
2633 547 2988 612 inhaerere.
3041 547 3112 612 Si
3139 551 3384 614 termini
3417 553 3532 636 typi

624 643 667 705 ἃ
692 640 1071 704 ceremoniae
1097 641 1388 702 accurate
1422 637 1919 720 distinguantur,
1949 638 2376 702 controversia
2400 637 2587 702 facile
2613 636 2871 700 enodari
2897 638 3152 718 poterit,
3180 639 3224 703 a
3247 639 3364 702 erit
3387 638 3532 704 forte

623 727 830 812 magis
854 727 921 791 in
954 726 1185 802 vei-bia,
1212 747 1398 808 qua-m
1448 726 1515 788 iu
1549 749 1615 788 re
1641 725 1801 808 ipsa.
1849 725 2136 801 Quatuor
2161 747 2315 812 ergo
2341 731 2528 790 erunt
2553 724 2994 807 responsiones
3021 727 3102 789 ad
3124 725 3431 809 objectum
3453 729 3531 791 lo-

623 839 767 880 cum
828 816 1053 880 Coloss.
1105 815 1165 876 2.
1218 835 1374 878 ver-3.
1434 813 1533 878 16.
1590 813 1723 878 Aut
1761 814 2250 898 intelligendum
2275 837 2412 878 esse
2436 813 2858 890 Sabbathum,
2885 812 2950 876 h.
2981 835 3032 877 e.
3061 814 3354 878 ultimum
3383 815 3530 879 diem

622 905 950 978 festorum,
980 901 1386 986 peculiariter
1410 904 1455 968 8⁶
1480 902 1743 966 seorsim
1765 925 1890 965 non
1918 902 2052 966 sine
2093 903 2337 967 ratione
2368 906 2824 978 memoratum;
2875 903 3192 984 quomodo
3223 901 3414 967 Marci
3445 905 3531 966 16.

622 1017 785 1057 vers,
814 994 871 1056 7.
898 992 1089 1056 Dicite
1115 991 1440 1074 discipulis
1466 991 1667 1076 ipsius
1698 989 1760 1054 a·
1786 991 1995 1056 Petro,
2029 990 2164 1055 Aut
2195 991 2686 1076 intelligendum
2713 991 2892 1074 [pag.
2929 991 3042 1052 124
3059 990 3132 1076 7]
3157 990 3528 1056 Sab'aathum

623 1079 1102 1158 hebdomadale,
1130 1080 1208 1143 ad
1232 1079 1399 1142 diem
1423 1079 1765 1162 septimum
1792 1081 1829 1142 a
1853 1082 2170 1144 creatione
2196 1080 2708 1144 determinatum.
2759 1077 2894 1142 Aut
2930 1076 3326 1144 Sabbathum
3355 1103 3529 1144 anno·

622 1192 784 1234 rum.
842 1168 967 1232 Aut
1024 1167 1479 1232 hebdomadale
1512 1167 1921 1235 Essenorum.
1972 1169 2082 1251 qui
2123 1173 2196 1232 ut
2223 1167 2350 1232 alia
2373 1169 2578 1232 multa
2611 1166 3056 1251 superstitiose
3090 1165 3410 1232 Sabbatha
3432 1191 3527 1233 sua

626 1257 983 1322 servabant.
1032 1254 1289 1340 Respici
1337 1259 1553 1320 autem
1600 1255 1713 1319 illo
1760 1256 1966 1339 capite
2011 1255 2306 1334 EssenOS,
2355 1279 2482 1320 non
2529 1256 2692 1320 male
2738 1255 3125 1320 observabat
3171 1257 3434 1342 Scaliqer
3477 1259 3526 1322 in

628 1346 891 1412 Elenclzo
922 1345 1240 1409 trihaeres.
1273 1365 1406 1429 cap.
1436 1345 1539 1408 27.
1985 1355 1990 1360 “

713 1433 779 1503 7.
829 1433 1309 1518 Respondemus
1356 1455 1522 1497 nunc
1570 1433 1647 1497 ad
1698 1433 1944 1516 aliquot
1975 1434 2412 1516 problemata3
2440 1455 2708 1519 quorum
2761 1435 2815 1496 1.
2851 1431 2948 1496 An
2983 1434 3096 1516 qui
3121 1433 3396 1498 sentiunt
3427 1435 3530 1497 hu·

625 1528 812 1586 mana
836 1546 947 1586 seu
978 1521 1406 1586 ecclesiastica
1438 1521 1889 1586 constitutione
1916 1521 2304 1588 sabbathum
2323 1523 2758 1587 Christianum
2785 1521 2863 1584 ad
2888 1521 3056 1585 diem
3087 1523 3354 1605 primum
3379 1522 3529 1586 heb-

621 1611 904 1676 domadis
953 1612 1334 1688 traductum,
1383 1609 1430 1674 St
1476 1613 1933 1693 consequenter
1981 1632 2094 1693 pro
2126 1611 2425 1676 libertate
2453 1609 2775 1675 Ecclesiae
2806 1610 3142 1687 mutabile,
3168 1609 3378 1694 aliquo
3401 1633 3524 1675 cum

622 1700 1034 1763 fundamento
1078 1698 1369 1762 homines
1418 1699 1773 1783 astringere
1820 1700 2066 1782 possint
2098 1701 2176 1762 ad
2205 1699 2573 1784 religiosam
2604 1697 2905 1762 sabbathi
2930 1698 3529 1763 sanctificationem?

622 1790 873 1875 Affirm.
923 1787 1235 1870 quomodo
1284 1787 1361 1850 ad
1386 1788 1954 1851 sanctificationem
1980 1787 2464 1852 extraordinarii
2493 1785 2734 1871 jejunii,
2766 1787 2986 1865 semel,
3014 1791 3130 1850 aut
3159 1810 3273 1870 per
3297 1787 3530 1870 aliquod

624 1882 875 1960 tempus
904 1879 1075 1940 certo
1100 1874 1199 1939 die
1226 1876 1528 1959 cujusque
1552 1875 1988 1940 hebdomadae
2013 1897 2119 1940 eos
2143 1877 2516 1941 hortantur:
2553 1875 2719 1958 quod
2743 1875 2810 1938 in
2842 1896 3079 1958 genere
3115 1879 3154 1940 a
3175 1875 3311 1939 Deo
3333 1881 3423 1939 est
3447 1875 3532 1938 in·

624 1965 942 2044 stitutum,
993 1964 1282 2048 quamvis
1330 1964 1394 2027 in
1444 1965 1651 2048 specie
1677 1964 2022 2046 applicatio
2047 1966 2180 2050 ejus
2207 1966 2285 2029 ad
2311 1966 2506 2029 talem
2531 1963 2698 2027 diem
2725 1963 3082 2046 dependeat
3107 1964 3188 2027 ab
3215 1963 3534 2028 autoritate

620 2055 919 2118 humana.
974 2053 1419 2137 Applicatione
1445 2057 1661 2116 tamen
1694 2052 1866 2116 facta
1890 2053 1969 2116 ab
1996 2052 2124 2117 illis
2151 2055 2383 2138 quibus
2407 2056 2692 2137 potestas
2723 2051 3052 2134 comsetit,
3079 2055 3374 2117 tenentur
3397 2052 3534 2116 fide·

626 2144 711 2206 les
760 2143 925 2206 diem
979 2142 1163 2205 illum
1215 2140 1511 2227 religiose
1559 2142 1916 2226 transigere
1965 2142 2010 2205 a
2035 2142 2113 2205 ab
2139 2142 2436 2207 omnibus
2461 2140 2936 2224 impedimentis
2961 2140 3304 2204 abstinere.
3351 2139 3532 2205 Sicuti

625 2230 1016 2314 principatus
1053 2234 1165 2294 aut
1190 2229 1607 2316 magistra-tus
1632 2231 1775 2315 jure
1809 2229 2024 2293 divino
2049 2230 2402 2308 institutus,
2429 2230 2607 2312 cujus
2634 2228 2979 2313 applicatio
3007 2228 3180 2293 facta
3205 2233 3301 2293 est
3323 2252 3429 2313 per
3449 2229 3536 2292 iu—

620 2323 981 2384 terventum
1005 2317 1337 2382 hominum
1363 2318 1443 2382 ad
1466 2341 1803 2402 personam
1828 2317 1988 2383 Titii
2013 2323 2124 2383 aut
2147 2317 2404 2397 Maevii,
2430 2318 2645 2382 debito
2669 2317 2908 2381 honore
2933 2317 3235 2382 colendus
3267 2322 3382 2381 est.
3423 2315 3536 2380 Mi-

620 2408 789 2472 nime
815 2412 872 2472 tr
884 2430 1031 2473 men
1055 2408 1438 2493 negandum,
1474 2407 1750 2471 rationes
1776 2429 2016 2487 eorum,
2051 2407 2162 2491 qui
2185 2407 2626 2472 immediatum
2644 2407 2750 2490 jus
2775 2405 3064 2470 divinum
3091 2406 3536 2473 &immutabile

622 2497 727 2561 hic
750 2498 1123 2583 agnoscunt,
1150 2496 1379 2561 fortius
1412 2516 1660 2581 urgere.
1710 2494 1775 2560 II
1824 2496 1926 2560 An
1950 2501 2283 2561 teneamur
2305 2497 2474 2561 diem
2499 2494 2814 2559 Sabbathi
2839 2516 3016 2558 more
3043 2494 3086 2559 J
3091 2494 3314 2559 udaico
3337 2494 3538 2559 incho-

622 2609 727 2649 are
754 2590 791 2651 a
817 2590 1077 2669 vespera
1102 2586 1533 2668 praecedentis
1560 2585 1732 2648 diei?
1784 2586 1963 2670 Resp.
1993 2587 2138 2671 Νερ-
2165 2584 2484 2649 Pontificii
2509 2584 2584 2647 de
2616 2585 2961 2649 Consecrat.
2988 2584 3135 2649 dist.
3164 2585 3226 2648 3.
3251 2606 3381 2669 cap.
3401 2605 3538 2670 pro·

622 2676 1080 2741 nuntiandum.
1111 2673 1161 2739 A
1169 2678 1239 2761 ff
1275 2672 1398 2749 Qui
1422 2677 1635 2737 tamen
1662 2696 1805 2737 eum
1831 2672 2111 2757 incipere
2135 2678 2179 2740 δι
2213 2672 2542 2738 terminari
2578 2673 2799 2737 volunt
2827 2672 3096 2736 diversis
3122 2671 3299 2737 horis
3325 2694 3430 2757 pro
3451 2672 3538 2735 di·

621 2785 800 2827 verso
824 2767 1132 2846 respectu.
1190 2764 1520 2845 Quantum
1542 2762 1628 2827 ad
1651 2762 1837 2850 officii
1861 2762 2345 2841 celebrationem,
2373 2760 2608 2847 (inquit
2633 2759 2948 2824 vivianus
2973 2760 3090 2826 lib.
3120 2762 3180 2824 2.
3199 2759 3535 2825 Rationalis

615 2850 778 2935 juris
803 2851 1098 2915 Canonici
1127 2851 1226 2914 tit.
1254 2850 1343 2933 9.)
1370 2851 1588 2934 incipit
1612 2852 1653 2913 ἀ
1676 2852 1945 2934 vesperis
1969 2864 2039 2916 ut
2064 2852 2181 2930 hic,
2208 2851 2268 2916 a·
2293 2850 2462 2914 infra
2494 2872 2630 2933 cap.
2667 2849 2935 2933 proxim.
2975 2850 3536 2933 Quoadjttdiciam,

622 2939 837 3023 incipit
884 2940 953 3003 in
1006 2960 1211 3017 mane,
1253 2937 1317 3004 a
1348 2940 1726 3004 terminatur
1750 2940 1819 3003 in
1842 2941 1970 3027 fine
1991 2940 2116 3005 diei
2139 2952 2284 3005 ante
2306 2940 2501 3004 noctis
2527 2938 2829 3004 tenebras.
2854 2960 2906 3002 c.
2935 2938 3262 3002 consuluit
3291 2939 3366 3003 de
3388 2937 3535 3003 offic.

622 3028 827 3112 deleg.
848 3030 945 3094 &a
979 3028 1202 3110 Quoad
1217 3040 1589 3106 contractus,
1616 3039 1999 3107 testamenta,
2021 3029 2470 3093 transactiones
2491 3026 2554 3092 ἃ*
2571 3027 2827 3106 similia,
2847 3027 3069 3112 incipit
3084 3030 3126 3091 ὰ
3143 3027 3350 3092 inedia
3369 3038 3534 3101 nocte,

623 3118 684 3181 a·
735 3118 864 3181 alia
912 3118 1117 3181 medici
1164 3130 1334 3181 nocte
1362 3118 1607 3205 finitur,
1635 3118 1693 3180 d.
1721 3140 1772 3180 c.
1809 3117 2127 3181 consuluit
2158 3118 2203 3182 a
2229 3116 2295 3179 L.
2323 3138 2498 3180 more
2522 3114 2807 3180 Romano
2839 3116 2908 3180 ff.
2937 3116 3074 3180 eod.
3131 3118 3357 3198 Quoad
3381 3136 3530 3180 esum

621 3212 911 3271 carnium
960 3205 1177 3291 incipit
1216 3206 1345 3269 dies
1374 3218 1512 3289 post
1537 3226 1810 3279 coenam,
1841 3205 2255 3290 intelliyendO,
2281 3205 2452 3291 quod
2473 3225 2660 3270 coena
2683 3206 2794 3292 fiat
2817 3216 2962 3269 ante
2985 3204 3264 3269 mediam
3287 3216 3498 3270 noctem
3513 3226 3535 3277 ,-

622 3293 685 3361 ἃ·
728 3295 815 3359 sic
870 3294 1083 3378 incipit
1129 3295 1169 3357 ὰ
1205 3294 1405 3358 medici
1430 3306 1601 3360 nocte
1638 3291 1701 3359 ἃ·
1724 3294 1914 3359 durat
1939 3315 2135 3379 usqae
2157 3294 2242 3359 ad
2264 3292 2616 3359 diluculum
2649 3294 2845 3357 noetis
2881 3294 3218 3379 sequentis,
3245 3316 3299 3357 c.
3323 3294 3397 3357 de
3417 3315 3532 3360 esu.

623 3383 699 3447 de
725 3387 1068 3448 consecrat.
1098 3381 1241 3446 dist.
1270 3386 1327 3445 3.
1357 3386 1401 3449 δι
1428 3381 1630 3447 Gloss.
1659 3382 1750 3446 ibi
1775 3382 1837 3445 in
1859 3383 1966 3445 fin.
2002 3381 2224 3466 Quoad
2249 3394 2552 3467 treaqam,
2573 3383 2785 3467 incipit
2809 3381 2886 3447 ab
2911 3394 3060 3447 orta
3083 3382 3256 3461 solis,
3286 3380 3350 3448 ἃ·
3371 3382 3536 3447 dam

618 3492 735 3556 per
788 3484 973 3537 totam
1024 3482 1279 3536 noctem.
1318 3494 1369 3536 c.
1396 3472 1471 3535 de
1496 3474 1706 3556 treug.
1735 3474 1780 3536 &
1805 3494 1945 3555 pac.
1971 3469 2076 3535 Sic
2101 3470 2358 3554 quidem
2389 3470 2728 3535 Pontificii.
2779 3468 2904 3535 Sed
2929 3493 3046 3535 nos
3073 3470 3324 3535 nullam
3351 3470 3532 3554 legem

624 3561 927 3625 moralem
976 3564 1021 3627 a
1068 3559 1560 3636 immutabilem,
1614 3560 1856 3623 nullam
1907 3560 2216 3624 rationem
2251 3582 2324 3622 ex
2351 3558 2592 3624 lumine
2617 3562 2826 3638 &jure
2851 3560 3140 3623 naturali
3163 3559 3534 3643 depromtam

621 3648 891 3732 proferri
918 3648 1220 3725 videmUS,
1248 3653 1374 3731 qua
1397 3647 1477 3711 ad
1492 3648 1664 3711 hunc
1680 3648 1924 3711 dierum
1941 3652 2309 3732 computum
2325 3648 2838 3731 constringamur
2855 3670 2869 3711 :
2897 3646 3016 3711 III.
3045 3647 3156 3711 An
3171 3646 3532 3712 sabbathum

624 3736 1059 3801 Christianum
1106 3736 1389 3819 requirat
1442 3735 1609 3800 diem
1652 3736 1753 3799 24.
1782 3736 2106 3816 horarum,
2133 3760 2242 3801 seu
2277 3739 2654 3815 νυχθήμερον
2673 3741 2703 3801 P
2754 3737 2932 3819 Resp.
2958 3734 3169 3801 Video
3192 3736 3318 3801 hoc
3339 3740 3376 3799 a
3397 3756 3534 3800 non·

622 3826 815 3889 nullis
840 3825 1069 3903 asseri;
1097 3826 1206 3890 sed
1230 3825 1506 3889 rationes
1532 3824 1801 3907 requirO.
1830 3823 1971 3889 Hoc
2001 3830 2099 3890 est
2123 3824 2560 3889 desubstantia
2591 3824 2889 3890 sabbathi
2913 3828 2986 3888 ut
3018 3847 3135 3888 sex
3157 3826 3382 3889 diebus
3401 3846 3532 3906 ope·

626 3914 881 3979 ratoriis
912 3914 1006 3978 ita
1030 3914 1281 3998 loquar)
1307 3914 1439 3977 dies
1471 3912 1704 3997 quietis
1738 3913 2050 3978 succedat.
2097 3912 2140 3979 J
2143 3936 2247 3977 am
2273 3936 2420 3979 vero
2445 3912 2786 3997 operatorii
2819 3912 2952 3977 dies
2977 3912 3078 3977 illi
3105 3918 3258 3978 suut
3289 3912 3534 3977 lationes

626 4001 777 4065 solis
822 4024 1010 4086 super
1056 4006 1329 4079 terram3
1371 4024 1485 4066 nec
1517 4006 1765 4086 partem
1789 4002 1880 4066 ibi
1912 4002 2068 4067 facit
2093 4024 2215 4066 nox
2236 4024 2250 4066 ε
2272 4003 2456 4088 juxta
2481 4001 2641 4066 illud
2662 4002 2797 4067 Joh.
2826 4002 2882 4063 9.
2915 4002 2976 4065 4.
3005 4004 3052 4068 ἃ
3081 4002 3187 4065 11.
3213 4002 3278 4065 9.
3302 4002 3350 4067 ἃ
3379 4000 3531 4069 Pul.

631 4088 777 4152 104.
820 4110 875 4154 v.
927 4090 1107 4166 Quod
1139 4095 1354 4155 autem
1379 4090 1422 4155 J
1428 4090 1611 4154 udaei
1638 4088 2068 4168 νυχθημερινῆν
2089 4091 2372 4174 quietem
2396 4094 2745 4171 servarunt,
2777 4091 2824 4156 a
2847 4090 3110 4173 quidem
3137 4090 3318 4178 [pag.
3351 4086 3532 4172 1148]

628 4176 982 4258 incipiendo
1030 4182 1067 4242 a
1120 4183 1401 4262 vespera,
1450 4180 1527 4242 ad
1584 4179 2075 4243 substantialem
2123 4179 2259 4263 ejus
2305 4179 2868 4244 sanctificationem
2915 4180 2962 4244 St
3017 4178 3534 4263 proportionalem

627 4263 863 4327 laboris
909 4287 982 4328 ac
1005 4267 1237 4348 quietis
1267 4266 1676 4349 partitionem
1700 4266 1865 4330 nihil
1889 4267 2186 4333 faciebat.
2235 4267 2466 4333 Labori
2497 4267 2662 4332 enim
2692 4266 3010 4332 ordinario
3041 4266 3374 4333 hominum
3395 4265 3532 4342 dies,

631 4348 751 4413 hoc
798 4354 914 4430 est,
962 4352 1121 4415 illud
1145 4354 1448 4438 temporis
1470 4355 1748 4439 spatium
1779 4355 2166 4421 destinatum
2192 4360 2308 4437 est,
2335 4356 2504 4442 quod
2527 4360 2566 4421 a
2597 4359 2779 4422 nocte
2801 4355 3178 4421 distinctum
3200 4360 3332 4421 est:
3357 4353 3446 4505 uti
3465 4374 3534 4453 ⁰2¹

3419 4462 3534 4507 ocis

3605 4148 3650 4835 Υ
