<?xml version="1.0" encoding="UTF-8"?>
<!DOCTYPE html PUBLIC "-//W3C//DTD XHTML 1.0 Transitional//EN"
    "http://www.w3.org/TR/xhtml1/DTD/xhtml1-transitional.dtd">
<html xmlns="http://www.w3.org/1999/xhtml" xml:lang="en" lang="en">
 <head>
  <title>
</title>
<meta http-equiv="Content-Type" content="text/html;charset=utf-8" />
  <meta name='ocr-system' content='tesseract 3.04.00' />
  <meta name='ocr-capabilities' content='ocr_page ocr_carea ocr_par ocr_line ocrx_word'/>
</head>
<body>
  <div class='ocr_page' id='page_1' title='image "./selectarumdispu00kuypgoog_0168.png"; bbox 0 0 3694 4871; ppageno 0'>
   <div class='ocr_carea' id='block_1_1' title="bbox 1762 0 3178 8">
    <p class='ocr_par' dir='ltr' id='par_1_1' title="bbox 1762 0 3178 8">
     <span class='ocr_line' id='line_1_1' title="bbox 1762 0 3178 8; baseline 0 0"><span class='ocrx_word' id='word_1_1' title='bbox 1762 0 3178 8; x_wconf 95' lang='lat' dir='ltr'> </span> 
     </span>
    </p>
   </div>
   <div class='ocr_carea' id='block_1_2' title="bbox 414 328 3039 405">
    <p class='ocr_par' dir='ltr' id='par_1_2' title="bbox 414 328 3039 405">
     <span class='ocr_line' id='line_1_2' title="bbox 414 328 3039 405; baseline 0.001 -12"><span class='ocrx_word' id='word_1_2' title='bbox 414 330 624 395; x_wconf 71' lang='lat' dir='ltr'>Duse.</span> <span class='ocrx_word' id='word_1_3' title='bbox 672 328 752 395; x_wconf 94' lang='lat' dir='ltr'>V.</span> <span class='ocrx_word' id='word_1_4' title='bbox 825 330 938 395; x_wconf 66' lang='lat' dir='ltr'>AN</span> <span class='ocrx_word' id='word_1_5' title='bbox 987 330 1357 395; x_wconf 74' lang='lat' dir='ltr'>Cnsisrus</span> <span class='ocrx_word' id='word_1_6' title='bbox 1404 354 1544 405; x_wconf 81' lang='lat' dir='ltr'>QUA</span> <span class='ocrx_word' id='word_1_7' title='bbox 1595 332 2019 395; x_wconf 69' lang='grc' dir='ltr'>ΜευιΛϊοκ</span> <span class='ocrx_word' id='word_1_8' title='bbox 2068 354 2180 395; x_wconf 77' lang='lat' dir='ltr'>s1&#39;r</span> <span class='ocrx_word' id='word_1_9' title='bbox 2228 338 2729 397; x_wconf 59' lang='grc' dir='ltr'>ΑυοκΛΝυυεὶ)</span> <span class='ocrx_word' id='word_1_10' title='bbox 2916 332 3039 397; x_wconf 84' lang='grc'>137</span> 
     </span>
    </p>
   </div>
   <div class='ocr_carea' id='block_1_3' title="bbox 137 516 3063 4522">
    <p class='ocr_par' dir='ltr' id='par_1_3' title="bbox 137 516 3063 4522">
     <span class='ocr_line' id='line_1_3' title="bbox 142 516 3034 604; baseline -0 -19"><span class='ocrx_word' id='word_1_11' title='bbox 142 522 178 585; x_wconf 73' lang='grc' dir='ltr'>δε</span> <span class='ocrx_word' id='word_1_12' title='bbox 223 516 564 601; x_wconf 73' lang='lat' dir='ltr'>legitimam</span> <span class='ocrx_word' id='word_1_13' title='bbox 615 518 1044 583; x_wconf 81' lang='lat' dir='ltr'>defensionem</span> <span class='ocrx_word' id='word_1_14' title='bbox 1101 521 1236 603; x_wconf 83' lang='lat' dir='ltr'>ejus</span> <span class='ocrx_word' id='word_1_15' title='bbox 1291 520 1506 603; x_wconf 83' lang='lat' dir='ltr'>aliqua</span> <span class='ocrx_word' id='word_1_16' title='bbox 1529 521 1774 585; x_wconf 83' lang='lat' dir='ltr'>ratione</span> <span class='ocrx_word' id='word_1_17' title='bbox 1802 544 1899 604; x_wconf 71' lang='lat' dir='ltr'>pen</span> <span class='ocrx_word' id='word_1_18' title='bbox 1918 518 2197 584; x_wconf 82' lang='lat' dir='ltr'>turbare.</span> <span class='ocrx_word' id='word_1_19' title='bbox 2246 519 2709 603; x_wconf 82' lang='lat' dir='ltr'>Applicandum</span> <span class='ocrx_word' id='word_1_20' title='bbox 2738 542 2883 583; x_wconf 89' lang='lat' dir='ltr'>vero</span> <span class='ocrx_word' id='word_1_21' title='bbox 2915 522 3034 585; x_wconf 86' lang='lat' dir='ltr'>hoc</span> 
     </span>
     <span class='ocr_line' id='line_1_4' title="bbox 141 606 3025 693; baseline 0.002 -26"><span class='ocrx_word' id='word_1_22' title='bbox 141 607 280 691; x_wconf 84' lang='lat' dir='ltr'>parti</span> <span class='ocrx_word' id='word_1_23' title='bbox 325 606 694 685; x_wconf 73' lang='lat' dir='ltr'>affirmanti,</span> <span class='ocrx_word' id='word_1_24' title='bbox 734 608 932 691; x_wconf 84' lang='lat' dir='ltr'>probo</span> <span class='ocrx_word' id='word_1_25' title='bbox 957 609 1098 672; x_wconf 87' lang='lat' dir='ltr'>istis</span> <span class='ocrx_word' id='word_1_26' title='bbox 1127 608 1512 673; x_wconf 84' lang='lat' dir='ltr'>rationibus:</span> <span class='ocrx_word' id='word_1_27' title='bbox 1541 633 1809 693; x_wconf 85' lang='lat' dir='ltr'>quarum</span> <span class='ocrx_word' id='word_1_28' title='bbox 1864 609 2119 673; x_wconf 76' lang='lat' dir='ltr'>Prima-.-</span> <span class='ocrx_word' id='word_1_29' title='bbox 2151 608 2301 691; x_wconf 83' lang='lat' dir='ltr'>quia</span> <span class='ocrx_word' id='word_1_30' title='bbox 2328 612 2696 692; x_wconf 85' lang='lat' dir='ltr'>pervertunt</span> <span class='ocrx_word' id='word_1_31' title='bbox 2722 609 3025 672; x_wconf 82' lang='lat' dir='ltr'>terminos</span> 
     </span>
     <span class='ocr_line' id='line_1_5' title="bbox 141 696 3033 783; baseline 0 -23"><span class='ocrx_word' id='word_1_32' title='bbox 141 696 342 760; x_wconf 78' lang='lat' dir='ltr'>artium</span> <span class='ocrx_word' id='word_1_33' title='bbox 393 696 455 759; x_wconf 88' lang='lat' dir='ltr'>in</span> <span class='ocrx_word' id='word_1_34' title='bbox 500 696 742 761; x_wconf 87' lang='lat' dir='ltr'>scholis</span> <span class='ocrx_word' id='word_1_35' title='bbox 765 697 1060 761; x_wconf 85' lang='lat' dir='ltr'>omnibus</span> <span class='ocrx_word' id='word_1_36' title='bbox 1087 697 1376 777; x_wconf 84' lang='lat' dir='ltr'>usitatos,</span> <span class='ocrx_word' id='word_1_37' title='bbox 1403 701 1448 765; x_wconf 73' lang='grc' dir='ltr'>δι</span> <span class='ocrx_word' id='word_1_38' title='bbox 1473 700 1554 763; x_wconf 84' lang='lat' dir='ltr'>ad</span> <span class='ocrx_word' id='word_1_39' title='bbox 1577 698 2031 783; x_wconf 73' lang='lat' dir='ltr'>explicationes</span> <span class='ocrx_word' id='word_1_40' title='bbox 2056 722 2131 763; x_wconf 85' lang='lat' dir='ltr'>ac</span> <span class='ocrx_word' id='word_1_41' title='bbox 2155 697 2616 781; x_wconf 73' lang='lat' dir='ltr'>disputationes</span> <span class='ocrx_word' id='word_1_42' title='bbox 2643 697 3033 783; x_wconf 77' lang='lat' dir='ltr'>theologicas</span> 
     </span>
     <span class='ocr_line' id='line_1_6' title="bbox 141 784 3035 872; baseline 0 -23"><span class='ocrx_word' id='word_1_43' title='bbox 141 784 396 849; x_wconf 79' lang='lat' dir='ltr'>adhiberi</span> <span class='ocrx_word' id='word_1_44' title='bbox 421 785 665 849; x_wconf 68' lang='lat' dir='ltr'>solitos.</span> <span class='ocrx_word' id='word_1_45' title='bbox 693 786 874 861; x_wconf 82' lang='lat' dir='ltr'>Quod</span> <span class='ocrx_word' id='word_1_46' title='bbox 901 786 1004 850; x_wconf 92' lang='lat' dir='ltr'>hic</span> <span class='ocrx_word' id='word_1_47' title='bbox 1029 790 1289 871; x_wconf 73' lang='lat' dir='ltr'>operose</span> <span class='ocrx_word' id='word_1_48' title='bbox 1315 810 1439 851; x_wconf 91' lang='lat' dir='ltr'>non</span> <span class='ocrx_word' id='word_1_49' title='bbox 1465 787 1875 872; x_wconf 85' lang='lat' dir='ltr'>probabimus</span> <span class='ocrx_word' id='word_1_50' title='bbox 1896 811 1911 863; x_wconf 83' lang='lat'><em>3</em></span> <span class='ocrx_word' id='word_1_51' title='bbox 1946 788 2055 851; x_wconf 85' lang='lat' dir='ltr'>sed</span> <span class='ocrx_word' id='word_1_52' title='bbox 2080 810 2494 871; x_wconf 75' lang='lat' dir='ltr'>provocamus</span> <span class='ocrx_word' id='word_1_53' title='bbox 2519 788 2597 850; x_wconf 91' lang='lat' dir='ltr'>ad</span> <span class='ocrx_word' id='word_1_54' title='bbox 2623 786 3035 869; x_wconf 82' lang='lat' dir='ltr'>philosophos</span> 
     </span>
     <span class='ocr_line' id='line_1_7' title="bbox 139 872 3033 961; baseline -0.001 -21"><span class='ocrx_word' id='word_1_55' title='bbox 139 876 178 940; x_wconf 65' lang='grc' dir='ltr'>ἃ</span> <span class='ocrx_word' id='word_1_56' title='bbox 225 872 570 958; x_wconf 81' lang='lat' dir='ltr'>Theologos</span> <span class='ocrx_word' id='word_1_57' title='bbox 619 874 1092 959; x_wconf 81' lang='lat' dir='ltr'>philosophicos</span> <span class='ocrx_word' id='word_1_58' title='bbox 1148 898 1258 940; x_wconf 90' lang='lat' dir='ltr'>seu</span> <span class='ocrx_word' id='word_1_59' title='bbox 1285 876 1716 957; x_wconf 61' lang='lat' dir='ltr'>scholastico-⁴3,</span> <span class='ocrx_word' id='word_1_60' title='bbox 1751 899 2274 961; x_wconf 85' lang='lat' dir='ltr'>quarumcunque</span> <span class='ocrx_word' id='word_1_61' title='bbox 2299 876 2361 939; x_wconf 91' lang='lat' dir='ltr'>in</span> <span class='ocrx_word' id='word_1_62' title='bbox 2391 875 2703 959; x_wconf 78' lang='lat' dir='ltr'>religione</span> <span class='ocrx_word' id='word_1_63' title='bbox 2736 876 3033 957; x_wconf 87' lang='lat' dir='ltr'>partium.</span> 
     </span>
     <span class='ocr_line' id='line_1_8' title="bbox 141 962 3038 1050; baseline 0.001 -24"><span class='ocrx_word' id='word_1_64' title='bbox 141 962 315 1045; x_wconf 73' lang='lat' dir='ltr'>Atqui</span> <span class='ocrx_word' id='word_1_65' title='bbox 361 962 506 1027; x_wconf 85' lang='lat' dir='ltr'>talis</span> <span class='ocrx_word' id='word_1_66' title='bbox 551 964 809 1041; x_wconf 77' lang='lat' dir='ltr'>abusuS,</span> <span class='ocrx_word' id='word_1_67' title='bbox 837 968 950 1027; x_wconf 87' lang='lat' dir='ltr'>aut</span> <span class='ocrx_word' id='word_1_68' title='bbox 973 965 1250 1029; x_wconf 89' lang='lat' dir='ltr'>detorsio</span> <span class='ocrx_word' id='word_1_69' title='bbox 1281 966 1720 1045; x_wconf 88' lang='lat' dir='ltr'>terminorum,</span> <span class='ocrx_word' id='word_1_70' title='bbox 1747 966 1937 1050; x_wconf 90' lang='lat' dir='ltr'>objici</span> <span class='ocrx_word' id='word_1_71' title='bbox 1964 969 2179 1049; x_wconf 87' lang='lat' dir='ltr'>posset</span> <span class='ocrx_word' id='word_1_72' title='bbox 2204 964 2581 1029; x_wconf 85' lang='lat' dir='ltr'>adversariis</span> <span class='ocrx_word' id='word_1_73' title='bbox 2614 962 2967 1029; x_wconf 86' lang='lat' dir='ltr'>Socinianis</span> <span class='ocrx_word' id='word_1_74' title='bbox 2992 965 3038 1029; x_wconf 69' lang='grc' dir='ltr'>δ’,</span> 
     </span>
     <span class='ocr_line' id='line_1_9' title="bbox 142 1050 3036 1139; baseline 0.001 -24"><span class='ocrx_word' id='word_1_75' title='bbox 142 1050 734 1129; x_wconf 73' lang='lat' dir='ltr'>RenionstrantibuS,</span> <span class='ocrx_word' id='word_1_76' title='bbox 781 1057 1088 1137; x_wconf 85' lang='lat' dir='ltr'>tanquam</span> <span class='ocrx_word' id='word_1_77' title='bbox 1127 1053 1382 1139; x_wconf 82' lang='lat' dir='ltr'>signum</span> <span class='ocrx_word' id='word_1_78' title='bbox 1409 1055 1779 1139; x_wconf 77' lang='lat' dir='ltr'>desperatae</span> <span class='ocrx_word' id='word_1_79' title='bbox 1805 1078 2052 1120; x_wconf 84' lang='lat' dir='ltr'>causae.</span> <span class='ocrx_word' id='word_1_80' title='bbox 2102 1055 2405 1124; x_wconf 78' lang='lat' dir='ltr'>Secunda,</span> <span class='ocrx_word' id='word_1_81' title='bbox 2434 1053 2585 1137; x_wconf 87' lang='lat' dir='ltr'>quia</span> <span class='ocrx_word' id='word_1_82' title='bbox 2610 1076 2754 1117; x_wconf 86' lang='lat' dir='ltr'>cum</span> <span class='ocrx_word' id='word_1_83' title='bbox 2780 1054 3036 1118; x_wconf 89' lang='lat' dir='ltr'>termini</span> 
     </span>
     <span class='ocr_line' id='line_1_10' title="bbox 140 1141 3037 1229; baseline 0.001 -26"><span class='ocrx_word' id='word_1_84' title='bbox 140 1162 246 1203; x_wconf 86' lang='lat' dir='ltr'>non</span> <span class='ocrx_word' id='word_1_85' title='bbox 289 1144 536 1205; x_wconf 85' lang='lat' dir='ltr'>tantum</span> <span class='ocrx_word' id='word_1_86' title='bbox 580 1141 696 1206; x_wconf 90' lang='lat' dir='ltr'>illa</span> <span class='ocrx_word' id='word_1_87' title='bbox 741 1143 1006 1221; x_wconf 89' lang='lat' dir='ltr'>ratione,</span> <span class='ocrx_word' id='word_1_88' title='bbox 1057 1166 1185 1227; x_wconf 86' lang='lat' dir='ltr'>qua</span> <span class='ocrx_word' id='word_1_89' title='bbox 1215 1165 1327 1207; x_wconf 87' lang='lat' dir='ltr'>nos</span> <span class='ocrx_word' id='word_1_90' title='bbox 1361 1144 1724 1228; x_wconf 82' lang='lat' dir='ltr'>accipimus,</span> <span class='ocrx_word' id='word_1_91' title='bbox 1759 1144 2108 1229; x_wconf 88' lang='lat' dir='ltr'>accipiendi</span> <span class='ocrx_word' id='word_1_92' title='bbox 2133 1147 2315 1221; x_wconf 87' lang='lat' dir='ltr'>sunt;</span> <span class='ocrx_word' id='word_1_93' title='bbox 2342 1143 2452 1207; x_wconf 90' lang='lat' dir='ltr'>sed</span> <span class='ocrx_word' id='word_1_94' title='bbox 2476 1145 2521 1209; x_wconf 73' lang='grc' dir='ltr'>δι</span> <span class='ocrx_word' id='word_1_95' title='bbox 2547 1142 2669 1226; x_wconf 88' lang='lat' dir='ltr'>ipsi</span> <span class='ocrx_word' id='word_1_96' title='bbox 2695 1142 3037 1207; x_wconf 87' lang='lat' dir='ltr'>adversarii</span> 
     </span>
     <span class='ocr_line' id='line_1_11' title="bbox 137 1228 3037 1315; baseline 0.001 -23"><span class='ocrx_word' id='word_1_97' title='bbox 137 1228 430 1293; x_wconf 84' lang='lat' dir='ltr'>Sociniani</span> <span class='ocrx_word' id='word_1_98' title='bbox 455 1232 502 1297; x_wconf 55' lang='grc' dir='ltr'>ἔτι</span> <span class='ocrx_word' id='word_1_99' title='bbox 536 1228 1060 1296; x_wconf 80' lang='lat' dir='ltr'>Remonstrantes</span> <span class='ocrx_word' id='word_1_100' title='bbox 1091 1232 1314 1297; x_wconf 87' lang='lat' dir='ltr'>eadem</span> <span class='ocrx_word' id='word_1_101' title='bbox 1337 1232 1576 1298; x_wconf 87' lang='lat' dir='ltr'>usitata</span> <span class='ocrx_word' id='word_1_102' title='bbox 1601 1256 1673 1297; x_wconf 87' lang='lat' dir='ltr'>ac</span> <span class='ocrx_word' id='word_1_103' title='bbox 1696 1233 2117 1297; x_wconf 89' lang='lat' dir='ltr'>communiter</span> <span class='ocrx_word' id='word_1_104' title='bbox 2140 1236 2394 1315; x_wconf 82' lang='lat' dir='ltr'>recepta</span> <span class='ocrx_word' id='word_1_105' title='bbox 2410 1231 2667 1295; x_wconf 86' lang='lat' dir='ltr'>notione</span> <span class='ocrx_word' id='word_1_106' title='bbox 2687 1231 3037 1315; x_wconf 80' lang='lat' dir='ltr'>accipiant:</span> 
     </span>
     <span class='ocr_line' id='line_1_12' title="bbox 143 1318 3039 1405; baseline 0.001 -24"><span class='ocrx_word' id='word_1_107' title='bbox 143 1318 370 1383; x_wconf 83' lang='lat' dir='ltr'>fallacia</span> <span class='ocrx_word' id='word_1_108' title='bbox 417 1318 866 1404; x_wconf 85' lang='lat' dir='ltr'>homonymiae</span> <span class='ocrx_word' id='word_1_109' title='bbox 915 1321 1406 1405; x_wconf 79' lang='lat' dir='ltr'>&amp;ignorationis</span> <span class='ocrx_word' id='word_1_110' title='bbox 1432 1322 1682 1387; x_wconf 88' lang='lat' dir='ltr'>elenchi</span> <span class='ocrx_word' id='word_1_111' title='bbox 1709 1323 1925 1387; x_wconf 90' lang='lat' dir='ltr'>ludere</span> <span class='ocrx_word' id='word_1_112' title='bbox 1951 1345 2023 1387; x_wconf 86' lang='lat' dir='ltr'>ac</span> <span class='ocrx_word' id='word_1_113' title='bbox 2047 1320 2468 1405; x_wconf 86' lang='lat' dir='ltr'>praevaricari</span> <span class='ocrx_word' id='word_1_114' title='bbox 2497 1320 2793 1385; x_wconf 85' lang='lat' dir='ltr'>videntur</span> <span class='ocrx_word' id='word_1_115' title='bbox 2816 1320 3039 1397; x_wconf 87' lang='lat' dir='ltr'>nostri,</span> 
     </span>
     <span class='ocr_line' id='line_1_13' title="bbox 137 1408 3035 1495; baseline 0.001 -25"><span class='ocrx_word' id='word_1_116' title='bbox 137 1430 234 1471; x_wconf 81' lang='lat' dir='ltr'>nec</span> <span class='ocrx_word' id='word_1_117' title='bbox 279 1408 654 1473; x_wconf 83' lang='lat' dir='ltr'>adversariis</span> <span class='ocrx_word' id='word_1_118' title='bbox 701 1410 934 1473; x_wconf 88' lang='lat' dir='ltr'>directe</span> <span class='ocrx_word' id='word_1_119' title='bbox 973 1433 1298 1475; x_wconf 88' lang='lat' dir='ltr'>occurrere</span> <span class='ocrx_word' id='word_1_120' title='bbox 1332 1412 1453 1495; x_wconf 89' lang='lat' dir='ltr'>(uti</span> <span class='ocrx_word' id='word_1_121' title='bbox 1479 1434 1728 1495; x_wconf 84' lang='lat' dir='ltr'>semper</span> <span class='ocrx_word' id='word_1_122' title='bbox 1758 1412 1955 1494; x_wconf 65' lang='lat' dir='ltr'>gestit</span> <span class='ocrx_word' id='word_1_123' title='bbox 1984 1410 2246 1475; x_wconf 85' lang='lat' dir='ltr'>veritas:</span> <span class='ocrx_word' id='word_1_124' title='bbox 2278 1414 2439 1475; x_wconf 81' lang='lat' dir='ltr'>teste</span> <span class='ocrx_word' id='word_1_125' title='bbox 2483 1408 2899 1492; x_wconf 74' lang='lat' dir='ltr'>Tertulliano)</span> <span class='ocrx_word' id='word_1_126' title='bbox 2928 1410 3035 1473; x_wconf 85' lang='lat' dir='ltr'>sed</span> 
     </span>
     <span class='ocr_line' id='line_1_14' title="bbox 139 1497 3039 1585; baseline 0.002 -27"><span class='ocrx_word' id='word_1_127' title='bbox 139 1518 396 1579; x_wconf 80' lang='lat' dir='ltr'>pugnam</span> <span class='ocrx_word' id='word_1_128' title='bbox 421 1497 737 1563; x_wconf 82' lang='lat' dir='ltr'>declinare</span> <span class='ocrx_word' id='word_1_129' title='bbox 763 1501 808 1565; x_wconf 73' lang='grc' dir='ltr'>δι</span> <span class='ocrx_word' id='word_1_130' title='bbox 834 1500 1268 1583; x_wconf 86' lang='lat' dir='ltr'>respondendo</span> <span class='ocrx_word' id='word_1_131' title='bbox 1293 1500 1456 1563; x_wconf 88' lang='lat' dir='ltr'>nihil</span> <span class='ocrx_word' id='word_1_132' title='bbox 1489 1501 1903 1585; x_wconf 86' lang='lat' dir='ltr'>respondere:</span> <span class='ocrx_word' id='word_1_133' title='bbox 1938 1500 2035 1563; x_wconf 90' lang='lat' dir='ltr'>illi</span> <span class='ocrx_word' id='word_1_134' title='bbox 2069 1500 2235 1564; x_wconf 89' lang='lat' dir='ltr'>enim</span> <span class='ocrx_word' id='word_1_135' title='bbox 2263 1500 2338 1563; x_wconf 87' lang='lat' dir='ltr'>dc</span> <span class='ocrx_word' id='word_1_136' title='bbox 2364 1499 2507 1564; x_wconf 88' lang='lat' dir='ltr'>aliis</span> <span class='ocrx_word' id='word_1_137' title='bbox 2535 1498 2967 1582; x_wconf 69' lang='lat' dir='ltr'>loquerentur,</span> <span class='ocrx_word' id='word_1_138' title='bbox 2994 1502 3039 1564; x_wconf 71' lang='grc' dir='ltr'>δι</span> 
     </span>
     <span class='ocr_line' id='line_1_15' title="bbox 139 1583 3043 1674; baseline 0.001 -27"><span class='ocrx_word' id='word_1_139' title='bbox 139 1583 194 1648; x_wconf 84' lang='lat' dir='ltr'>hi</span> <span class='ocrx_word' id='word_1_140' title='bbox 239 1585 668 1671; x_wconf 77' lang='lat' dir='ltr'>intelligerent</span> <span class='ocrx_word' id='word_1_141' title='bbox 715 1589 788 1651; x_wconf 89' lang='lat' dir='ltr'>de</span> <span class='ocrx_word' id='word_1_142' title='bbox 814 1589 1044 1671; x_wconf 83' lang='lat' dir='ltr'>caepis.</span> <span class='ocrx_word' id='word_1_143' title='bbox 1100 1588 1248 1653; x_wconf 79' lang='lat' dir='ltr'>Jam</span> <span class='ocrx_word' id='word_1_144' title='bbox 1279 1612 1424 1653; x_wconf 87' lang='lat' dir='ltr'>vero</span> <span class='ocrx_word' id='word_1_145' title='bbox 1451 1589 1865 1667; x_wconf 76' lang='lat' dir='ltr'>adversarios„</span> <span class='ocrx_word' id='word_1_146' title='bbox 1894 1589 2274 1672; x_wconf 83' lang='lat' dir='ltr'>particulam</span> <span class='ocrx_word' id='word_1_147' title='bbox 2298 1610 2444 1674; x_wconf 77' lang='lat' dir='ltr'>qua,</span> <span class='ocrx_word' id='word_1_148' title='bbox 2472 1588 2537 1650; x_wconf 90' lang='lat' dir='ltr'>in</span> <span class='ocrx_word' id='word_1_149' title='bbox 2561 1587 2734 1651; x_wconf 89' lang='lat' dir='ltr'>hisce</span> <span class='ocrx_word' id='word_1_150' title='bbox 2768 1587 3043 1671; x_wconf 82' lang='lat' dir='ltr'>aliisque</span> 
     </span>
     <span class='ocr_line' id='line_1_16' title="bbox 137 1674 3041 1762; baseline 0.001 -27"><span class='ocrx_word' id='word_1_151' title='bbox 137 1674 254 1738; x_wconf 81' lang='lat' dir='ltr'>suis</span> <span class='ocrx_word' id='word_1_152' title='bbox 275 1674 786 1741; x_wconf 78' lang='lat' dir='ltr'>distinctionibus</span> <span class='ocrx_word' id='word_1_153' title='bbox 811 1700 934 1741; x_wconf 88' lang='lat' dir='ltr'>non</span> <span class='ocrx_word' id='word_1_154' title='bbox 963 1678 1127 1755; x_wconf 86' lang='lat' dir='ltr'>laxe,</span> <span class='ocrx_word' id='word_1_155' title='bbox 1153 1678 1520 1762; x_wconf 83' lang='lat' dir='ltr'>improprie,</span> <span class='ocrx_word' id='word_1_156' title='bbox 1547 1678 1999 1742; x_wconf 87' lang='lat' dir='ltr'>catachrestice</span> <span class='ocrx_word' id='word_1_157' title='bbox 2032 1682 2143 1742; x_wconf 85' lang='lat' dir='ltr'>aut</span> <span class='ocrx_word' id='word_1_158' title='bbox 2176 1677 2599 1761; x_wconf 79' lang='lat' dir='ltr'>specificative</span> <span class='ocrx_word' id='word_1_159' title='bbox 2632 1677 2755 1762; x_wconf 91' lang='lat' dir='ltr'>(uti</span> <span class='ocrx_word' id='word_1_160' title='bbox 2783 1677 3041 1760; x_wconf 87' lang='lat' dir='ltr'>quidam</span> 
     </span>
     <span class='ocr_line' id='line_1_17' title="bbox 138 1762 3043 1851; baseline 0.001 -26"><span class='ocrx_word' id='word_1_161' title='bbox 138 1786 204 1826; x_wconf 85' lang='lat' dir='ltr'>ex</span> <span class='ocrx_word' id='word_1_162' title='bbox 247 1762 496 1843; x_wconf 82' lang='lat' dir='ltr'>nostris)</span> <span class='ocrx_word' id='word_1_163' title='bbox 543 1765 861 1848; x_wconf 79' lang='lat' dir='ltr'>accipere3</span> <span class='ocrx_word' id='word_1_164' title='bbox 903 1767 1013 1829; x_wconf 87' lang='lat' dir='ltr'>sed</span> <span class='ocrx_word' id='word_1_165' title='bbox 1053 1766 1292 1845; x_wconf 81' lang='lat' dir='ltr'>stricte,</span> <span class='ocrx_word' id='word_1_166' title='bbox 1335 1768 1604 1851; x_wconf 87' lang='lat' dir='ltr'>proprie,</span> <span class='ocrx_word' id='word_1_167' title='bbox 1648 1769 1694 1833; x_wconf 65' lang='grc' dir='ltr'>δε</span> <span class='ocrx_word' id='word_1_168' title='bbox 1728 1766 2183 1851; x_wconf 82' lang='lat' dir='ltr'>reduplicativc</span> <span class='ocrx_word' id='word_1_169' title='bbox 2210 1770 2479 1845; x_wconf 81' lang='lat' dir='ltr'>constat,</span> <span class='ocrx_word' id='word_1_170' title='bbox 2506 1790 2561 1829; x_wconf 87' lang='lat' dir='ltr'>e..</span> <span class='ocrx_word' id='word_1_171' title='bbox 2587 1788 2683 1851; x_wconf 85' lang='lat' dir='ltr'>gr.</span> <span class='ocrx_word' id='word_1_172' title='bbox 2712 1790 2789 1830; x_wconf 86' lang='lat' dir='ltr'>ex</span> <span class='ocrx_word' id='word_1_173' title='bbox 2825 1767 3043 1831; x_wconf 81' lang='lat' dir='ltr'>Crellio</span> 
     </span>
     <span class='ocr_line' id='line_1_18' title="bbox 139 1850 3043 1941; baseline 0.001 -25"><span class='ocrx_word' id='word_1_174' title='bbox 139 1850 472 1931; x_wconf 74' lang='lat' dir='ltr'>Socinimio,</span> <span class='ocrx_word' id='word_1_175' title='bbox 528 1854 604 1917; x_wconf 82' lang='lat' dir='ltr'>de</span> <span class='ocrx_word' id='word_1_176' title='bbox 657 1856 790 1919; x_wconf 34' lang='lat' dir='ltr'>Lv&#39;no</span> <span class='ocrx_word' id='word_1_177' title='bbox 839 1855 970 1919; x_wconf 83' lang='lat' dir='ltr'>Deo</span> <span class='ocrx_word' id='word_1_178' title='bbox 991 1868 1171 1939; x_wconf 73' lang='lat' dir='ltr'>parte</span> <span class='ocrx_word' id='word_1_179' title='bbox 1193 1855 1292 1921; x_wconf 77' lang='lat' dir='ltr'>lib.</span> <span class='ocrx_word' id='word_1_180' title='bbox 1326 1858 1380 1919; x_wconf 87' lang='lat'>1.</span> <span class='ocrx_word' id='word_1_181' title='bbox 1409 1868 1543 1921; x_wconf 73' lang='lat' dir='ltr'>sect.</span> <span class='ocrx_word' id='word_1_182' title='bbox 1579 1858 1638 1922; x_wconf 80' lang='lat'>2.</span> <span class='ocrx_word' id='word_1_183' title='bbox 1663 1878 1799 1941; x_wconf 78' lang='lat' dir='ltr'>cap.</span> <span class='ocrx_word' id='word_1_184' title='bbox 1832 1858 1888 1919; x_wconf 93' lang='lat'>1.</span> <span class='ocrx_word' id='word_1_185' title='bbox 1918 1856 2027 1921; x_wconf 87' lang='lat' dir='ltr'>ubi</span> <span class='ocrx_word' id='word_1_186' title='bbox 2059 1856 2483 1920; x_wconf 82' lang='lat' dir='ltr'>distinctionis</span> <span class='ocrx_word' id='word_1_187' title='bbox 2510 1879 2699 1919; x_wconf 83' lang='lat' dir='ltr'>causa.</span> <span class='ocrx_word' id='word_1_188' title='bbox 2724 1856 2815 1919; x_wconf 81' lang='lat' dir='ltr'>sic</span> <span class='ocrx_word' id='word_1_189' title='bbox 2840 1855 3043 1937; x_wconf 86' lang='lat' dir='ltr'>loqui-</span> 
     </span>
     <span class='ocr_line' id='line_1_19' title="bbox 140 1941 3049 2028; baseline 0.001 -25"><span class='ocrx_word' id='word_1_190' title='bbox 140 1946 266 2007; x_wconf 79' lang='lat' dir='ltr'>tur:</span> <span class='ocrx_word' id='word_1_191' title='bbox 309 1941 478 2005; x_wconf 85' lang='lat' dir='ltr'>filius</span> <span class='ocrx_word' id='word_1_192' title='bbox 524 1966 650 2025; x_wconf 87' lang='lat' dir='ltr'>qua</span> <span class='ocrx_word' id='word_1_193' title='bbox 697 1943 888 2023; x_wconf 81' lang='lat' dir='ltr'>filius,</span> <span class='ocrx_word' id='word_1_194' title='bbox 936 1967 1062 2026; x_wconf 84' lang='lat' dir='ltr'>qua</span> <span class='ocrx_word' id='word_1_195' title='bbox 1111 1943 1306 2022; x_wconf 88' lang='lat' dir='ltr'>Dens,</span> <span class='ocrx_word' id='word_1_196' title='bbox 1355 1968 1622 2028; x_wconf 85' lang='lat' dir='ltr'>persona</span> <span class='ocrx_word' id='word_1_197' title='bbox 1663 1949 1790 2028; x_wconf 69' lang='lat' dir='ltr'>qua</span> <span class='ocrx_word' id='word_1_198' title='bbox 1813 1968 2100 2028; x_wconf 87' lang='lat' dir='ltr'>persona..</span> <span class='ocrx_word' id='word_1_199' title='bbox 2162 1945 2389 2010; x_wconf 78' lang='lat' dir='ltr'>Ibidem</span> <span class='ocrx_word' id='word_1_200' title='bbox 2424 1956 2558 2009; x_wconf 74' lang='lat' dir='ltr'>sert.</span> <span class='ocrx_word' id='word_1_201' title='bbox 2591 1944 2649 2008; x_wconf 92' lang='lat'>1.</span> <span class='ocrx_word' id='word_1_202' title='bbox 2676 1948 2730 2027; x_wconf 55' lang='grc' dir='ltr'>ς’.</span> <span class='ocrx_word' id='word_1_203' title='bbox 2764 1946 2875 2007; x_wconf 84' lang='grc'>101</span> <span class='ocrx_word' id='word_1_204' title='bbox 2895 1993 2909 2007; x_wconf 94' lang='grc'><strong>.</strong></span> <span class='ocrx_word' id='word_1_205' title='bbox 2960 1943 3049 2007; x_wconf 79' lang='lat' dir='ltr'>Et</span> 
     </span>
     <span class='ocr_line' id='line_1_20' title="bbox 141 2030 3046 2117; baseline 0.001 -26"><span class='ocrx_word' id='word_1_206' title='bbox 141 2030 480 2115; x_wconf 53' lang='lat' dir='ltr'>§liehlinyio</span> <span class='ocrx_word' id='word_1_207' title='bbox 533 2054 582 2095; x_wconf 81' lang='lat' dir='ltr'>c.</span> <span class='ocrx_word' id='word_1_208' title='bbox 639 2034 1014 2099; x_wconf 64' lang='lat' dir='ltr'>Meis-rumam.</span> <span class='ocrx_word' id='word_1_209' title='bbox 1033 2054 1179 2117; x_wconf 71' lang='lat' dir='ltr'>pay.</span> <span class='ocrx_word' id='word_1_210' title='bbox 1209 2034 1356 2098; x_wconf 80' lang='lat'><strong>375.</strong></span> <span class='ocrx_word' id='word_1_211' title='bbox 1397 2033 1507 2099; x_wconf 62' lang='lat' dir='ltr'>(te.</span> <span class='ocrx_word' id='word_1_212' title='bbox 1544 2034 1631 2099; x_wconf 87' lang='lat' dir='ltr'>Et</span> <span class='ocrx_word' id='word_1_213' title='bbox 1663 2034 1768 2099; x_wconf 87' lang='lat' dir='ltr'>Sic</span> <span class='ocrx_word' id='word_1_214' title='bbox 1791 2034 2316 2099; x_wconf 83' lang='lat' dir='ltr'>Remonstrantes</span> <span class='ocrx_word' id='word_1_215' title='bbox 2342 2034 2403 2097; x_wconf 89' lang='lat' dir='ltr'>in</span> <span class='ocrx_word' id='word_1_216' title='bbox 2450 2033 2746 2099; x_wconf 73' lang='lat' dir='ltr'>Vindiciv&#39;s</span> <span class='ocrx_word' id='word_1_217' title='bbox 2768 2054 2912 2117; x_wconf 72' lang='lat' dir='ltr'>pay.</span> <span class='ocrx_word' id='word_1_218' title='bbox 2939 2032 3046 2096; x_wconf 71' lang='lat'>37.</span> 
     </span>
     <span class='ocr_line' id='line_1_21' title="bbox 143 2118 3046 2209; baseline 0 -25"><span class='ocrx_word' id='word_1_219' title='bbox 143 2121 184 2184; x_wconf 66' lang='lat' dir='ltr'>a</span> <span class='ocrx_word' id='word_1_220' title='bbox 225 2118 364 2183; x_wconf 84' lang='lat' dir='ltr'>locis</span> <span class='ocrx_word' id='word_1_221' title='bbox 413 2144 488 2185; x_wconf 84' lang='lat' dir='ltr'>ex</span> <span class='ocrx_word' id='word_1_222' title='bbox 539 2121 860 2205; x_wconf 69' lang='lat' dir='ltr'>Apoloyr&#39;a,</span> <span class='ocrx_word' id='word_1_223' title='bbox 888 2124 934 2187; x_wconf 81' lang='lat'>&amp;-</span> <span class='ocrx_word' id='word_1_224' title='bbox 965 2124 1278 2206; x_wconf 72' lang='lat' dir='ltr'>Respmaeso</span> <span class='ocrx_word' id='word_1_225' title='bbox 1302 2122 1388 2189; x_wconf 79' lang='lat' dir='ltr'>ad</span> <span class='ocrx_word' id='word_1_226' title='bbox 1408 2136 1689 2209; x_wconf 74' lang='lat' dir='ltr'>excerpta</span> <span class='ocrx_word' id='word_1_227' title='bbox 1721 2123 1832 2189; x_wconf 66' lang='lat' dir='ltr'>[rc.</span> <span class='ocrx_word' id='word_1_228' title='bbox 1860 2144 2057 2206; x_wconf 77' lang='lat' dir='ltr'>supra</span> <span class='ocrx_word' id='word_1_229' title='bbox 2090 2124 2185 2187; x_wconf 72' lang='lat' dir='ltr'>cit.</span> <span class='ocrx_word' id='word_1_230' title='bbox 2232 2122 2320 2186; x_wconf 83' lang='lat' dir='ltr'>Et</span> <span class='ocrx_word' id='word_1_231' title='bbox 2344 2123 2713 2207; x_wconf 67' lang='lat' dir='ltr'>Epist-opius</span> <span class='ocrx_word' id='word_1_232' title='bbox 2740 2123 2805 2185; x_wconf 78' lang='lat' dir='ltr'>in</span> <span class='ocrx_word' id='word_1_233' title='bbox 2832 2122 3046 2205; x_wconf 78' lang='lat' dir='ltr'>desen—</span> 
     </span>
     <span class='ocr_line' id='line_1_22' title="bbox 141 2209 3046 2299; baseline 0.001 -30"><span class='ocrx_word' id='word_1_234' title='bbox 141 2209 294 2271; x_wconf 72' lang='lat' dir='ltr'>xe&#39;oue</span> <span class='ocrx_word' id='word_1_235' title='bbox 335 2210 688 2277; x_wconf 70' lang='lat' dir='ltr'>catechismi</span> <span class='ocrx_word' id='word_1_236' title='bbox 734 2209 1258 2277; x_wconf 70' lang='lat' dir='ltr'>Remotistranlici</span> <span class='ocrx_word' id='word_1_237' title='bbox 1288 2234 1338 2277; x_wconf 86' lang='lat' dir='ltr'>c.</span> <span class='ocrx_word' id='word_1_238' title='bbox 1366 2213 1746 2289; x_wconf 72' lang='lat' dir='ltr'>Heidammc,</span> <span class='ocrx_word' id='word_1_239' title='bbox 1773 2214 1859 2277; x_wconf 81' lang='lat' dir='ltr'>ad</span> <span class='ocrx_word' id='word_1_240' title='bbox 1882 2213 2223 2299; x_wconf 61' lang='lat' dir='ltr'>(litae-slim.</span> <span class='ocrx_word' id='word_1_241' title='bbox 2259 2212 2361 2274; x_wconf 86' lang='lat'>58.</span> <span class='ocrx_word' id='word_1_242' title='bbox 2387 2210 2497 2273; x_wconf 89' lang='lat' dir='ltr'>ubi</span> <span class='ocrx_word' id='word_1_243' title='bbox 2524 2234 2599 2274; x_wconf 80' lang='lat' dir='ltr'>ex</span> <span class='ocrx_word' id='word_1_244' title='bbox 2628 2212 2912 2294; x_wconf 84' lang='lat' dir='ltr'>professo</span> <span class='ocrx_word' id='word_1_245' title='bbox 2936 2234 3046 2273; x_wconf 83' lang='lat' dir='ltr'>ex—</span> 
     </span>
     <span class='ocr_line' id='line_1_23' title="bbox 147 2296 3045 2385; baseline 0.002 -29"><span class='ocrx_word' id='word_1_246' title='bbox 147 2296 320 2379; x_wconf 80' lang='lat' dir='ltr'>plicat</span> <span class='ocrx_word' id='word_1_247' title='bbox 342 2301 386 2364; x_wconf 69' lang='grc' dir='ltr'>ἃ</span> <span class='ocrx_word' id='word_1_248' title='bbox 419 2298 648 2381; x_wconf 88' lang='lat' dir='ltr'>probat</span> <span class='ocrx_word' id='word_1_249' title='bbox 673 2299 1105 2364; x_wconf 88' lang='lat' dir='ltr'>adorationem</span> <span class='ocrx_word' id='word_1_250' title='bbox 1133 2300 1373 2365; x_wconf 82' lang='lat' dir='ltr'>Christi</span> <span class='ocrx_word' id='word_1_251' title='bbox 1400 2324 1526 2385; x_wconf 90' lang='lat' dir='ltr'>qua</span> <span class='ocrx_word' id='word_1_252' title='bbox 1550 2302 1941 2366; x_wconf 89' lang='lat' dir='ltr'>mediatoris.</span> <span class='ocrx_word' id='word_1_253' title='bbox 1979 2300 2079 2365; x_wconf 84' lang='lat' dir='ltr'>Ad</span> <span class='ocrx_word' id='word_1_254' title='bbox 2102 2301 2272 2384; x_wconf 85' lang='lat' dir='ltr'>ipsos</span> <span class='ocrx_word' id='word_1_255' title='bbox 2297 2299 2671 2384; x_wconf 87' lang='lat' dir='ltr'>promachos</span> <span class='ocrx_word' id='word_1_256' title='bbox 2689 2297 3045 2373; x_wconf 83' lang='lat' dir='ltr'>Socinismi,</span> 
     </span>
     <span class='ocr_line' id='line_1_24' title="bbox 143 2386 3046 2475; baseline 0.001 -27"><span class='ocrx_word' id='word_1_257' title='bbox 143 2386 239 2469; x_wconf 83' lang='lat' dir='ltr'>qui</span> <span class='ocrx_word' id='word_1_258' title='bbox 283 2386 496 2472; x_wconf 85' lang='lat' dir='ltr'>aliqua</span> <span class='ocrx_word' id='word_1_259' title='bbox 543 2387 986 2472; x_wconf 87' lang='lat' dir='ltr'>philosophiae</span> <span class='ocrx_word' id='word_1_260' title='bbox 1035 2390 1397 2475; x_wconf 86' lang='lat' dir='ltr'>cognitione</span> <span class='ocrx_word' id='word_1_261' title='bbox 1447 2391 1629 2456; x_wconf 89' lang='lat' dir='ltr'>tincti</span> <span class='ocrx_word' id='word_1_262' title='bbox 1679 2394 1850 2469; x_wconf 88' lang='lat' dir='ltr'>sunt,</span> <span class='ocrx_word' id='word_1_263' title='bbox 1899 2392 1944 2457; x_wconf 86' lang='lat'>&amp;</span> <span class='ocrx_word' id='word_1_264' title='bbox 1978 2390 2338 2455; x_wconf 88' lang='lat' dir='ltr'>scholarum.</span> <span class='ocrx_word' id='word_1_265' title='bbox 2374 2389 2671 2454; x_wconf 83' lang='lat' dir='ltr'>methodo</span> <span class='ocrx_word' id='word_1_266' title='bbox 2695 2388 2787 2453; x_wconf 87' lang='lat' dir='ltr'>uti</span> <span class='ocrx_word' id='word_1_267' title='bbox 2816 2388 3046 2468; x_wconf 85' lang='lat' dir='ltr'>solent,</span> 
     </span>
     <span class='ocr_line' id='line_1_25' title="bbox 143 2478 3045 2565; baseline 0.001 -28"><span class='ocrx_word' id='word_1_268' title='bbox 143 2497 534 2558; x_wconf 83' lang='lat' dir='ltr'>provocamus</span> <span class='ocrx_word' id='word_1_269' title='bbox 593 2479 816 2557; x_wconf 77' lang='lat' dir='ltr'>Tertia,</span> <span class='ocrx_word' id='word_1_270' title='bbox 842 2479 996 2563; x_wconf 85' lang='lat' dir='ltr'>quia</span> <span class='ocrx_word' id='word_1_271' title='bbox 1019 2501 1142 2543; x_wconf 92' lang='lat' dir='ltr'>non</span> <span class='ocrx_word' id='word_1_272' title='bbox 1167 2480 1323 2545; x_wconf 88' lang='lat' dir='ltr'>satis</span> <span class='ocrx_word' id='word_1_273' title='bbox 1350 2480 1589 2558; x_wconf 87' lang='lat' dir='ltr'>stricte,</span> <span class='ocrx_word' id='word_1_274' title='bbox 1613 2484 1772 2558; x_wconf 74' lang='lat' dir='ltr'>tuto,</span> <span class='ocrx_word' id='word_1_275' title='bbox 1801 2481 1846 2545; x_wconf 65' lang='grc' dir='ltr'>ἃ</span> <span class='ocrx_word' id='word_1_276' title='bbox 1872 2484 2074 2558; x_wconf 86' lang='lat' dir='ltr'>caute,</span> <span class='ocrx_word' id='word_1_277' title='bbox 2104 2483 2389 2563; x_wconf 88' lang='lat' dir='ltr'>respectu</span> <span class='ocrx_word' id='word_1_278' title='bbox 2419 2479 2600 2565; x_wconf 84' lang='lat' dir='ltr'>[pag.</span> <span class='ocrx_word' id='word_1_279' title='bbox 2630 2479 2791 2563; x_wconf 82' lang='lat'>548]</span> <span class='ocrx_word' id='word_1_280' title='bbox 2820 2478 3045 2542; x_wconf 87' lang='lat' dir='ltr'>adver-</span> 
     </span>
     <span class='ocr_line' id='line_1_26' title="bbox 141 2565 3041 2654; baseline 0.001 -27"><span class='ocrx_word' id='word_1_281' title='bbox 141 2565 428 2630; x_wconf 80' lang='lat' dir='ltr'>sariorum</span> <span class='ocrx_word' id='word_1_282' title='bbox 485 2567 861 2651; x_wconf 63' lang='lat' dir='ltr'>loquantum</span> <span class='ocrx_word' id='word_1_283' title='bbox 911 2569 1020 2632; x_wconf 86' lang='lat' dir='ltr'>sed</span> <span class='ocrx_word' id='word_1_284' title='bbox 1065 2568 1219 2652; x_wconf 86' lang='lat' dir='ltr'>ipsis</span> <span class='ocrx_word' id='word_1_285' title='bbox 1260 2569 1646 2633; x_wconf 88' lang='lat' dir='ltr'>cothurnum</span> <span class='ocrx_word' id='word_1_286' title='bbox 1671 2567 2059 2652; x_wconf 86' lang='lat' dir='ltr'>relinquunt,</span> <span class='ocrx_word' id='word_1_287' title='bbox 2086 2572 2199 2632; x_wconf 88' lang='lat' dir='ltr'>aut</span> <span class='ocrx_word' id='word_1_288' title='bbox 2230 2571 2586 2654; x_wconf 81' lang='lat' dir='ltr'>suggerunt</span> <span class='ocrx_word' id='word_1_289' title='bbox 2618 2591 2745 2652; x_wconf 85' lang='lat' dir='ltr'>qua</span> <span class='ocrx_word' id='word_1_290' title='bbox 2776 2567 3041 2630; x_wconf 87' lang='lat' dir='ltr'>hetero-</span> 
     </span>
     <span class='ocr_line' id='line_1_27' title="bbox 143 2651 3048 2741; baseline 0.001 -26"><span class='ocrx_word' id='word_1_291' title='bbox 143 2651 370 2718; x_wconf 86' lang='lat' dir='ltr'>doxiam</span> <span class='ocrx_word' id='word_1_292' title='bbox 425 2678 609 2720; x_wconf 87' lang='lat' dir='ltr'>suam</span> <span class='ocrx_word' id='word_1_293' title='bbox 665 2660 909 2740; x_wconf 85' lang='lat' dir='ltr'>tegant.</span> <span class='ocrx_word' id='word_1_294' title='bbox 970 2657 1232 2736; x_wconf 77' lang='lat' dir='ltr'>Quarta,</span> <span class='ocrx_word' id='word_1_295' title='bbox 1281 2658 1432 2740; x_wconf 89' lang='lat' dir='ltr'>quia</span> <span class='ocrx_word' id='word_1_296' title='bbox 1457 2658 1625 2721; x_wconf 86' lang='lat' dir='ltr'>viam</span> <span class='ocrx_word' id='word_1_297' title='bbox 1651 2658 2015 2741; x_wconf 79' lang='lat' dir='ltr'>aperiunt&amp;</span> <span class='ocrx_word' id='word_1_298' title='bbox 2048 2661 2306 2740; x_wconf 89' lang='lat' dir='ltr'>pontem</span> <span class='ocrx_word' id='word_1_299' title='bbox 2331 2661 2644 2734; x_wconf 85' lang='lat' dir='ltr'>sternunt,</span> <span class='ocrx_word' id='word_1_300' title='bbox 2671 2656 2723 2718; x_wconf 86' lang='lat' dir='ltr'>si</span> <span class='ocrx_word' id='word_1_301' title='bbox 2752 2679 2877 2720; x_wconf 85' lang='lat' dir='ltr'>non</span> <span class='ocrx_word' id='word_1_302' title='bbox 2903 2656 3048 2734; x_wconf 85' lang='lat' dir='ltr'>sibi,</span> 
     </span>
     <span class='ocr_line' id='line_1_28' title="bbox 143 2741 3050 2833; baseline 0.001 -29"><span class='ocrx_word' id='word_1_303' title='bbox 143 2741 348 2807; x_wconf 78' lang='lat' dir='ltr'>saltem</span> <span class='ocrx_word' id='word_1_304' title='bbox 387 2743 534 2808; x_wconf 84' lang='lat' dir='ltr'>aliis</span> <span class='ocrx_word' id='word_1_305' title='bbox 558 2745 918 2810; x_wconf 89' lang='lat' dir='ltr'>rudioribus</span> <span class='ocrx_word' id='word_1_306' title='bbox 951 2749 1143 2830; x_wconf 84' lang='lat' dir='ltr'>atque</span> <span class='ocrx_word' id='word_1_307' title='bbox 1165 2745 1623 2811; x_wconf 86' lang='lat' dir='ltr'>infirmioribus</span> <span class='ocrx_word' id='word_1_308' title='bbox 1649 2747 1919 2811; x_wconf 87' lang='lat' dir='ltr'>ulterius</span> <span class='ocrx_word' id='word_1_309' title='bbox 1944 2757 2018 2833; x_wconf 68' lang='grc' dir='ltr'>τῇ</span> <span class='ocrx_word' id='word_1_310' title='bbox 2040 2743 2289 2824; x_wconf 67' lang='grc' dir='ltr'>ἀμετρίᾳ</span> <span class='ocrx_word' id='word_1_311' title='bbox 2316 2755 2425 2815; x_wconf 66' lang='grc' dir='ltr'>τὶς</span> <span class='ocrx_word' id='word_1_312' title='bbox 2446 2743 2750 2814; x_wconf 47' lang='lat' dir='ltr'>&amp;Scan-2⁴3</span> <span class='ocrx_word' id='word_1_313' title='bbox 2772 2745 2876 2809; x_wconf 86' lang='lat' dir='ltr'>hic</span> <span class='ocrx_word' id='word_1_314' title='bbox 2904 2768 3050 2828; x_wconf 81' lang='lat' dir='ltr'>pro-</span> 
     </span>
     <span class='ocr_line' id='line_1_29' title="bbox 145 2829 3042 2920; baseline 0.001 -28"><span class='ocrx_word' id='word_1_315' title='bbox 145 2829 372 2896; x_wconf 84' lang='lat' dir='ltr'>labendi</span> <span class='ocrx_word' id='word_1_316' title='bbox 396 2832 462 2896; x_wconf 89' lang='lat' dir='ltr'>in</span> <span class='ocrx_word' id='word_1_317' title='bbox 488 2833 734 2898; x_wconf 84' lang='lat' dir='ltr'>invaria</span> <span class='ocrx_word' id='word_1_318' title='bbox 759 2835 1051 2912; x_wconf 72' lang='lat' dir='ltr'>absurde,</span> <span class='ocrx_word' id='word_1_319' title='bbox 1085 2839 1197 2899; x_wconf 87' lang='lat' dir='ltr'>aut</span> <span class='ocrx_word' id='word_1_320' title='bbox 1220 2835 1447 2900; x_wconf 83' lang='lat' dir='ltr'>saltem</span> <span class='ocrx_word' id='word_1_321' title='bbox 1473 2835 1842 2920; x_wconf 83' lang='lat' dir='ltr'>periculose,</span> <span class='ocrx_word' id='word_1_322' title='bbox 1872 2840 1983 2900; x_wconf 88' lang='lat' dir='ltr'>aut</span> <span class='ocrx_word' id='word_1_323' title='bbox 2006 2835 2308 2918; x_wconf 89' lang='lat' dir='ltr'>impedite</span> <span class='ocrx_word' id='word_1_324' title='bbox 2328 2837 2373 2900; x_wconf 69' lang='grc' dir='ltr'>δι</span> <span class='ocrx_word' id='word_1_325' title='bbox 2391 2835 2649 2899; x_wconf 86' lang='lat' dir='ltr'>confuse</span> <span class='ocrx_word' id='word_1_326' title='bbox 2666 2835 2836 2899; x_wconf 86' lang='lat' dir='ltr'>dicta</span> <span class='ocrx_word' id='word_1_327' title='bbox 2857 2837 3042 2920; x_wconf 88' lang='lat' dir='ltr'>(quo-</span> 
     </span>
     <span class='ocr_line' id='line_1_30' title="bbox 145 2921 3043 3009; baseline 0.001 -27"><span class='ocrx_word' id='word_1_328' title='bbox 145 2941 268 2984; x_wconf 86' lang='lat' dir='ltr'>rum</span> <span class='ocrx_word' id='word_1_329' title='bbox 311 2921 630 3006; x_wconf 79' lang='lat' dir='ltr'>specimen</span> <span class='ocrx_word' id='word_1_330' title='bbox 677 2923 848 2987; x_wconf 85' lang='lat' dir='ltr'>infra</span> <span class='ocrx_word' id='word_1_331' title='bbox 872 2923 1246 2988; x_wconf 84' lang='lat' dir='ltr'>exhibemus</span> <span class='ocrx_word' id='word_1_332' title='bbox 1265 2925 1310 3006; x_wconf 75' lang='grc' dir='ltr'>ε)</span> <span class='ocrx_word' id='word_1_333' title='bbox 1337 2925 1416 2988; x_wconf 89' lang='lat' dir='ltr'>ad</span> <span class='ocrx_word' id='word_1_334' title='bbox 1447 2924 1606 2989; x_wconf 90' lang='lat' dir='ltr'>haec</span> <span class='ocrx_word' id='word_1_335' title='bbox 1636 2925 1700 2988; x_wconf 92' lang='lat' dir='ltr'>in</span> <span class='ocrx_word' id='word_1_336' title='bbox 1727 2924 1872 2988; x_wconf 89' lang='lat' dir='ltr'>aliis</span> <span class='ocrx_word' id='word_1_337' title='bbox 1898 2924 2293 3009; x_wconf 80' lang='lat' dir='ltr'>gravissimis</span> <span class='ocrx_word' id='word_1_338' title='bbox 2318 2924 2761 2988; x_wconf 86' lang='lat' dir='ltr'>controversiis</span> <span class='ocrx_word' id='word_1_339' title='bbox 2796 2923 3043 3008; x_wconf 85' lang='lat' dir='ltr'>(quales</span> 
     </span>
     <span class='ocr_line' id='line_1_31' title="bbox 145 3011 3043 3097; baseline 0.001 -25"><span class='ocrx_word' id='word_1_340' title='bbox 145 3011 308 3074; x_wconf 84' lang='lat' dir='ltr'>modo</span> <span class='ocrx_word' id='word_1_341' title='bbox 331 3011 788 3094; x_wconf 87' lang='lat' dir='ltr'>recensuimus)</span> <span class='ocrx_word' id='word_1_342' title='bbox 823 3013 1118 3076; x_wconf 87' lang='lat' dir='ltr'>similiter</span> <span class='ocrx_word' id='word_1_343' title='bbox 1141 3036 1438 3097; x_wconf 80' lang='lat' dir='ltr'>perverso</span> <span class='ocrx_word' id='word_1_344' title='bbox 1465 3037 1604 3091; x_wconf 87' lang='lat' dir='ltr'>usu,</span> <span class='ocrx_word' id='word_1_345' title='bbox 1632 3017 1744 3077; x_wconf 84' lang='lat' dir='ltr'>aut</span> <span class='ocrx_word' id='word_1_346' title='bbox 1767 3013 2136 3078; x_wconf 83' lang='lat' dir='ltr'>confusione</span> <span class='ocrx_word' id='word_1_347' title='bbox 2162 3015 2207 3078; x_wconf 67' lang='grc' dir='ltr'>δι</span> <span class='ocrx_word' id='word_1_348' title='bbox 2232 3013 2597 3097; x_wconf 83' lang='lat' dir='ltr'>ignorantia.</span> <span class='ocrx_word' id='word_1_349' title='bbox 2628 3013 3043 3078; x_wconf 84' lang='lat' dir='ltr'>terminorum</span> 
     </span>
     <span class='ocr_line' id='line_1_32' title="bbox 143 3101 3053 3185; baseline 0.001 -23"><span class='ocrx_word' id='word_1_350' title='bbox 143 3119 254 3183; x_wconf 74' lang='lat' dir='ltr'>qua</span> <span class='ocrx_word' id='word_1_351' title='bbox 275 3101 318 3166; x_wconf 70' lang='lat' dir='ltr'>St</span> <span class='ocrx_word' id='word_1_352' title='bbox 338 3101 610 3165; x_wconf 69' lang='lat' dir='ltr'>rationis</span> <span class='ocrx_word' id='word_1_353' title='bbox 633 3102 922 3184; x_wconf 76' lang='lat' dir='ltr'>formalis</span> <span class='ocrx_word' id='word_1_354' title='bbox 944 3102 1370 3185; x_wconf 84' lang='lat' dir='ltr'>impendendi,</span> <span class='ocrx_word' id='word_1_355' title='bbox 1405 3105 1450 3168; x_wconf 75' lang='grc' dir='ltr'>δι</span> <span class='ocrx_word' id='word_1_356' title='bbox 1482 3103 1696 3166; x_wconf 86' lang='lat' dir='ltr'>omnia.</span> <span class='ocrx_word' id='word_1_357' title='bbox 1729 3125 1975 3167; x_wconf 87' lang='lat' dir='ltr'>sursum</span> <span class='ocrx_word' id='word_1_358' title='bbox 2000 3124 2251 3166; x_wconf 85' lang='lat' dir='ltr'>vorsum</span> <span class='ocrx_word' id='word_1_359' title='bbox 2269 3101 2593 3167; x_wconf 82' lang='lat' dir='ltr'>miscendi.</span> <span class='ocrx_word' id='word_1_360' title='bbox 2623 3103 2879 3184; x_wconf 76' lang='lat' dir='ltr'>Quinta,</span> <span class='ocrx_word' id='word_1_361' title='bbox 2900 3101 3053 3185; x_wconf 85' lang='lat' dir='ltr'>quia</span> 
     </span>
     <span class='ocr_line' id='line_1_33' title="bbox 145 3189 3052 3275; baseline 0.001 -25"><span class='ocrx_word' id='word_1_362' title='bbox 145 3193 580 3272; x_wconf 78' lang='lat' dir='ltr'>consequenter</span> <span class='ocrx_word' id='word_1_363' title='bbox 633 3189 836 3254; x_wconf 80' lang='lat' dir='ltr'>bonae</span> <span class='ocrx_word' id='word_1_364' title='bbox 881 3213 1108 3254; x_wconf 87' lang='lat' dir='ltr'>causae</span> <span class='ocrx_word' id='word_1_365' title='bbox 1147 3191 1389 3273; x_wconf 85' lang='lat' dir='ltr'>justam</span> <span class='ocrx_word' id='word_1_366' title='bbox 1437 3195 1484 3258; x_wconf 64' lang='grc' dir='ltr'>ἃ</span> <span class='ocrx_word' id='word_1_367' title='bbox 1531 3195 1890 3256; x_wconf 84' lang='lat' dir='ltr'>accuratam</span> <span class='ocrx_word' id='word_1_368' title='bbox 1918 3190 2345 3255; x_wconf 86' lang='lat' dir='ltr'>defensionem</span> <span class='ocrx_word' id='word_1_369' title='bbox 2375 3190 2753 3275; x_wconf 87' lang='lat' dir='ltr'>perturbant</span> <span class='ocrx_word' id='word_1_370' title='bbox 2788 3191 3052 3274; x_wconf 83' lang='lat' dir='ltr'>ejusque</span> 
     </span>
     <span class='ocr_line' id='line_1_34' title="bbox 145 3275 3052 3363; baseline 0.001 -25"><span class='ocrx_word' id='word_1_371' title='bbox 145 3275 558 3342; x_wconf 70' lang='lat' dir='ltr'>defensoribus</span> <span class='ocrx_word' id='word_1_372' title='bbox 583 3283 802 3343; x_wconf 86' lang='lat' dir='ltr'>contra</span> <span class='ocrx_word' id='word_1_373' title='bbox 825 3301 1020 3343; x_wconf 89' lang='lat' dir='ltr'>novos</span> <span class='ocrx_word' id='word_1_374' title='bbox 1045 3281 1090 3345; x_wconf 65' lang='grc' dir='ltr'>ἃ</span> <span class='ocrx_word' id='word_1_375' title='bbox 1117 3278 2016 3345; x_wconf 86' lang='lat' dir='ltr'>Remonstranto—Socinianos</span> <span class='ocrx_word' id='word_1_376' title='bbox 2029 3284 2367 3363; x_wconf 88' lang='lat' dir='ltr'>conceptus</span> <span class='ocrx_word' id='word_1_377' title='bbox 2383 3279 2838 3363; x_wconf 85' lang='lat' dir='ltr'>praejudicant,</span> <span class='ocrx_word' id='word_1_378' title='bbox 2854 3279 2901 3344; x_wconf 69' lang='grc' dir='ltr'><strong>ἃ</strong></span> <span class='ocrx_word' id='word_1_379' title='bbox 2917 3280 3052 3343; x_wconf 82' lang='lat' dir='ltr'>ala-</span> 
     </span>
     <span class='ocr_line' id='line_1_35' title="bbox 147 3365 3054 3452; baseline 0.001 -24"><span class='ocrx_word' id='word_1_380' title='bbox 147 3365 336 3431; x_wconf 85' lang='lat' dir='ltr'>critati</span> <span class='ocrx_word' id='word_1_381' title='bbox 379 3367 660 3452; x_wconf 87' lang='lat' dir='ltr'>ipsorum</span> <span class='ocrx_word' id='word_1_382' title='bbox 701 3367 945 3433; x_wconf 88' lang='lat' dir='ltr'>obicem</span> <span class='ocrx_word' id='word_1_383' title='bbox 971 3373 1234 3452; x_wconf 78' lang='lat' dir='ltr'>ponunt,</span> <span class='ocrx_word' id='word_1_384' title='bbox 1261 3369 1754 3434; x_wconf 84' lang='lat' dir='ltr'>contradictione</span> <span class='ocrx_word' id='word_1_385' title='bbox 1779 3393 1897 3433; x_wconf 87' lang='lat' dir='ltr'>sua</span> <span class='ocrx_word' id='word_1_386' title='bbox 1922 3391 2111 3452; x_wconf 86' lang='lat' dir='ltr'>saepe</span> <span class='ocrx_word' id='word_1_387' title='bbox 2134 3368 2291 3432; x_wconf 88' lang='lat' dir='ltr'>satis</span> <span class='ocrx_word' id='word_1_388' title='bbox 2316 3368 2447 3432; x_wconf 87' lang='lat' dir='ltr'>acri</span> <span class='ocrx_word' id='word_1_389' title='bbox 2468 3369 2515 3434; x_wconf 67' lang='lat' dir='ltr'>ez</span> <span class='ocrx_word' id='word_1_390' title='bbox 2542 3368 2845 3432; x_wconf 87' lang='lat' dir='ltr'>censoria.</span> <span class='ocrx_word' id='word_1_391' title='bbox 2896 3366 3054 3444; x_wconf 82' lang='lat' dir='ltr'>Qui-</span> 
     </span>
     <span class='ocr_line' id='line_1_36' title="bbox 147 3456 3054 3542; baseline 0.001 -25"><span class='ocrx_word' id='word_1_392' title='bbox 147 3475 274 3518; x_wconf 85' lang='lat' dir='ltr'>nam</span> <span class='ocrx_word' id='word_1_393' title='bbox 306 3459 520 3520; x_wconf 85' lang='lat' dir='ltr'>autem</span> <span class='ocrx_word' id='word_1_394' title='bbox 552 3456 682 3521; x_wconf 90' lang='lat' dir='ltr'>sint</span> <span class='ocrx_word' id='word_1_395' title='bbox 705 3457 804 3520; x_wconf 92' lang='lat' dir='ltr'>illi</span> <span class='ocrx_word' id='word_1_396' title='bbox 837 3456 1217 3535; x_wconf 88' lang='lat' dir='ltr'>defensores,</span> <span class='ocrx_word' id='word_1_397' title='bbox 1250 3457 1524 3523; x_wconf 82' lang='lat' dir='ltr'>diximus</span> <span class='ocrx_word' id='word_1_398' title='bbox 1553 3458 1706 3524; x_wconf 72' lang='lat' dir='ltr'>thesi</span> <span class='ocrx_word' id='word_1_399' title='bbox 1735 3456 1785 3522; x_wconf 93' lang='lat' dir='ltr'>I.</span> <span class='ocrx_word' id='word_1_400' title='bbox 1827 3457 2038 3542; x_wconf 84' lang='lat' dir='ltr'>Atque</span> <span class='ocrx_word' id='word_1_401' title='bbox 2063 3457 2372 3522; x_wconf 88' lang='lat' dir='ltr'>hactenus</span> <span class='ocrx_word' id='word_1_402' title='bbox 2397 3457 2555 3521; x_wconf 88' lang='lat' dir='ltr'>satis</span> <span class='ocrx_word' id='word_1_403' title='bbox 2576 3457 2915 3540; x_wconf 87' lang='lat' dir='ltr'>probatum</span> <span class='ocrx_word' id='word_1_404' title='bbox 2935 3479 3054 3540; x_wconf 89' lang='lat' dir='ltr'>pu-</span> 
     </span>
     <span class='ocr_line' id='line_1_37' title="bbox 147 3544 3057 3633; baseline 0.001 -27"><span class='ocrx_word' id='word_1_405' title='bbox 147 3547 336 3609; x_wconf 81' lang='lat' dir='ltr'>tamus</span> <span class='ocrx_word' id='word_1_406' title='bbox 360 3567 436 3608; x_wconf 83' lang='lat' dir='ltr'>ex</span> <span class='ocrx_word' id='word_1_407' title='bbox 452 3545 694 3628; x_wconf 87' lang='lat' dir='ltr'>judicio</span> <span class='ocrx_word' id='word_1_408' title='bbox 719 3545 950 3610; x_wconf 89' lang='lat' dir='ltr'>eruditi</span> <span class='ocrx_word' id='word_1_409' title='bbox 977 3547 1402 3631; x_wconf 87' lang='lat' dir='ltr'>praeceptoris</span> <span class='ocrx_word' id='word_1_410' title='bbox 1429 3548 1627 3612; x_wconf 88' lang='lat' dir='ltr'>nostri</span> <span class='ocrx_word' id='word_1_411' title='bbox 1653 3546 1732 3610; x_wconf 92' lang='lat' dir='ltr'>D.</span> <span class='ocrx_word' id='word_1_412' title='bbox 1771 3548 2034 3613; x_wconf 75' lang='lat' dir='ltr'>Gom-ari</span> <span class='ocrx_word' id='word_1_413' title='bbox 2057 3547 2257 3633; x_wconf 87' lang='lat' dir='ltr'>(quod</span> <span class='ocrx_word' id='word_1_414' title='bbox 2274 3545 2415 3610; x_wconf 88' lang='lat' dir='ltr'>vide</span> <span class='ocrx_word' id='word_1_415' title='bbox 2430 3547 2583 3612; x_wconf 75' lang='lat' dir='ltr'>thesi</span> <span class='ocrx_word' id='word_1_416' title='bbox 2605 3546 2689 3628; x_wconf 92' lang='lat'>1.)</span> <span class='ocrx_word' id='word_1_417' title='bbox 2711 3568 2845 3609; x_wconf 87' lang='lat' dir='ltr'>esse</span> <span class='ocrx_word' id='word_1_418' title='bbox 2862 3544 3057 3628; x_wconf 88' lang='lat' dir='ltr'>hujus</span> 
     </span>
     <span class='ocr_line' id='line_1_38' title="bbox 149 3633 3059 3720; baseline 0 -23"><span class='ocrx_word' id='word_1_419' title='bbox 149 3634 590 3698; x_wconf 85' lang='lat' dir='ltr'>controversiae</span> <span class='ocrx_word' id='word_1_420' title='bbox 616 3635 874 3719; x_wconf 86' lang='lat' dir='ltr'>aliquod</span> <span class='ocrx_word' id='word_1_421' title='bbox 898 3640 1323 3700; x_wconf 87' lang='lat' dir='ltr'>momentum:</span> <span class='ocrx_word' id='word_1_422' title='bbox 1351 3637 1618 3720; x_wconf 89' lang='lat' dir='ltr'>ideoque</span> <span class='ocrx_word' id='word_1_423' title='bbox 1641 3658 1756 3720; x_wconf 89' lang='lat' dir='ltr'>pro</span> <span class='ocrx_word' id='word_1_424' title='bbox 1781 3636 1986 3700; x_wconf 89' lang='lat' dir='ltr'>nihilo</span> <span class='ocrx_word' id='word_1_425' title='bbox 2012 3657 2135 3700; x_wconf 91' lang='lat' dir='ltr'>non</span> <span class='ocrx_word' id='word_1_426' title='bbox 2160 3634 2539 3714; x_wconf 85' lang='lat' dir='ltr'>habendam,</span> <span class='ocrx_word' id='word_1_427' title='bbox 2558 3633 2875 3720; x_wconf 88' lang='lat' dir='ltr'>imprimis</span> <span class='ocrx_word' id='word_1_428' title='bbox 2892 3633 3059 3698; x_wconf 81' lang='lat' dir='ltr'>inter</span> 
     </span>
     <span class='ocr_line' id='line_1_39' title="bbox 149 3722 3059 3809; baseline 0.001 -25"><span class='ocrx_word' id='word_1_429' title='bbox 149 3722 406 3788; x_wconf 85' lang='lat' dir='ltr'>eruditos</span> <span class='ocrx_word' id='word_1_430' title='bbox 453 3724 500 3788; x_wconf 68' lang='grc' dir='ltr'><strong>ἃ</strong></span> <span class='ocrx_word' id='word_1_431' title='bbox 547 3723 976 3788; x_wconf 87' lang='lat' dir='ltr'>scholasticos.</span> <span class='ocrx_word' id='word_1_432' title='bbox 1029 3723 1208 3800; x_wconf 82' lang='lat' dir='ltr'>Quod</span> <span class='ocrx_word' id='word_1_433' title='bbox 1247 3729 1462 3789; x_wconf 89' lang='lat' dir='ltr'>tamen</span> <span class='ocrx_word' id='word_1_434' title='bbox 1487 3726 1578 3790; x_wconf 89' lang='lat' dir='ltr'>sic</span> <span class='ocrx_word' id='word_1_435' title='bbox 1605 3725 1805 3809; x_wconf 90' lang='lat' dir='ltr'>accipi</span> <span class='ocrx_word' id='word_1_436' title='bbox 1829 3725 2023 3789; x_wconf 87' lang='lat' dir='ltr'>velim</span> <span class='ocrx_word' id='word_1_437' title='bbox 2053 3728 2126 3788; x_wconf 92' lang='lat' dir='ltr'>ut</span> <span class='ocrx_word' id='word_1_438' title='bbox 2150 3723 2497 3808; x_wconf 81' lang='lat' dir='ltr'>subjective</span> <span class='ocrx_word' id='word_1_439' title='bbox 2530 3745 2643 3788; x_wconf 89' lang='lat' dir='ltr'>seu</span> <span class='ocrx_word' id='word_1_440' title='bbox 2666 3723 2732 3787; x_wconf 91' lang='lat' dir='ltr'>in</span> <span class='ocrx_word' id='word_1_441' title='bbox 2756 3722 3059 3807; x_wconf 87' lang='lat' dir='ltr'>subjectis</span> 
     </span>
     <span class='ocr_line' id='line_1_40' title="bbox 151 3809 3059 3898; baseline 0.001 -25"><span class='ocrx_word' id='word_1_442' title='bbox 151 3809 518 3898; x_wconf 72' lang='lat' dir='ltr'>distinguam</span> <span class='ocrx_word' id='word_1_443' title='bbox 543 3813 782 3896; x_wconf 81' lang='lat' dir='ltr'>gradus</span> <span class='ocrx_word' id='word_1_444' title='bbox 813 3811 1003 3896; x_wconf 85' lang='lat' dir='ltr'>hujus</span> <span class='ocrx_word' id='word_1_445' title='bbox 1035 3813 1574 3892; x_wconf 87' lang='lat' dir='ltr'>hallucinationis,</span> <span class='ocrx_word' id='word_1_446' title='bbox 1601 3814 1710 3878; x_wconf 82' lang='lat' dir='ltr'>alii</span> <span class='ocrx_word' id='word_1_447' title='bbox 1739 3814 1909 3878; x_wconf 89' lang='lat' dir='ltr'>enim</span> <span class='ocrx_word' id='word_1_448' title='bbox 1937 3813 2081 3878; x_wconf 85' lang='lat' dir='ltr'>aliis</span> <span class='ocrx_word' id='word_1_449' title='bbox 2106 3813 2299 3877; x_wconf 87' lang='lat' dir='ltr'>altius</span> <span class='ocrx_word' id='word_1_450' title='bbox 2324 3812 2488 3877; x_wconf 88' lang='lat' dir='ltr'>hanc</span> <span class='ocrx_word' id='word_1_451' title='bbox 2512 3811 2876 3896; x_wconf 88' lang='lat' dir='ltr'>opinionem</span> <span class='ocrx_word' id='word_1_452' title='bbox 2903 3811 3059 3876; x_wconf 89' lang='lat' dir='ltr'>han-</span> 
     </span>
     <span class='ocr_line' id='line_1_41' title="bbox 151 3899 3051 3986; baseline 0.001 -24"><span class='ocrx_word' id='word_1_453' title='bbox 151 3899 306 3963; x_wconf 87' lang='lat' dir='ltr'>riunt</span> <span class='ocrx_word' id='word_1_454' title='bbox 347 3901 394 3966; x_wconf 61' lang='lat' dir='ltr'>a</span> <span class='ocrx_word' id='word_1_455' title='bbox 440 3901 812 3980; x_wconf 86' lang='lat' dir='ltr'>admittunt,</span> <span class='ocrx_word' id='word_1_456' title='bbox 871 3902 1026 3986; x_wconf 89' lang='lat' dir='ltr'>quin</span> <span class='ocrx_word' id='word_1_457' title='bbox 1073 3905 1118 3968; x_wconf 71' lang='grc' dir='ltr'>δι</span> <span class='ocrx_word' id='word_1_458' title='bbox 1169 3903 1490 3968; x_wconf 87' lang='lat' dir='ltr'>extensive</span> <span class='ocrx_word' id='word_1_459' title='bbox 1516 3903 1580 3966; x_wconf 89' lang='lat' dir='ltr'>in</span> <span class='ocrx_word' id='word_1_460' title='bbox 1605 3903 1929 3968; x_wconf 89' lang='lat' dir='ltr'>nonnullis</span> <span class='ocrx_word' id='word_1_461' title='bbox 1955 3902 2147 3966; x_wconf 87' lang='lat' dir='ltr'>latius</span> <span class='ocrx_word' id='word_1_462' title='bbox 2173 3925 2238 3966; x_wconf 86' lang='lat' dir='ltr'>se</span> <span class='ocrx_word' id='word_1_463' title='bbox 2271 3900 2621 3966; x_wconf 84' lang='lat' dir='ltr'>diffundere</span> <span class='ocrx_word' id='word_1_464' title='bbox 2648 3905 2907 3985; x_wconf 86' lang='lat' dir='ltr'>possent</span> <span class='ocrx_word' id='word_1_465' title='bbox 2936 3923 3051 3985; x_wconf 91' lang='lat' dir='ltr'>per</span> 
     </span>
     <span class='ocr_line' id='line_1_42' title="bbox 151 3989 3047 4075; baseline 0.001 -23"><span class='ocrx_word' id='word_1_466' title='bbox 151 3995 486 4074; x_wconf 76' lang='lat' dir='ltr'>assumptas</span> <span class='ocrx_word' id='word_1_467' title='bbox 537 3991 754 4074; x_wconf 88' lang='lat' dir='ltr'>plures</span> <span class='ocrx_word' id='word_1_468' title='bbox 798 3990 1204 4075; x_wconf 80' lang='lat' dir='ltr'>hypotheses,</span> <span class='ocrx_word' id='word_1_469' title='bbox 1253 3994 1298 4058; x_wconf 73' lang='grc' dir='ltr'>δι</span> <span class='ocrx_word' id='word_1_470' title='bbox 1323 3993 1730 4056; x_wconf 81' lang='lat' dir='ltr'>consectaria..</span> <span class='ocrx_word' id='word_1_471' title='bbox 1787 3991 1879 4057; x_wconf 90' lang='lat' dir='ltr'>Ut</span> <span class='ocrx_word' id='word_1_472' title='bbox 1902 3992 2308 4066; x_wconf 78' lang='lat' dir='ltr'>concludam3</span> <span class='ocrx_word' id='word_1_473' title='bbox 2340 3991 2397 4054; x_wconf 90' lang='grc'>1.</span> <span class='ocrx_word' id='word_1_474' title='bbox 2424 3991 2493 4056; x_wconf 73' lang='lat' dir='ltr'>Si</span> <span class='ocrx_word' id='word_1_475' title='bbox 2515 3989 2625 4074; x_wconf 92' lang='lat' dir='ltr'>qui</span> <span class='ocrx_word' id='word_1_476' title='bbox 2652 3990 3047 4054; x_wconf 88' lang='lat' dir='ltr'>solummodo</span> 
     </span>
     <span class='ocr_line' id='line_1_43' title="bbox 155 4075 3055 4165; baseline 0.002 -27"><span class='ocrx_word' id='word_1_477' title='bbox 155 4075 277 4142; x_wconf 85' lang='lat' dir='ltr'>laxe</span> <span class='ocrx_word' id='word_1_478' title='bbox 319 4079 698 4162; x_wconf 85' lang='lat' dir='ltr'>particulam</span> <span class='ocrx_word' id='word_1_479' title='bbox 746 4081 874 4165; x_wconf 70' lang='lat' dir='ltr'>qud</span> <span class='ocrx_word' id='word_1_480' title='bbox 917 4103 1030 4144; x_wconf 88' lang='lat' dir='ltr'>seu</span> <span class='ocrx_word' id='word_1_481' title='bbox 1079 4091 1148 4146; x_wconf 76' lang='lat' dir='ltr'>ut</span> <span class='ocrx_word' id='word_1_482' title='bbox 1173 4086 1504 4164; x_wconf 88' lang='lat' dir='ltr'>usurpant,</span> <span class='ocrx_word' id='word_1_483' title='bbox 1531 4083 1576 4146; x_wconf 69' lang='grc' dir='ltr'>δι</span> <span class='ocrx_word' id='word_1_484' title='bbox 1601 4081 2017 4165; x_wconf 90' lang='lat' dir='ltr'>proculdubio</span> <span class='ocrx_word' id='word_1_485' title='bbox 2050 4079 2213 4144; x_wconf 91' lang='lat' dir='ltr'>nihil</span> <span class='ocrx_word' id='word_1_486' title='bbox 2238 4079 2411 4142; x_wconf 88' lang='lat' dir='ltr'>aliud</span> <span class='ocrx_word' id='word_1_487' title='bbox 2438 4078 2831 4164; x_wconf 80' lang='lat' dir='ltr'>intelligunt,</span> <span class='ocrx_word' id='word_1_488' title='bbox 2861 4102 3055 4164; x_wconf 85' lang='lat' dir='ltr'>quam</span> 
     </span>
     <span class='ocr_line' id='line_1_44' title="bbox 155 4165 3059 4248; baseline -0.001 -19"><span class='ocrx_word' id='word_1_489' title='bbox 155 4165 448 4248; x_wconf 85' lang='lat' dir='ltr'>objectum</span> <span class='ocrx_word' id='word_1_490' title='bbox 487 4167 1030 4244; x_wconf 73' lang='lat' dir='ltr'>considerationis,</span> <span class='ocrx_word' id='word_1_491' title='bbox 1057 4191 1182 4233; x_wconf 89' lang='lat' dir='ltr'>non</span> <span class='ocrx_word' id='word_1_492' title='bbox 1209 4192 1357 4234; x_wconf 87' lang='lat' dir='ltr'>vero</span> <span class='ocrx_word' id='word_1_493' title='bbox 1389 4169 1657 4235; x_wconf 87' lang='lat' dir='ltr'>formale</span> <span class='ocrx_word' id='word_1_494' title='bbox 1683 4173 1728 4236; x_wconf 70' lang='grc' dir='ltr'>δι</span> <span class='ocrx_word' id='word_1_495' title='bbox 1753 4169 2047 4234; x_wconf 87' lang='lat' dir='ltr'>ultimate</span> <span class='ocrx_word' id='word_1_496' title='bbox 2073 4167 2445 4244; x_wconf 88' lang='lat' dir='ltr'>terminans,</span> <span class='ocrx_word' id='word_1_497' title='bbox 2475 4167 2621 4232; x_wconf 86' lang='lat' dir='ltr'>illos</span> <span class='ocrx_word' id='word_1_498' title='bbox 2645 4165 2821 4244; x_wconf 68' lang='grc' dir='ltr'><em>ἄκυρα</em></span> <span class='ocrx_word' id='word_1_499' title='bbox 2831 4171 3059 4244; x_wconf 70' lang='grc' dir='ltr'><em>λογίαν,</em></span> 
     </span>
     <span class='ocr_line' id='line_1_45' title="bbox 156 4255 3059 4342; baseline 0.001 -24"><span class='ocrx_word' id='word_1_500' title='bbox 156 4255 194 4318; x_wconf 72' lang='lat'>81</span> <span class='ocrx_word' id='word_1_501' title='bbox 213 4255 264 4319; x_wconf 81' lang='lat' dir='ltr'>si</span> <span class='ocrx_word' id='word_1_502' title='bbox 287 4257 664 4322; x_wconf 84' lang='lat' dir='ltr'>contendant</span> <span class='ocrx_word' id='word_1_503' title='bbox 687 4263 1077 4338; x_wconf 78' lang='grc' dir='ltr'><strong><em>λογομκχὶκν</em></strong></span> <span class='ocrx_word' id='word_1_504' title='bbox 1107 4258 1502 4323; x_wconf 88' lang='lat' dir='ltr'>committere</span> <span class='ocrx_word' id='word_1_505' title='bbox 1528 4259 1821 4324; x_wconf 87' lang='lat' dir='ltr'>arbitror.</span> <span class='ocrx_word' id='word_1_506' title='bbox 1859 4261 1919 4321; x_wconf 85' lang='lat'>2.</span> <span class='ocrx_word' id='word_1_507' title='bbox 1946 4256 2017 4322; x_wconf 88' lang='lat' dir='ltr'>Si</span> <span class='ocrx_word' id='word_1_508' title='bbox 2048 4257 2157 4341; x_wconf 91' lang='lat' dir='ltr'>qui</span> <span class='ocrx_word' id='word_1_509' title='bbox 2180 4258 2443 4341; x_wconf 87' lang='lat' dir='ltr'>insuper</span> <span class='ocrx_word' id='word_1_510' title='bbox 2470 4259 2776 4322; x_wconf 72' lang='lat' dir='ltr'>rationem</span> <span class='ocrx_word' id='word_1_511' title='bbox 2800 4257 3059 4342; x_wconf 61' lang='lat' dir='ltr'>forina-</span> 
     </span>
     <span class='ocr_line' id='line_1_46' title="bbox 157 4341 3063 4432; baseline 0.002 -28"><span class='ocrx_word' id='word_1_512' title='bbox 157 4341 260 4410; x_wconf 73' lang='lat' dir='ltr'>lem</span> <span class='ocrx_word' id='word_1_513' title='bbox 303 4346 516 4412; x_wconf 77' lang='lat' dir='ltr'>invitis</span> <span class='ocrx_word' id='word_1_514' title='bbox 562 4348 856 4414; x_wconf 86' lang='lat' dir='ltr'>omnibus</span> <span class='ocrx_word' id='word_1_515' title='bbox 902 4347 1300 4432; x_wconf 87' lang='lat' dir='ltr'>philosophis</span> <span class='ocrx_word' id='word_1_516' title='bbox 1347 4349 1394 4414; x_wconf 70' lang='grc' dir='ltr'>δι</span> <span class='ocrx_word' id='word_1_517' title='bbox 1439 4347 1673 4412; x_wconf 89' lang='lat' dir='ltr'>scholis</span> <span class='ocrx_word' id='word_1_518' title='bbox 1727 4346 2155 4432; x_wconf 74' lang='lat' dir='ltr'>&#39;l&#39;heologici8‚</span> <span class='ocrx_word' id='word_1_519' title='bbox 2206 4347 2514 4431; x_wconf 88' lang='lat' dir='ltr'>peculiari</span> <span class='ocrx_word' id='word_1_520' title='bbox 2530 4369 2656 4422; x_wconf 67' lang='lat' dir='ltr'>‚suo</span> <span class='ocrx_word' id='word_1_521' title='bbox 2681 4350 2989 4431; x_wconf 86' lang='lat' dir='ltr'>conceptu</span> <span class='ocrx_word' id='word_1_522' title='bbox 3016 4346 3063 4411; x_wconf 69' lang='grc' dir='ltr'><strong>ἃ</strong></span> 
     </span>
     <span class='ocr_line' id='line_1_47' title="bbox 159 4431 3063 4522; baseline 0.002 -29"><span class='ocrx_word' id='word_1_523' title='bbox 159 4431 338 4500; x_wconf 83' lang='lat' dir='ltr'>abusu</span> <span class='ocrx_word' id='word_1_524' title='bbox 365 4435 540 4500; x_wconf 87' lang='lat' dir='ltr'>aliud</span> <span class='ocrx_word' id='word_1_525' title='bbox 569 4436 724 4519; x_wconf 88' lang='lat' dir='ltr'>quid</span> <span class='ocrx_word' id='word_1_526' title='bbox 747 4441 968 4504; x_wconf 85' lang='lat' dir='ltr'>notare</span> <span class='ocrx_word' id='word_1_527' title='bbox 990 4435 1236 4502; x_wconf 85' lang='lat' dir='ltr'>faciunt</span> <span class='ocrx_word' id='word_1_528' title='bbox 1259 4439 1332 4501; x_wconf 89' lang='lat' dir='ltr'>ut</span> <span class='ocrx_word' id='word_1_529' title='bbox 1356 4437 1551 4502; x_wconf 87' lang='lat' dir='ltr'>semel</span> <span class='ocrx_word' id='word_1_530' title='bbox 1575 4438 1743 4502; x_wconf 87' lang='lat' dir='ltr'>male</span> <span class='ocrx_word' id='word_1_531' title='bbox 1767 4437 1976 4522; x_wconf 87' lang='lat' dir='ltr'>posita</span> <span class='ocrx_word' id='word_1_532' title='bbox 2006 4435 2369 4513; x_wconf 84' lang='lat' dir='ltr'>defendant,</span> <span class='ocrx_word' id='word_1_533' title='bbox 2388 4435 2518 4502; x_wconf 90' lang='lat' dir='ltr'>illis</span> <span class='ocrx_word' id='word_1_534' title='bbox 2534 4436 3063 4522; x_wconf 89' lang='lat' dir='ltr'>philosophorum</span> 
     </span>
    </p>
   </div>
   <div class='ocr_carea' id='block_1_4' title="bbox 2873 4523 3067 4612">
    <p class='ocr_par' dir='ltr' id='par_1_4' title="bbox 2873 4523 3067 4612">
     <span class='ocr_line' id='line_1_48' title="bbox 2873 4523 3067 4612; baseline 0 -22"><span class='ocrx_word' id='word_1_535' title='bbox 2873 4523 3067 4612; x_wconf 86' lang='lat' dir='ltr'>(unde</span> 
     </span>
    </p>
   </div>
  </div>
 </body>
</html>
