3694 4871
671 302 799 367 224
957 300 1175 368 Drsr.
1222 298 1405 367 VIII.
1453 301 1564 367 Dr.
1610 301 1975 367 Pansoru
2023 302 2360 369 Cna1s‘r1
2409 258 2963 371 Mameroars.
3013 304 3218 369 Pras
3265 302 3314 369 Ι.

669 491 766 552 est
810 509 925 551 nec
980 509 1125 551 vere
1182 486 1307 551 dici
1337 490 1547 571 potest
1593 492 1776 571 pater
1822 490 1868 555 &
1893 486 2058 572 Spir.
2095 488 2181 567 S.,
2210 489 2320 553 ille
2349 488 2467 553 sub
2499 489 2613 553 illo
2637 488 2897 555 formali
2925 512 3056 574 qua
3084 492 3216 554 tale
3239 490 3510 553 distincte
3531 492 3568 555 ἃ

670 576 1076 659 peculiariter
1119 576 1369 639 colitur.
1419 574 1544 639 Sed
1589 576 1761 641 filius
1809 576 1933 656 Dei
1983 582 2080 641 est
2105 578 2151 642 8ι
2179 600 2321 642 vere
2347 578 2578 641 dicitur
2610 578 2820 655 hom0,
2847 580 3059 664 quod
3045 600 3172 645 non
3199 583 3296 643 est
3317 600 3426 641 nec
3447 598 3568 639 vere

669 665 902 728 dicitur
954 668 1136 747 pater
1182 667 1294 727 aut
1328 662 1497 747 Spir.
1524 662 1589 728 S.
1637 664 1811 749 Ergo
1837 666 1955 729 sub
1980 665 2094 729 illo
2117 666 2396 744 formali,
2421 687 2548 750 qua
2571 666 2722 743 tale,
2758 666 2824 730 h.
2857 689 2912 731 e.
2938 689 3066 751 qua
3091 667 3278 731 homo
3309 666 3567 729 distincte

670 755 715 819 δι
727 752 1135 837 peculiariter
1145 752 1374 815 colitur
1386 754 1432 818 &
1448 753 1765 817 adoratur.
1792 752 1962 817 Hinc
1987 776 2240 817 rursum
2265 754 2462 838 liquet
2473 776 2665 837 quam
2683 716 2936 819 infirma
2953 755 3038 819 sit
3056 754 3348 839 maJ'bris
3329 776 3392 817 m
3407 752 3567 818 tertio
3649 826 3651 829 Α

668 842 791 905 hoc
826 844 1203 925 argumento
1226 842 1696 923 consequentia.
1746 841 1928 917 Quod
1953 842 2005 905 si
2039 864 2114 906 ea
2139 841 2539 917 reformetur,
2575 843 2929 907 videbimus
2952 843 3114 907 nihil
3143 843 3316 907 aliud
3339 842 3566 907 conclu·
3649 860 3651 915 j

670 951 809 994 sum
857 929 939 992 iri
990 928 1117 992 nisi
1155 950 1344 1012 quem
1370 930 1415 995 &
1441 931 1715 1012 qualem,
1742 930 1789 993 ἃ
1820 930 2097 1012 qualiter
2121 931 2608 1005 consideratum,
2633 932 2966 996 colendum
2991 934 3037 999 δι
3063 932 3440 996 adorandum
3461 935 3566 994 sta-
3648 952 3651 957 ¹

668 1022 941 1082 tuamus.
976 1016 1066 1080 Et
1088 1016 1175 1081 sic
1200 1018 1323 1081 erit
1353 1040 1528 1081 mera
1549 1018 1809 1083 fallacia
1833 1018 2255 1101 ignorationis
2283 1019 2550 1088 elenchi
2577 1022 2624 1086 &
2647 1020 3120 1103 homonymiae,
3147 1023 3194 1086 a
3219 1018 3568 1085 confusionis
3648 1042 3651 1045 ·

670 1111 861 1191 atque
886 1106 1122 1170 abusus
1148 1105 1589 1171 terminorum.
1638 1106 1801 1171 Vide
1831 1128 1994 1189 quae
2023 1129 2218 1190 supra
2241 1127 2376 1191 cap.
2416 1108 2438 1169 l
2473 1109 2634 1172 satis
2667 1108 2961 1172 distincte
2987 1108 3419 1193 explicuimus,
3649 1142 3651 1187 j

761 1193 831 1263 6.
884 1196 1126 1278 Quarta
1154 1194 1290 1279 obj.
1318 1192 1451 1259 Sub
1484 1218 1609 1279 quo
1630 1194 1888 1259 formali
1913 1195 2204 1259 Christus
2231 1200 2328 1259 est
2351 1195 2669 1278 objectum
2692 1206 2800 1265 τῆς
2821 1200 3067 1271 λογικῆς
3089 1202 3360 1269 inf-iac
3379 1217 3450 1260 ex
3471 1194 3567 1257 fide

670 1284 733 1347 in
784 1304 997 1357 coena,
1054 1284 1170 1347 sub
1226 1304 1299 1347 eo
1354 1288 1450 1347 est
1480 1282 1628 1347 fidei
1659 1284 1705 1349 ἃ
1730 1283 2116 1348 adorationis
2141 1306 2218 1347 ex
2242 1283 2364 1347 fide
2370 1284 2733 1393 ‘objectum
2783 1283 2988 1367 Atqui
3019 1284 3354 1349 Christus
3337 1306 3398 1347 ιιι
3421 1302 3567 1347 sacra
3649 1318 3651 1345 ;

668 1394 862 1437 coena
908 1374 1005 1436 est
1048 1372 1366 1455 objectum
1412 1378 1519 1440 τῆς
1541 1378 1784 1445 λογικῆς
1804 1376 2075 1446 λατρείας
2119 1376 2192 1435 ut
2237 1371 2421 1455 panis
2459 1372 2570 1455 qui
2618 1394 2652 1435 e
2687 1373 2860 1437 coelo
2887 1373 3227 1451 descendit,
3255 1375 3325 1435 ut
3347 1392 3565 1435 carnem
3648 1376 3651 1439 Ξ

632 1489 640 1500 ·
667 1461 911 1524 habens
958 1459 1468 1523 manducabilem
1497 1460 1544 1523 &
1568 1460 1948 1542 sanguinem
1975 1460 2324 1542 potabilem
2352 1460 2777 1542 spiritualiter
2806 1461 2942 1523 Joh.
2971 1460 3034 1523 6.
3063 1460 3240 1544 Ergo
3269 1464 3364 1523 est
3385 1458 3566 1522 fidei&
3648 1490 3651 1539 ᾗ

672 1548 1057 1613 adorationis
1104 1547 1441 1630 religiosae
1491 1547 1809 1631 objectum
1849 1548 1967 1612 sub
1992 1548 2238 1612 ratione
2265 1548 2380 1611 illa
2402 1547 2679 1626 formali,
2705 1551 2832 1632 qua
2857 1544 3112 1612 carnem
3137 1570 3320 1611 suam
3347 1546 3568 1611 exhibet
3649 1560 3651 1565 ·

670 1636 1190 1711 manducandam,
1218 1638 1264 1701 a
1290 1635 1667 1719 sanguinem
1693 1657 1880 1700 suum
1903 1635 2270 1712 bibendum,
2295 1636 2362 1699 id
2386 1642 2501 1713 est,
2529 1640 2656 1719 qua
2677 1636 2990 1701 mediator
3013 1642 3058 1697 δι
3081 1636 3389 1700 sacerdos.
3419 1636 3565 1717 Resp.

670 1724 950 1789 Rursum
1003 1723 1341 1787 obscurum
1386 1724 1695 1807 probatur
1718 1746 1833 1807 per
1859 1746 2058 1807 aeque
2085 1724 2316 1809 (sinon
2341 1724 2572 1826 magis)
2609 1725 2968 1789 obscurum.
3019 1722 3190 1789 Nam
3211 1725 3438 1808 prime,
3461 1727 3568 1785 ter-

671 1813 829 1877 mini
881 1812 948 1875 in
996 1811 1335 1914 principali
1382 1816 1759 1897 argumento
1808 1816 2169 1888 mutantur3
2225 1812 2414 1877 sicuti
2461 1814 2528 1876 in
2559 1814 2961 1897 praecedenti
2985 1812 3178 1877 tertio
3202 1816 3566 1897 argumento.
3649 1880 3651 1885 .

672 1901 965 1966 Debebat
1017 1900 1187 1963 enim
1240 1901 1307 1963 in
1331 1900 1562 1964 minori
1594 1902 1833 1985 absque
1858 1901 1992 1964 ulla
2016 1901 2366 1965 variatione
2399 1901 2775 1984 simpliciter
2798 1901 3118 1965 subsumi:
3169 1901 3290 1966 Sed
3319 1900 3570 1965 Christus

672 1990 786 2056 sub
832 1991 941 2055 illo
978 1990 1239 2074 for-mali
1261 2008 1389 2075 qua
1420 1990 1726 2055 mediator
1753 2000 1841 2055 est
1865 1989 2163 2073 objectum
2185 1998 2295 2057 τῆς
2317 1994 2558 2063 λογικῆς
2580 1993 2849 2063 λκτρείας
2871 2011 2948 2054 em
3017 1989 3138 2055 de
3114 2010 3186 2053 ιη
3209 1988 3272 2055 S.
3301 2010 3493 2055 eoerza.
3515 1984 3572 2050 Si

673 2079 983 2142 minorem
1031 2077 1173 2160 quis
1220 2078 1489 2161 probare
1546 2077 1719 2156 velit,
1766 2078 1889 2142 hoc
1935 2078 2482 2162 prosyllogismis
2467 2101 2534 2141 ιιι
2557 2076 2764 2141 forma
2787 2078 2924 2141 fieri
2991 2078 3240 2141 ebebat.
3290 2076 3460 2152 Quod
3482 2076 3574 2139 ubi
3649 2086 3651 2089 ⁴

674 2166 1053 2251 praestitum
1097 2164 1315 2243 fuerit,
1342 2166 1676 2250 apparebit
1706 2188 1898 2249 quam
1925 2166 2182 2230 infirma
2207 2166 2294 2229 sit
2323 2166 2792 2248 consequentia.
2843 2166 3148 2243 Secunde,
3175 2165 3458 2249 quamvis
3487 2165 3574 2227 hic
3649 2212 3651 2217 -

674 2255 1017 2319 subsistere
1049 2276 1297 2338 possem
1324 2254 1518 2319 donec
1543 2259 1990 2339 argumentum
2017 2254 2496 2332 reformaretur,
2523 2276 2602 2318 ex
2626 2252 2975 2317 abundanti
2997 2258 3214 2318 tamen
3237 2254 3423 2318 addc.
3448 2250 3576 2316 Nou

620 2374 622 2377 ⁴
674 2344 989 2445 stringere
1036 2346 1507 2427 argumentum,
1562 2342 1713 2425 quia
1753 2345 1867 2407 aut
1911 2342 2200 2407 absolute
2224 2364 2474 2425 possem
2506 2364 2743 2426 negare
2773 2343 3291 2426 consequentiam
3323 2341 3575 2425 majoriS,
3649 2384 3651 2387 <

674 2437 787 2497 aut
838 2432 905 2496 in
950 2431 1160 2516 ipsum
1192 2435 1613 2515 opponentem
1638 2435 2028 2515 retorquere,
2055 2453 2182 2496 non
2205 2431 2416 2496 minus
2441 2454 2635 2514 quam
2660 2435 3110 2516 argumentum
3131 2431 3416 2496 tertium.
3459 2428 3576 2494 Ab·
3648 2475 3651 2482 -

672 2523 877 2586 solute
916 2521 969 2584 si
993 2541 1297 2604 negarem
1318 2520 1645 2604 majorem,
1672 2521 1888 2584 darem
1911 2521 2079 2584 hanc
2102 2520 2503 2584 instantiam.
2556 2519 2707 2602 quia
2731 2519 3022 2584 Christus
3045 2520 3240 2584 homo
3265 2522 3312 2586 a
3335 2541 3454 2605 qua
3476 2519 3576 2582 ho·
3649 2519 3651 2574 ῗ

672 2632 797 2689 ιιιο,
841 2631 966 2692 qua
1014 2631 1158 2672 caro
1205 2608 1251 2672 δι
1296 2608 1557 2693 sanguis
1580 2630 1693 2690 pro
1718 2609 1900 2672 nobis
1926 2607 2154 2686 factae,
2179 2630 2307 2692 qua
2331 2631 2476 2672 caro
2501 2609 2636 2692 ejus
2659 2607 2884 2680 fracta,
2911 2609 2958 2673 δι
2982 2608 3248 2692 sanguis
3273 2631 3388 2692 pro
3417 2609 3576 2671 nobis

671 2699 925 2772 effusuS,
952 2700 1050 2761 est
1080 2697 1395 2780 objectum
1419 2698 1620 2762 cultu-3
1643 2697 1972 2762 rationalis
1997 2696 2062 2760 in
2086 2718 2316 2773 coena3
2341 2719 2456 2761 nec
2471 2699 2687 2760 tamen
2705 2696 2824 2762 sub
2840 2696 2953 2761 illo
2969 2697 3229 2760 formali
3245 2718 3374 2780 qua
3391 2697 3576 2770 homo,

672 2809 799 2870 qua
853 2807 997 2850 caro
1043 2785 1143 2850 διο.
1172 2788 1269 2849 est
1292 2785 1678 2862 adorandus3
1711 2807 1825 2850 nec
1857 2789 2315 2868 consequenter
2337 2805 2481 2848 caro
2507 2787 2619 2848 aut
2643 2785 2975 2868 sanguinis
3003 2787 3137 2864 eius
3163 2785 3227 2848 in
3255 2807 3466 2856 coena.
3495 2787 3576 2846 est

670 2875 988 2956 objectum
1040 2872 1310 2937 formale
1355 2877 1607 2937 nostrae
1662 2873 2069 2938 adorationis.
2119 2873 2316 2957 Ergo,
2367 2871 2530 2936 Vide
2561 2872 2729 2937 infra
2755 2873 2821 2936 in
2853 2894 3003 2958 app.
3037 2894 3142 2958 qu.
3173 2875 3280 2937 22.
3315 2871 3428 2936 Sin
3451 2893 3576 2936 vero

672 2967 1037 3044 retorquere
1082 2961 1341 3036 vellem;
1389 2961 1613 3026 relicta
1634 2962 1864 3044 majori
1886 2961 2317 3045 propositione
2341 2963 2601 3045 ejusque
2625 2962 2919 3026 terminis
2943 2963 3008 3025 in
3035 2984 3150 3026 sua
3173 2961 3576 3046 ambiguitate

671 3052 717 3116 &
734 3049 1139 3128 obscuritate,
1159 3051 1247 3114 sic
1271 3050 1684 3115 retorsionem
1707 3053 1928 3114 contra
1954 3050 2338 3114 sententiam
2363 3050 2543 3134 [pag.
2573 3050 2737 3136 313]
2763 3049 3095 3114 adversam
3121 3071 3238 3133 pro
3271 3072 3416 3114 mea
3437 3071 3572 3134 pro-

673 3160 991 3222 ponerem.
1042 3136 1175 3202 Sub
1223 3159 1349 3221 quo
1392 3138 1648 3202 formali
1675 3137 1966 3203 Christus
1993 3141 2090 3201 est
2114 3138 2430 3220 objectum
2455 3137 2658 3203 cultus
2683 3139 3015 3203 rationalis
3037 3161 3116 3203 ex
3143 3139 3268 3202 fide
3293 3139 3358 3202 in
3385 3159 3575 3213 coena,

672 3227 791 3292 sub
839 3248 912 3290 eo
959 3230 1055 3290 est
1100 3226 1245 3290 fidei
1296 3228 1341 3292 δι
1372 3227 1757 3290 adorationis
1782 3249 1861 3290 ex
1891 3226 2013 3290 fide
2038 3226 2376 3309 objectum.
2427 3225 2550 3290 Sed
2581 3225 2874 3290 Christus
2896 3227 3014 3291 sub
3045 3227 3159 3290 illo
3191 3225 3448 3291 formali
3469 3246 3576 3309 qua

676 3315 858 3394 DeuS,
914 3316 959 3380 δι
1004 3336 1131 3378 ιιοιι
1156 3336 1283 3398 qua
1306 3315 1634 3392 mediator,
1670 3337 1795 3398 qua
1817 3313 2029 3389 hom0,
2055 3337 2183 3399 qua
2208 3337 2352 3379 caro
2376 3315 2525 3378 data
2556 3315 2601 3380 &
2627 3315 2928 3380 crucifixa
2949 3337 3063 3399 pro
3087 3315 3316 3379 mundi
3347 3315 3474 3380 vita
3493 3321 3574 3376 &c

670 3406 767 3468 est
811 3405 1011 3469 calcas
1056 3404 1384 3468 rationalis
1431 3425 1507 3466 ex
1553 3403 1675 3467 fide
1700 3404 1765 3467 in
1798 3425 1992 3468 coena
2017 3403 2357 3485 objectum.
2404 3403 2598 3486 Ergo,
2650 3403 2830 3479 Quod
2855 3404 2910 3467 si
2937 3406 3242 3488 majorem
3267 3426 3448 3468 suam
3473 3424 3574 3466 non

672 3492 995 3569 reformet,
1020 3492 1193 3555 valet
1216 3491 1516 3556 retorsio:
1544 3493 1590 3556 &
1614 3491 1952 3556 infirmitas
1977 3493 2234 3575 majoris
2260 3513 2372 3575 per
2397 3513 2538 3555 eam
2562 3491 2936 3556 ostenditur.
2985 3491 3098 3556 Sin
3123 3513 3274 3556 vero
3291 3493 3578 3556 minorem

670 3579 1027 3664 syllogismi
1060 3579 1485 3662 retorquentis
1515 3601 1749 3664 negare
1780 3580 1956 3656 velit,
1990 3601 2110 3664 ego
2141 3580 2337 3644 offero
2361 3602 2462 3644 me
2487 3580 2567 3643 ad
2590 3580 3059 3663 probationem:
3087 3580 3210 3645 hac
3240 3581 3576 3645 conditione

672 3670 717 3734 ἃ
742 3690 814 3732 eo
845 3668 1049 3744 mode,
1076 3671 1148 3732 ut
1178 3667 1243 3731 in
1276 3689 1575 3752 responso
1600 3669 1681 3732 ad
1704 3673 2151 3752 argumentum
2181 3667 2464 3732 tertium.

762 3755 829 3824 7.
882 3756 1121 3838 Quinta
1172 3755 1391 3838 Object.
1440 3756 1503 3820 in
1547 3755 1754 3820 forma
1778 3778 1906 3821 non
1931 3757 2324 3840 proponitur.
2372 3755 2508 3820 Nos
2535 3757 2624 3820 sic
2655 3757 2735 3820 ad
2757 3757 3030 3822 formam
3055 3756 3431 3842 redigimus.
3475 3755 3578 3832 Qui

670 3845 971 3909 adoratur
1016 3845 1133 3908 sub
1181 3844 1301 3908 hoc
1346 3844 1602 3909 formali
1648 3867 1774 3927 qua
1821 3846 2028 3929 aperit
2074 3845 2314 3909 viscera
2347 3846 2663 3909 humanae
2711 3845 3283 3910 commiserationis
3307 3869 3460 3931 erga
3482 3867 3576 3908 nos

668 3938 1079 4016 nostramque
1124 3932 1469 4012 miseriam,
1516 3934 1563 3998 δι
1602 3933 1745 3997 vivo
1777 3934 1914 4017 ejus
1953 3955 2140 3997 sensu
2165 3934 2445 3998 afficitur
2468 3934 2569 3998 &c.
2595 3934 2704 3997 ille
2730 3935 3031 3998 adoratur
3053 3933 3172 3998 sub
3196 3935 3324 3999 hoc
3345 3933 3574 3999 formali

670 4042 800 4104 qua
822 4022 1111 4085 sacerdos
1136 4024 1181 4086 δι
1205 4042 1331 4104 qua
1354 4022 1683 4086 mediator.
1732 4019 1858 4085 Sed
1883 4021 2174 4085 Christus
2207 4022 2508 4086 adoratur
2531 4023 2629 4087 ac.
2659 4022 2840 4087 Hebr.
2869 4024 2930 4088 4.
2958 4024 3142 4088 v.14.
3165 4025 3270 4088 15.
3293 4026 3402 4088 16.
3425 4023 3574 4108 Ergo

672 4111 853 4192 Hesp.
900 4106 965 4171 Si
1012 4113 1215 4172 totam
1260 4109 1585 4193 paginam,
1618 4109 1729 4174 ubi
1768 4114 2218 4195 argumentum
2242 4109 2361 4174 hoc
2386 4110 2780 4194 proponitur,
2813 4112 2957 4194 quis
2983 4112 3330 4194 persolvat,
3359 4109 3576 4177 videbit

672 4197 877 4260 multa
908 4195 1147 4276 absque
1178 4196 1580 4261 distinctione
1606 4197 1880 4275 misceri,
1918 4198 2177 4276 involvi,
2217 4201 2262 4264 &
2295 4199 2633 4262 obscurum
2657 4222 2770 4282 per
2796 4221 2996 4300 aeque
3027 4199 3224 4264 immo
3249 4201 3458 4286 magis
3479 4199 3574 4260 ob-

673 4303 925 4346 scurum
950 4283 1225 4363 probari.
1256 4285 1417 4349 Nam
1444 4287 1676 4366 primO,
1703 4307 1960 4368 possum
1979 4287 2121 4368 jure
2147 4308 2289 4350 meo
2314 4291 2550 4369 petere,
2575 4308 2700 4351 non
2731 4289 2944 4352 minus
2969 4310 3043 4352 ac
3066 4288 3132 4351 in
3159 4285 3574 4372 praecedenti-

674 4370 792 4433 bus
817 4369 1231 4452 argumentis-3,
1256 4374 1329 4433 ut
1350 4373 1604 4435 termini
1632 4395 1756 4435 non
1781 4374 2010 4436 mutati
2038 4374 2127 4436 sic
2150 4373 2547 4438 inferantur
2529 4396 2595 4437 m
2621 4376 3109 4455 conclusionem,
3140 4381 3340 4460 prout
3363 4376 3574 4442 fuerint
3649 4389 3651 4400 ²

3521 4464 3572 4526 in
