3694 4871
411 312 650 377 Dtsr.
697 309 828 376 VI.
876 311 996 377 De
1045 310 1745 377 PnoerArtons
1792 310 2187 375 PsccA‘M
2235 307 2817 377 OnlotnAMS.
2960 312 3085 377 159

351 498 614 565 animas
637 496 900 565 demittit
923 499 994 563 in
1023 518 1286 583 corpora
1321 511 1626 585 tanquam
1651 498 1720 563 in
1743 498 1880 565 loca
1904 498 2221 583 supplicii,
2249 497 2583 581 confutant
2598 522 2619 563 .·
2643 498 2857 585 quales
2880 518 2959 566 em
2982 520 3086 565 ve-

133 588 372 653 teribus
423 586 643 672 Cyrill.
693 586 1046 651 Alexanda.
1099 589 1157 653 1.
1205 588 1269 651 in
1317 585 1360 651 J
1363 587 1467 652 oh.
1515 609 1654 671 cap.
1702 588 1764 654 9.
1807 586 2043 670 Epiph.
2080 586 2263 670 epist.
2292 587 2391 651 ad.
2416 584 2460 651 J
2463 586 2568 652 oh.
2601 586 3084 673 Hierosolymit.

133 676 426 761 August.
442 676 629 760 epist.
649 677 754 740 28.
780 697 856 739 ex
879 676 1318 741 recentioribus
1344 674 1715 740 Bellarmin.
1743 675 1853 739 lib.
1883 681 1943 739 4.
1959 676 2035 739 de
2049 678 2215 760 grat.
2230 677 2460 741 &statu
2472 675 2715 759 peccati
2728 698 2780 740 o.
2803 678 2903 740 11.
2918 713 3003 725 —-
3024 678 3084 742 4.

133 766 312 850 quia,
359 786 444 829 ea:
478 764 1043 853 praestantioribus
1069 765 1358 851 theoloqis
1381 766 1583 851 aliqui
1611 766 1966 829 accuratius
1991 764 2107 828 hac
2129 784 2198 829 re
2222 784 2536 849 perpensa
2565 776 2794 830 eaeserte
2822 766 3085 830 modum

133 854 308 919 hune
343 854 638 938 refutant
675 853 736 919 a·
775 853 1096 937 rejiciunt.-
1135 854 1298 918 inter
1336 874 1492 939 quos
1528 852 1853 917 Danaeus.
1888 875 1951 937 p.
1976 852 2083 917 43.
2107 849 2363 937 Isagog.
2396 874 2449 917 c.
2482 854 2584 917 18.
2610 854 2657 919 ἃ
2686 854 2787 917 19.
2814 852 3088 919 Ursinus

133 942 324 1005 modo
374 942 486 1007 cit.
513 940 716 1006 Andr.
741 940 1009 1007 Rivetus
1041 942 1109 1005 in
1133 942 1296 1026 disp.
1331 944 1407 1005 15
1433 941 1602 1006 thesi
1639 943 1740 1005 15.
1774 942 1838 1005 in
1868 941 2127 1026 synopsi
2150 940 2374 1005 Theol.
2401 940 2481 1005 D.
2509 941 2773 1025 profess
2800 940 3088 1007 LeidenS.

135 1032 194 1094 5.
247 1031 416 1114 quia
460 1042 710 1097 auctores
756 1030 951 1114 hujus
996 1031 1314 1115 opinionis
1349 1050 1482 1095 non
1506 1031 1660 1095 satis
1684 1031 1969 1095 distincte
1989 1050 2055 1095 se
2082 1027 2145 1094 a
2168 1031 2527 1115 opinionem
2550 1050 2735 1096 suam
2760 1032 3089 1115 explicant,

135 1122 230 1185 An
279 1138 507 1188 semen
552 1121 630 1186 sit
674 1118 1019 1204 subjectum
1065 1120 1400 1185 inhaerens
1436 1120 1669 1203 peccati
1698 1119 2029 1204 oriqinalis
2052 1119 2234 1183 istius
2257 1118 2579 1184 individui
2598 1140 2650 1184 e.
2679 1140 2739 1205 9.
2779 1120 2926 1185 Titii
2945 1141 3089 1186 eum

135 1220 286 1273 esset
311 1210 386 1275 in
406 1229 666 1293 corpore
677 1209 884 1293 patris
899 1208 962 1275 a·
975 1209 1220 1286 matris,
1241 1229 1330 1272 an
1345 1228 1489 1273 vero
1503 1228 1650 1275 cum
1671 1220 1820 1273 esset
1844 1208 2122 1273 deamtm
2150 1204 2213 1272 ἃ·
2235 1207 2487 1294 quidem
2510 1208 2597 1273 ad
2616 1209 3092 1293 conceptionem,

133 1318 220 1361 an
251 1319 312 1362 v.
324 1318 480 1363 cum
505 1298 654 1363 inde
673 1297 926 1384 embryo
949 1296 1222 1382 formari
1242 1306 1487 1381 coeptus
1510 1308 1679 1361 esset.
1709 1298 2013 1376 Rursum,
2037 1297 2137 1362 An
2162 1316 2389 1380 corp-us
2422 1296 2565 1361 Titii
2570 1296 2715 1380 jam
2738 1299 3087 1382 formatum

136 1388 417 1451 instanti
459 1398 608 1451 ante
644 1388 1096 1451 animationem
1141 1387 1220 1451 sit
1258 1386 1600 1469 subjectum
1639 1385 1921 1469 ejusdem
1946 1386 2190 1471 qeneris
2218 1405 2363 1450 eum
2394 1386 2631 1453 semine
2658 1385 2833 1454 unde
2859 1406 3090 1471 corpus

137 1476 298 1559 ipsis
347 1478 712 1559 formatum
728 1498 751 1551 ;
797 1474 898 1540 An
954 1472 1017 1540 ἃ*
1047 1475 1357 1560 quomodo
1379 1494 1608 1539 semem
1631 1474 1797 1539 illud
1817 1475 1897 1539 sit
1920 1485 2033 1539 aut
2055 1475 2167 1561 fiat
2196 1472 2539 1557 subjectum
2564 1474 2885 1541 individui
2905 1475 3089 1543 istius

135 1565 371 1647 peccati
418 1564 750 1647 mi9inalis
796 1576 849 1627 e:
885 1584 946 1648 9.
983 1564 1145 1640 Titii,
1183 1561 1247 1627 a
1277 1564 1470 1629 simul
1494 1565 2011 1640 instrumentum,
2037 1583 2147 1629 seu
2169 1582 2362 1627 causa
2382 1583 2497 1647 per
2524 1584 2590 1628 se
2610 1562 2673 1630 ἃ·
2693 1564 2913 1630 directe
2930 1586 3087 1651 pro-

138 1652 382 1718 ducens
396 1652 431 1719 ?
477 1655 554 1718 Et
599 1654 680 1718 sit
717 1650 1210 1718 instrumentum
1242 1672 1330 1717 an
1353 1663 1500 1717 ante
1529 1652 1897 1717 decisionem
1921 1672 2011 1716 an
2031 1662 2167 1735 post
2188 1652 2558 1717 decisionem
2581 1654 2668 1717 ad
2688 1666 3090 1738 conceptum,-

139 1762 210 1807 ac
251 1754 405 1827 post
445 1742 748 1807 icboatam
789 1740 1148 1827 embryonis
1174 1742 1640 1827 formationem,
1669 1761 1759 1806 an
1778 1751 1919 1824 post
1948 1740 2338 1817 absolutam;
2362 1762 2451 1805 an
2472 1752 2611 1825 post
2632 1742 3085 1809 animationem

141 1832 344 1914 foetus
368 1850 604 1915 comnis
627 1833 704 1895 sit
728 1830 985 1895 deinum
1006 1832 1118 1917 fiat
1141 1830 1638 1895 instrumentum
1662 1829 2074 1895 traductionis
2098 1829 2167 1893 in
2188 1830 2495 1895 animam.
2535 1829 2718 1911 Quod
2740 1831 2798 1895 si
2815 1852 2930 1913 per
2950 1852 3087 1897 om-

143 1919 258 1986 nia
304 1920 424 1985 illa
469 1930 806 1998 momenta,
859 1916 922 1984 ἃ
967 1939 1182 1983 omnes
1227 1918 1366 1983 illos
1411 1919 1532 2005 (ita
1580 1917 1834 2005 loquar)
1860 1917 2170 1997 stationes,
2198 1918 2276 1983 sit
2306 1938 2439 1983 non
2472 1929 2726 1983 tantum
2750 1921 3089 2003 subjectum

147 2006 562 2087 inhaesionis,
594 2008 702 2073 sed
735 2006 800 2073 ἃ·
827 2028 1019 2073 causa
1045 2008 1546 2073 instrumentalis
1579 2006 2009 2085 traductionis,
2033 2018 2219 2091 atque
2237 2006 2392 2071 adeo
2416 2018 2737 2090 peccatum
2759 2008 2831 2073 in
2852 2029 2916 2073 se
2939 2029 3088 2075 con-

148 2097 338 2163 tineat
376 2097 442 2163 ἃ·
465 2097 824 2181 formaliter
850 2094 914 2160 a
933 2096 1322 2171 virtualiter;
1345 2095 1784 2179 explicandum
1810 2106 1959 2161 esset
1980 2115 2069 2160 an
2090 2095 2367 2178 ejusdem
2390 2096 2563 2161 modi
2588 2094 2653 2161 ἃ·
2674 2096 2918 2182 qeneris
2938 2118 3087 2163 con-

147 2186 413 2250 tinentia
443 2187 486 2249 ὰ
507 2187 722 2269 primo
746 2186 833 2249 ad
852 2184 1152 2250 ultimum
1175 2185 1274 2249 hic
1303 2185 1634 2249 statuenda
1657 2186 1756 2263 sit,
1781 2204 1893 2249 nec
1914 2204 1993 2249 ne
2009 2182 2042 2247 ?
2067 2183 2313 2250 Necesse
2334 2195 2423 2248 est
2446 2185 2517 2249 in
2540 2186 2827 2251 terminis
2847 2185 2949 2250 Itis
2972 2186 3090 2252 sibi

147 2284 465 2339 constent.-
516 2274 806 2359 alioquin
849 2274 1250 2361 difficultates
1295 2294 1428 2338 non
1451 2274 1690 2339 evolvit.
1752 2272 1933 2338 Video
1977 2272 2147 2337 (nim
2196 2292 2317 2351 eos,
2340 2282 2411 2339 ut
2438 2269 2501 2337 ἃ
2523 2273 2849 2358 opiniones
2880 2276 3093 2342 tertiae

151 2360 378 2450 (quam
427 2383 582 2429 mox
605 2366 950 2428 consecter.
998 2362 1058 2426 4.
1107 2360 1496 2449 notabimus)
1541 2372 1861 2428 sectatores
1905 2361 1976 2426 in
2004 2380 2295 2448 processu
2316 2361 2695 2446 defensionis
2723 2362 2995 2444 variare,
3026 2362 3091 2430 ἃ·

149 2452 334 2518 modo
381 2452 662 2518 absolute
698 2451 1039 2536 subjectum
1071 2451 1258 2517 modo
1293 2451 1634 2535 subjectum
1671 2453 1857 2538 quasi
1877 2463 2185 2516 remotum
2214 2449 2278 2516 a·
2299 2452 2629 2516 materiam
2660 2463 3089 2520 transeuntem

148 2541 396 2624 peccati,
414 2541 876 2608 modooausam
893 2542 1104 2625 potius
1126 2541 1253 2606 sive
1277 2541 1665 2606 materialem
1687 2541 1812 2605 sive
1835 2540 2195 2628 efficiemem
2218 2541 2556 2624 appellare.
2582 2538 2698 2606 III.
2726 2540 3086 2609 Consectar.

157 2629 272 2695 Nec
313 2641 612 2696 accurate
655 2631 808 2694 satis
830 2629 1199 2715 loquuntur,
1245 2630 1358 2715 qui
1403 2640 1883 2714 temperamento
1934 2629 2215 2713 corporis
2260 2633 2454 2714 atque
2498 2630 2655 2695 adeo
2685 2631 3091 2697 sensualitati

155 2721 466 2802 tanquam
507 2739 735 2783 causae
760 2717 1043 2782 trahenti
1067 2717 1352 2782 animum
1376 2718 1668 2782 deorsum
1697 2719 1743 2784 δι
1774 2726 2033 2801 propter
2056 2716 2413 2783 absentiam
2437 2717 2727 2801 justitiae
2754 2719 3090 2805 originalis

155 2808 502 2872 necessario
549 2807 733 2892 [pag.
765 2806 970 2892 1102]
1017 2806 1130 2871 hoc
1149 2807 1378 2892 aqenti,
1404 2827 1516 2872 seu
1543 2818 1850 2892 tanquam
1872 2806 2077 2872 allicio
2106 2803 2168 2871 ἃ·
2199 2807 2618 2873 sollicitationi
2634 2809 2867 2894 peccati
2895 2810 3090 2895 0νίρί-

157 2895 322 2960 natis
367 2907 590 2960 ortum
634 2905 747 2961 aut
791 2896 1240 2960 incrementum
1283 2894 1664 2961 adscribunt.
1710 2897 1842 2960 Hoc
1862 2895 2033 2958 enim
2063 2900 2149 2959 est
2175 2895 2507 2962 obscurum
2525 2917 2643 2980 per
2664 2899 2865 2963 multo
2886 2900 3093 2986 maqis

157 2981 518 3063 obscurum,
544 2982 608 3050 ἃ·
623 2985 863 3069 partim
885 2983 1212 3061 incertum,
1234 2984 1475 3068 partim
1495 2985 1755 3068 falsum,
1779 2984 2109 3066 explicare.
2143 2983 2337 3050 Hunc
2356 2983 2618 3051 niodum
2640 2985 2869 3052 habent
2891 2987 3090 3052 Alen-

157 3071 258 3148 εἰει,
307 3071 788 3151 Bonaventura,
839 3069 902 3137 ll·
944 3072 1245 3138 nonnulli
1287 3093 1364 3137 επ
1385 3075 1639 3138 nostris.
1690 3072 1875 3154 Quod
1917 3072 2125 3137 animi
2166 3091 2372 3138 mores
2392 3074 2577 3158 falso,
2600 3085 2713 3140 aut
2728 3076 3090 3160 periculose,

157 3173 262 3226 aiat
307 3163 534 3229 saltem
579 3160 929 3226 indistincte
949 3163 1246 3227 dicantur
1267 3161 1444 3248 sequi
1465 3171 2028 3246 temperamentum
2050 3161 2329 3245 corporis
2348 3163 2711 3229 notavimus
2732 3164 2803 3230 in
2827 3163 2986 3249 disp.
3014 3166 3092 3231 de

159 3250 498 3314 creatione.
565 3247 754 3316 Velim
798 3251 987 3316 etiam
1032 3249 1109 3315 ab
1155 3250 1338 3315 istius
1359 3251 1691 3316 sententiae
1715 3249 2074 3336 fautoribus
2096 3250 2417 3334 explicari,
2442 3252 2753 3339 quomodo
2784 3264 3091 3340 tempera-

161 3351 440 3404 mentum
485 3339 767 3423 eorporis
811 3339 1187 3423 dispositum
1209 3339 1288 3404 sit
1316 3336 1379 3403 ἃ·
1398 3341 1690 3404 animam
1713 3338 2027 3423 disponat,
2054 3339 2323 3418 inclinet,
2347 3359 2422 3406 ac
2448 3341 2769 3424 pertrahat
2789 3341 2877 3407 ad
2897 3343 3090 3426 spiri-

165 3428 358 3493 tualia
405 3427 471 3495 ἂ·
512 3427 818 3494 subtiliter
859 3428 1064 3513 maqis
1104 3438 1350 3512 peccata
1397 3449 1447 3491 e.
1481 3448 1578 3512 9r.
1611 3428 2031 3507 mendacium,
2049 3428 2435 3511 perjurium,
2458 3429 2766 3510 haeresin,
2788 3432 3089 3518 maqiam,

163 3517 544 3604 superbiam,
572 3517 903 3596 invidiam,
927 3517 1304 3582 atlteismum
1328 3517 1440 3583 stc.
1466 3515 1582 3581 IV.
1609 3515 1895 3581 Conseet.
1925 3516 2069 3583 Non
2092 3516 2247 3582 tollit
2268 3516 2703 3604 difficultatem
2724 3519 2954 3585 modus
2968 3520 3089 3602 ille,

389 3617 698 3691 tanquam
743 3625 1152 3671 communem·
1187 3604 1460 3692 defendit
1506 3604 1818 3670 Beronius
1864 3605 2184 3690 professor
2205 3604 2661 3673 Aberdonensis
2682 3608 2753 3672 in
2774 3607 2997 3690 Scotia,
3012 3607 3091 3674 'in

165 3625 534 3776 ffl'sssoph.
583 3693 928 3758 ancillante
973 3716 1174 3759 exerc.
1204 3694 1266 3758 2.
1291 3716 1348 3758 a.
1381 3697 1443 3758 6.
1475 3693 1537 3758 ἃ·
1557 3705 1702 3758 ante
1723 3695 1938 3780 ipsum
1964 3706 2270 3780 tanquam
2285 3695 2663 3778 pemtliarem
2684 3696 3001 3783 quendam
3028 3697 3094 3764 ἃ·

169 3783 347 3866 quasi
361 3787 520 3846 notae
541 3783 953 3868 eaecoqitatum
976 3795 1088 3848 aut
1111 3783 1562 3867 interpolatum
1584 3782 1896 3848 indicarat
1926 3781 2449 3848 Keckermennus
2479 3783 2591 3848 lib.
2619 3785 2679 3848 2.
2704 3788 2863 3870 syst.
2893 3785 3089 3852 theo-

171 3868 290 3954 log.
332 3893 386 3935 c.
441 3871 542 3935 17.
567 3872 860 3937 Eundem
883 3872 1144 3936 modum
1167 3870 1440 3958 defendit
1464 3871 1643 3935 Altin
1649 3871 1796 3956 gius
1817 3873 1886 3936 in
1912 3870 2327 3957 problematis
2358 3870 2700 3957 theologie.
2730 3873 2925 3941 statui
2945 3875 3094 3941 inde

171 3958 208 4019 ἁ
245 3959 598 4042 prinwrdio
639 3960 1058 4045 conceptionis
1081 3959 1406 4025 inhaerere
1435 3961 1505 4024 in
1528 3961 1762 4025 semine
1789 3959 1853 4026 a·
1874 3960 2225 4046 embryone,
2256 3960 2364 4024 sed
2384 3960 2745 4041 inchoative,
2769 3963 3091 4049 dispositi-

173 4065 312 4111 vum
333 4049 760 4114 materialiter.
789 4049 912 4116 Nee
931 4049 1234 4114 dissentit.
1259 4047 1551 4113 Kelletus
1574 4048 1685 4113 lib.
1705 4046 1754 4112 Ι.
1773 4048 2012 4113 miscel.
2030 4047 2369 4132 theologie.
2388 4049 2677 4136 (Anqlice
2688 4052 3091 4140 scriptomtm)

176 4153 304 4220 esp.
328 4137 391 4202 6.
421 4137 622 4219 Quasi
643 4138 890 4223 infectio
913 4137 1267 4222 spititualis
1288 4148 1440 4202 esset
1469 4139 1540 4202 in
1569 4138 1816 4216 semine,
1841 4157 2002 4223 quae
2022 4157 2157 4203 non
2184 4137 2265 4202 sit
2286 4149 2429 4202 actu
2450 4158 2561 4204 seu
2583 4139 2935 4224 somnaliter
2950 4159 3093 4229 pec-

175 4234 392 4305 catum,
441 4225 548 4290 sed
587 4226 974 4291 virtualiter.-
1021 4227 1330 4313 quomodo
1376 4225 1624 4310 infectio
1647 4227 1719 4292 in
1741 4226 1975 4290 semine
1996 4226 2224 4309 leprosi
2242 4245 2378 4290 non
2400 4238 2490 4292 est
2512 4229 2689 4312 lepra
2717 4232 2813 4297 vel
2832 4230 3093 4298 morbus

179 4311 536 4394 formaliter,
580 4315 688 4379 sed
731 4318 940 4381 solum
979 4315 1349 4380 virtualiter.
1402 4316 1560 4380 Cum
1606 4315 1719 4379 hoc
1753 4315 2035 4380 convenit
2056 4314 2186 4398 fere
2204 4315 2529 4398 &plicatio
2552 4314 2857 4403 Zegedini
2880 4318 2949 4384 in
2973 4320 3092 4386 loc.

179 4419 480 4468 commun.
509 4425 572 4486 p.
606 4403 754 4468 236.
783 4402 1071 4469 'rhomae
1101 4403 1168 4468 in
1201 4424 1309 4487 qu.
1342 4402 1503 4486 disp.
1529 4403 1605 4468 de
1628 4403 1929 4488 originali
1956 4423 2061 4485 qu.
2090 4403 2147 4466 4.
2177 4405 2298 4469 art.
2333 4404 2393 4470 4.
2420 4406 2466 4471 δι
2496 4405 2561 4470 in
2604 4408 2658 4472 1.
2692 4408 2755 4474 2.
2780 4429 2885 4492 qu.
2912 4409 3018 4475 83.
3044 4409 3093 4476 St

2886 4497 2945 4561 3.
2968 4501 3092 4565 art.
