3694 4871
607 305 693 372 64
1020 380 1027 388 ,
1181 298 2951 371 D1sp.III.D12JunnmJnsmmADm.

608 493 947 578 perspiciet
968 491 1381 576 proculdubio
1404 493 1451 558 ἃ
1476 492 1736 556 candide
1763 496 2033 576 exponet
2056 491 2208 574 quid
2232 491 2299 555 in
2322 490 2446 555 hac
2475 512 2666 554 causa
2689 489 2776 553 sit
2799 490 3136 572 liquidum.
3159 487 3301 554 Scio
3325 487 3519 572 urgeri

608 587 647 647 a
668 587 734 647 te
758 581 1143 647 contrariam
1174 581 1559 645 sententiam
1583 581 1890 664 petitione
1915 579 2491 654 demonstrationiS,
2527 580 2664 643 sine
2700 601 2828 662 qua
2851 578 3134 661 alioquin
3157 581 3296 642 tota
3325 578 3518 642 defen-

608 673 701 737 sio
748 671 995 735 laboret
1024 669 1333 754 petitione
1357 669 1672 753 principii.
1722 667 1847 733 Sed
1872 670 2162 752 quamvis
2185 669 2300 733 illa
2325 691 2450 733 non
2467 673 2602 732 tam
2635 668 2960 732 evidenter
2987 667 3272 731 exhiberi
3297 670 3518 750 possen

606 782 732 825 non
772 759 1145 844 negandum
1166 764 1383 822 tamen
1406 759 1561 841 quin
1592 759 1794 822 tutius
1818 758 1906 822 sit
1929 758 1994 820 in
2018 780 2093 821 ea
2117 759 2431 841 tantisper
2456 757 2851 839 acquiescere
2877 777 3020 820 cum
3047 757 3263 838 aliqua
3295 755 3518 819 dubita·

607 849 781 914 tione
806 870 920 912 seu
948 846 1287 911 tormidine
1311 847 1606 930 oppositi,
1632 850 1743 911 aut
1767 848 1996 910 saltem
2028 846 2095 909 in
2128 847 2346 910 doctae
2371 845 2772 930 ignorantiae
2797 845 3045 928 asylum
3077 844 3293 928 potius
3317 867 3520 908 conce-

610 938 907 1014 dendum,
956 958 1148 1018 quam
1194 935 1261 999 in
1308 936 1726 1000 horridiorem
1753 936 1934 999 illam
1959 935 2342 999 sententiam
2365 935 2844 998 excurrendum.
2893 933 3354 1016 Praeterquam
3381 933 3522 1014 quod

610 1026 864 1108 aliquae
888 1025 1222 1089 stricturae
1252 1024 1535 1090 veritatis
1560 1025 1624 1088 in
1651 1025 1966 1109 scriptura
1989 1023 2295 1090 &lumine
2319 1023 2598 1087 naturali
2623 1045 2691 1087 se
2721 1023 3080 1101 ostendant,
3107 1022 3276 1085 unde
3290 1023 3519 1084 demon-

612 1115 985 1178 strationem
1040 1114 1251 1178 moliri
1298 1114 1481 1177 nobis
1538 1113 1841 1177 videmur.
1893 1112 2111 1177 Posita
2165 1112 2333 1176 enim
2388 1111 2744 1176 necessaria
2791 1115 3117 1175 creaturae
3159 1109 3475 1174 rationalis
3493 1111 3526 1172 ii

611 1202 749 1267 Deo
796 1225 921 1266 non
966 1207 1219 1266 tantum
1245 1206 1315 1266 ut
1338 1203 1544 1285 primo
1568 1225 1642 1266 ac
1664 1225 1912 1266 summo
1943 1201 2253 1285 principio
2277 1201 2555 1266 naturali
2581 1201 2693 1264 sed
2715 1201 2762 1264 81
2785 1200 3016 1264 morali
3040 1199 3466 1282 dependentia,
3488 1199 3522 1262 ἃ

614 1297 1070 1375 consequenter
1105 1291 1385 1374 ejusdem
1410 1291 1749 1355 secundum
1776 1295 2012 1355 rectam
2039 1291 2352 1354 rationem
2375 1291 2456 1353 ad
2478 1289 2689 1353 Deum
2712 1294 3020 1372 tanquam
3045 1311 3361 1352 summam
3391 1285 3524 1350 rati-

612 1403 797 1445 onem
844 1379 1232 1462 subjectione
1282 1382 1329 1445 St
1380 1380 1796 1443 adhaesione:
1836 1401 1962 1443 non
1987 1383 2196 1462 potest
2221 1401 2345 1442 non
2378 1379 2481 1442 lex
2515 1379 2612 1442 illi
2637 1378 2811 1452 ferri,
2835 1400 3000 1460 quae
3031 1378 3282 1461 obliget
3303 1378 3380 1440 ad
3399 1376 3522 1439 obe·

614 1469 922 1533 dientiam
945 1467 1068 1531 Dei
1094 1467 1160 1532 in
1186 1490 1439 1553 genere,
1473 1471 1519 1534 &
1542 1469 1621 1532 ad
1646 1469 1909 1546 cultum,
1935 1489 2124 1551 quem
2149 1471 2394 1546 vocant,
2429 1467 2784 1531 naturalem
2805 1493 2822 1543 3
2871 1467 2996 1530 nisi
3029 1467 3368 1530 admittere
3393 1464 3524 1528 veli-

616 1580 759 1622 mus
814 1557 1329 1621 contradictionis
1385 1557 1908 1640 implicationem,
1957 1555 2078 1619 hoc
2128 1561 2242 1635 est,
2289 1556 2646 1620 essentialis
2695 1555 2957 1619 dominii
2981 1555 3183 1618 divini
3209 1577 3283 1618 ac
3301 1553 3451 1637 juris
3471 1553 3524 1614 in

617 1650 975 1710 creaturam
1020 1645 1423 1724 rationalem,
1462 1646 1583 1710 hoc
1614 1649 1713 1709 est
1734 1647 1934 1729 ipsius
1959 1644 2080 1707 Dei
2111 1645 2622 1730 abnegationem.
2671 1643 2934 1708 sienim
2961 1642 3138 1707 Deus
3162 1643 3468 1706 dimittere
3487 1642 3524 1704 ἃ

619 1734 947 1798 absolvere
1000 1738 1211 1817 potest
1239 1739 1593 1798 creaturam
1622 1734 2000 1799 rationalem
2023 1733 2104 1797 ab
2130 1733 2543 1818 obligatione,
2577 1755 2707 1816 qua
2729 1733 3084 1796 necessario
3111 1733 3190 1795 ad
3219 1730 3523 1813 subjectio·

617 1845 763 1887 nem
812 1825 858 1888 a
901 1821 1329 1887 obedientiam
1376 1828 1648 1904 tenetur,
1704 1824 1991 1906 sequitur
2039 1819 2247 1887 Deum
2280 1845 2462 1906 posse
2489 1823 2762 1906 abjicere
2775 1822 2880 1904 jus
2913 1843 3098 1885 suum
3127 1822 3176 1886 ἃ
3207 1820 3526 1884 dominium

620 1911 891 1994 speciale
934 1911 1003 1974 in
1057 1910 1237 1975 illam
1262 1917 1637 1976 creaturam.
1686 1912 1888 1994 Atqui
1913 1912 2034 1976 hoc
2058 1912 2306 1976 videtur
2329 1908 2703 1988 absurdum3
2729 1911 2936 1993 primo
2959 1911 3128 1993 quod
3150 1910 3341 1974 tollat
3369 1907 3524 1972 nobis

621 1999 1001 2065 solutionem
1047 2002 1409 2085 argumenti
1454 2001 1747 2084 capitalis
1800 2006 2020 2065 contra
2052 2001 2372 2084 justitiam
2395 1999 2520 2063 Dei
2551 1999 2904 2083 punitivam
2931 1999 3125 2085 (quod
3150 2003 3270 2077 est,
3301 1999 3352 2062 si
3377 1997 3525 2060 Deus

622 2089 1066 2154 antecedenter
1099 2089 1297 2153 libere
1322 2090 1657 2154 miseretur
1680 2090 2028 2172 peccatoris
2049 2121 2062 2164 ;
2097 2111 2251 2174 ergo
2275 2089 2366 2152 sic
2391 2089 2584 2152 etiam
2609 2087 2796 2172 punit
2819 2093 3169 2172 peccatum,
3197 2088 3292 2150 ita
3313 2092 3382 2149 ut
3403 2107 3526 2168 pos-

622 2178 708 2242 sit
752 2201 877 2242 non
900 2177 1152 2261 punire)
1176 2200 1191 2241 :
1218 2177 1504 2242 Secundo
1529 2179 1681 2260 quia
1704 2178 1954 2242 videtur
1977 2179 2096 2242 hoc
2121 2179 2384 2241 minime
2411 2179 2746 2242 convenire
2777 2199 2920 2240 cum
2945 2177 3075 2240 tuis
3099 2174 3528 2240 assertionibus

622 2267 699 2330 de
724 2266 1018 2330 absoluta
1041 2265 1162 2330 Dei
1187 2266 1475 2349 potentia
1499 2269 1544 2333 ἃ
1576 2289 1870 2350 supremo
1897 2266 2192 2330 dominio
2227 2269 2295 2331 Ρ.
2337 2267 2482 2330 144.
2515 2269 2588 2332 Ρ.
2619 2267 2768 2330 163.
2795 2265 3016 2329 Tertio
3047 2265 3202 2348 quia
3219 2265 3528 2328 fundatum

623 2359 720 2418 est
765 2355 832 2418 in
864 2354 1271 2439 productione
1298 2355 1479 2442 [pag.
1516 2356 1677 2442 391]
1704 2355 1889 2420 istius
1914 2359 2259 2434 creaturae,
2286 2377 2410 2419 non
2436 2359 2687 2419 tantum
2713 2359 2786 2418 ut
2816 2354 3205 2439 generaliter
3229 2351 3529 2417 existentis

624 2466 697 2508 ac
748 2444 954 2508 bonae
969 2444 1156 2527 juxta
1178 2467 1321 2508 cum
1348 2445 1513 2524 aliis,
1541 2446 1649 2509 sed
1675 2446 1871 2510 etiam
1896 2450 1966 2509 ut
1997 2446 2348 2524 rationalis,
2373 2467 2537 2527 quae
2559 2466 2758 2528 capax
2783 2446 2869 2509 sit
2891 2444 3294 2508 obedientiae
3317 2445 3360 2509 δι
3381 2446 3528 2513 ΜΨ·

622 2540 730 2601 xic
750 2537 1025 2605 λατρείας
1074 2531 1237 2596 haut
1282 2534 1469 2598 aliter
1500 2556 1573 2598 ac
1595 2538 1878 2618 potestas
1911 2556 1984 2600 ac
2009 2535 2398 2599 existimatio
2421 2534 2622 2617 patris
2655 2535 2824 2597 inter
2847 2532 3136 2597 homines
3160 2532 3420 2595 fundata
3447 2528 3528 2591 est

622 2622 691 2684 in
715 2620 1125 2706 generatione
1146 2621 1286 2700 filii,
1312 2644 1474 2705 quae
1498 2623 1689 2706 abjici
1713 2624 1760 2687 δι
1785 2624 2092 2708 abnegari
2118 2646 2243 2688 non
2269 2626 2500 2707 potest,
2525 2621 2649 2686 nisi
2678 2624 2724 2688 a
2748 2624 2887 2706 ipsa
2908 2621 3241 2707 generatio
3265 2624 3527 2704 negetur.

624 2708 806 2784 Quod
827 2710 882 2771 si
904 2709 1069 2773 forte
1100 2710 1377 2793 excipiat
1402 2711 1563 2794 quie,
1598 2711 1922 2776 hominem
1945 2713 2012 2775 in
2037 2734 2268 2797 genere
2299 2711 2553 2793 quidem
2577 2712 2658 2774 ad
2681 2710 3110 2776 obedientiam
3136 2716 3250 2773 aut
3261 2704 3528 2791 subjecti-

624 2819 811 2861 onem
871 2796 993 2861 Dei
1046 2798 1399 2863 necessario
1444 2801 1682 2864 teneri:
1717 2800 1828 2865 sed
1859 2822 1984 2865 non
2017 2802 2097 2865 ad
2127 2801 2293 2865 hanc
2315 2805 2428 2864 aut
2450 2800 2628 2864 illam
2665 2800 2732 2863 in
2758 2800 2999 2884 specie:
3026 2798 3394 2883 respondeo,
3421 2792 3524 2858 nisi

626 2885 827 2968 aliqui
878 2890 1056 2951 actus
1108 2887 1171 2950 in
1228 2888 1433 2971 specie
1470 2889 1519 2953 St
1543 2888 1749 2953 forma
1780 2890 2208 2975 designentur,
2243 2912 2354 2973 per
2385 2911 2543 2973 quos
2571 2890 2616 2954 Su
2639 2889 2706 2952 in
2731 2888 2962 2973 quibus
2984 2887 3180 2952 homo
3201 2882 3528 2951 necessario

624 2978 921 3039 teneatur
938 2975 1361 3041 obedientiam
1392 2999 1573 3042 suam
1598 3000 1751 3063 erga
1774 2977 1983 3042 Deum
2007 3001 2315 3058 exserere,
2349 2982 2719 3061 sequeretur
2742 2982 2881 3042 tum
2911 2977 3157 3041 nullam
3183 2998 3319 3040 esse
3343 2994 3530 3037 necoe-

628 3062 863 3129 sariam
902 3063 1327 3129 obedientiam
1352 3070 1582 3152 (genus
1606 3067 1776 3131 enim
1806 3068 1972 3131 nihil
2007 3068 2182 3131 aliud
2213 3072 2311 3131 est
2333 3089 2526 3149 quam
2551 3089 2668 3131 sua
2691 3068 2950 3151 specieS,
2983 3065 3245 3130 realiter
3268 3060 3530 3141 scilicet).

627 3151 873 3216 Deinde
920 3152 1276 3237 quicunque
1322 3159 1499 3219 actus
1544 3156 1942 3221 obedientiae
1965 3160 2302 3241 ponantur,
2329 3156 2569 3240 pariter
2593 3178 2775 3239 posse
2800 3156 2923 3220 dici
2946 3154 3152 3219 Deum
3179 3154 3414 3217 habere
3439 3147 3529 3214 sed

628 3240 776 3305 illos
822 3262 1021 3325 aeque
1068 3263 1141 3305 ac
1186 3243 1268 3306 ad
1312 3244 1469 3308 alios
1519 3245 1716 3309 libere
1746 3246 2209 3324 antecedenter,
2239 3249 2311 3309 ut
2334 3245 2536 3328 possit
2559 3266 2666 3309 eos
2691 3245 2854 3309 velle
2885 3249 2998 3308 aut
3019 3265 3146 3307 non
3173 3243 3358 3319 velle,
3391 3238 3531 3303 velle

630 3352 738 3395 eos
782 3330 1145 3415 praecipere
1198 3335 1311 3395 aut
1344 3354 1471 3397 non
1492 3333 1876 3417 praecipere,
1900 3339 2012 3398 aut
2033 3335 2419 3399 contrarium
2445 3334 2832 3417 praecipere,
2857 3357 2914 3400 e.
2938 3354 3001 3418 g.
3027 3336 3100 3395 ut
3131 3332 3324 3396 homo
3345 3328 3530 3393 Deum

630 3442 757 3483 non
782 3424 1139 3505 cognoscat,
1164 3423 1237 3483 ut
1256 3421 1500 3485 nullam
1526 3422 1764 3486 habeat
1794 3424 1840 3488 ἃ
1865 3422 2136 3487 retineat
2159 3422 2602 3507 Theologiam‚
2628 3422 3004 3507 synteresin,
3037 3423 3084 3486 ἃ
3107 3418 3532 3485 conscientiam

630 3509 1011 3587 naturalem,
1060 3512 1131 3572 ut
1154 3508 1277 3573 Dei
1306 3510 1641 3575 veritatem
1668 3510 1714 3574 &
1736 3532 1994 3575 causam
2023 3513 2092 3575 in
2115 3512 2429 3596 injustitia
2451 3512 2735 3576 detineat
2766 3516 2878 3575 aut
2899 3510 3298 3588 condemnet,
3324 3511 3393 3571 ut
3411 3503 3535 3570 odio

632 3596 871 3661 habeat
892 3595 1123 3677 Deum,
1144 3602 1217 3661 ut
1238 3597 1585 3663 Diabolum
1608 3602 1828 3665 adoret
1859 3605 2050 3683 atque
2073 3601 2342 3666 honoret
2364 3605 2671 3685 tanquam
2697 3600 2906 3664 Deum
2923 3599 3031 3685 (ad
3047 3599 3214 3682 quod
3229 3600 3533 3681 peccatum

631 3688 917 3750 tentatus
962 3684 1089 3749 fuit
1132 3685 1424 3751 Christus
1475 3689 1691 3754 matth.
1724 3688 1813 3772 4.)
1846 3694 1920 3753 ut
1949 3691 2132 3754 corde
2163 3692 2397 3769 credat,
2423 3712 2530 3754 ore
2555 3690 2776 3754 doceat
2799 3712 2872 3755 ac
2895 3688 3276 3773 profiteatur
3305 3685 3530 3749 Aeonas

633 3772 1002 3851 Valentini3
1056 3774 1211 3839 duos
1235 3773 1403 3840 Deos
1427 3774 1930 3856 Manicheorum,
1955 3801 2176 3843 verum
2199 3778 2409 3843 Deum
2435 3801 2570 3843 esse
2603 3780 3061 3856 simulatorem,
3088 3780 3374 3840 autorem
3395 3793 3530 3857 pec-

635 3861 782 3941 cati,
806 3864 1169 3945 tyrannum,
1195 3862 1540 3929 Diabolum
1566 3869 1755 3950 (quae
1772 3867 2087 3931 horrenda
2110 3868 2156 3932 ἃ
2181 3868 2603 3932 abominanda
2627 3868 2858 3932 nostris
2885 3866 3165 3931 ecelffliis
3190 3860 3530 3948 impingunt

634 3949 678 4014 J
680 3950 922 4015 esuitae
968 3949 1500 4018 Monasterienses
1547 3954 1614 4018 in
1665 3956 1860 4021 Credo
1909 3958 2155 4023 Calvim‘
2182 3956 2557 4042 sequanam)
2581 3960 2653 4019 ut
2678 3957 2992 4039 desperet,
3018 3959 3092 4019 ut
3122 3954 3330 4018 Deum
3353 3948 3531 4014 tentet

638 4040 685 4105 δι
728 4038 1147 4139 blasphemet,
1203 4046 1275 4105 ut
1298 4042 1629 4106 minimam
1653 4045 1942 4128 quamvis
1963 4050 2341 4125 creaturam,
2366 4048 2494 4110 imo
2517 4044 2860 4109 vilissimas
2884 4048 2931 4111 δι
2953 4045 3266 4129 pessimas
3289 4062 3426 4106 suas
3447 4056 3529 4099 cu·

638 4127 937 4210 pidltates
982 4128 1125 4211 plus
1148 4130 1397 4215 diligat,
1424 4154 1614 4214 quam
1639 4132 1868 4212 Deum,
1897 4139 1968 4196 ut
1992 4156 2097 4198 eas
2120 4134 2357 4199 habeat
2388 4157 2504 4219 pro
2526 4156 2774 4199 summo
2804 4135 2993 4213 bon0,
3026 4132 3238 4197 Deum
3261 4150 3402 4205 vero
3423 4142 3526 4189 non

638 4215 896 4295 habeat,
942 4220 1017 4279 ut
1060 4239 1278 4282 omnes
1332 4220 1572 4303 species
1614 4223 1661 4286 a
1706 4223 1924 4286 modos
1954 4222 2350 4287 idololatriae
2376 4226 2422 4289 &
2449 4223 2700 4307 magiae
2735 4227 3058 4298 exerceat3
3091 4243 3256 4305 quae
3281 4230 3526 4299 unquam

638 4304 807 4405 apud
830 4302 1138 4369 Ethnicos
1164 4311 1274 4370 aut
1300 4307 1662 4374 Pontificios
1688 4311 1754 4375 in
1778 4333 1897 4375 usu
1921 4310 2119 4377 fuere.
2145 4310 2242 4375 De
2265 4313 2679 4395 permissione
2703 4313 2870 4396 quod
2895 4311 3212 4395 objicitur,
3238 4307 3392 4373 nihil
3415 4304 3522 4366 est:

641 4393 817 4459 ahud
861 4393 1032 4459 enim
1078 4398 1175 4458 est
1226 4401 1485 4478 peccata
1530 4399 1916 4481 permittere,
1956 4399 2076 4465 hoc
2101 4405 2199 4465 est
2221 4422 2348 4465 non
2379 4401 2707 4485 impedire,
2735 4404 2780 4468 ἃ
2812 4400 2985 4465 aliud
3009 4403 3158 4464 actu
3187 4396 3442 4483 positivo
3467 4408 3524 4451 ac
