3694 4871
553 330 1926 401 DoeuAr1snsSS.'I'n1u1=1-Arr.
1990 335 2624 401 PAnsALrnnA.
2928 340 3053 405 107

223 515 290 586 9.
339 516 512 583 Haec
559 521 688 583 tam
739 540 1000 602 operose
1045 540 1384 604 congerere
1430 520 1638 586 visum
1671 525 1785 598 est,
1809 544 1937 587 non
1968 521 2137 605 quod
2162 522 2376 587 omnia
2407 522 2521 587 illa
2550 522 2834 601 consilia,
2868 524 3059 598 dicta,

143 606 320 683 facta,
351 630 496 672 cum
525 607 973 672 minutissimis
1019 608 1511 673 circumstantiis
1543 608 1800 684 ἀκριβῶς
1841 611 2247 689 ἐξετάζεσθαι,
2276 611 2324 675 ἃ
2355 609 2649 676 omnibus
2676 612 2858 697 [pag.
2888 612 3053 697 509]

142 696 436 761 imitanda
462 696 753 780 proponi,
792 697 1026 761 nedum
1051 701 1122 761 ut
1153 698 1233 761 ad
1257 702 1540 763 errantes
1565 697 1818 779 quosvis
1844 700 1891 764 ἃ
1916 698 2103 762 aliter
2126 699 2472 764 sentientes
2505 701 2570 765 in
2603 698 2913 781 religione
2938 722 3053 784 ap·

141 784 352 869 plicari
375 784 585 863 velim,
611 788 722 849 aut
744 784 1250 862 haereticidium,
1273 790 1344 851 ut
1369 790 1615 863 vocant,
1642 785 2095 865 introductum,
2121 790 2233 851 aut
2254 788 2676 853 conscientiae
2695 789 3059 853 libertatem

139 873 450 939 sublatam
495 874 597 959 (ut
627 873 1014 938 calumniose
1060 874 1464 958 sophisticari
1495 876 1702 941 solent
1733 872 2283 960 Remonstrantes)
2314 877 2426 941 sed
2451 880 2705 941 tantum
2752 880 2823 941 ut
2847 880 3062 941 osten-

141 961 296 1039 dam,
321 962 392 1026 in
415 962 533 1027 hoc
555 962 844 1047 generali
869 962 1186 1028 axiomate
1211 963 1578 1029 convenisse
1602 964 1897 1029 omnibus
1920 968 2055 1028 tam
2074 965 2513 1029 ecclesiasticis
2538 986 2732 1049 quam
2750 965 3059 1041 Politicis,

151 1052 520 1119 Tolerundos
543 1072 676 1117 non
699 1071 828 1116 esse
851 1052 1025 1117 Anti·
1042 1052 1448 1117 Trinitarios:
1473 1052 1614 1127 ὅπερ
1637 1050 1746 1113 ἔδει
1772 1050 1970 1131 δεῖξαι.
2024 1051 2343 1136 Quidquid
2369 1054 2445 1117 de
2468 1054 2921 1119 reformatione
2951 1057 3065 1118 aut

141 1140 530 1219 formatione,
557 1139 864 1225 quidquid
888 1140 964 1205 de
986 1139 1174 1205 sectis
1199 1143 1246 1207 St
1270 1141 1605 1218 scismatis,
1632 1140 1941 1224 quidquid
1964 1141 2039 1205 de
2060 1140 2291 1206 unione
2314 1164 2388 1206 ac
2412 1142 2850 1224 syncretismo,
2876 1142 3061 1226 quid-

141 1228 284 1314 quid
313 1228 391 1293 de
437 1250 594 1312 pace
623 1227 894 1312 profana
923 1228 971 1295 ἃ
1003 1229 1448 1309 ecclesiastica,
1488 1228 1794 1312 quidquid
1819 1230 1895 1293 de
1921 1229 2218 1295 libertate
2249 1228 2737 1309 Exercitiorum,
2763 1231 3063 1297 libertate

142 1317 576 1402 prophetandi,
601 1316 1032 1382 moderatione
1055 1317 1365 1383 hactenus
1389 1318 1454 1383 in
1481 1317 1969 1383 Christianismo
1988 1318 2305 1403 agitatum
2322 1318 2467 1394 fuit,
2486 1319 2794 1385 mansisse
2812 1342 3063 1403 semper

141 1405 518 1473 catholicum
564 1404 686 1471 hoc
731 1405 1004 1486 axioma,
1055 1406 1130 1471 de
1179 1404 1759 1471 Anti-Trinitariis.
1809 1403 1880 1470 Si
1926 1406 2069 1490 quis
2124 1406 2475 1471 antithesin
2514 1412 2769 1473 nostrae
2809 1407 3063 1472 theseos

141 1516 535 1580 propugnare
581 1494 740 1559 velit
781 1494 908 1559 huc
951 1495 1232 1560 collimet
1273 1517 1528 1561 necesse
1575 1498 1692 1572 est,
1728 1496 1775 1561 ἃ
1803 1494 1871 1559 in
1920 1493 2273 1561 refutandis
2320 1496 2619 1580 allegatis
2665 1496 2925 1561 statutis
2981 1516 3056 1561 ac

137 1584 382 1669 judiciis
401 1588 540 1649 tam
563 1582 1006 1649 ecclesiasticis
1030 1605 1222 1667 quam
1250 1582 1529 1667 politicis
1552 1583 1905 1668 genuinum
1927 1584 2103 1667 prius
2126 1583 2406 1669 frangat,
2432 1606 2625 1667 quam
2646 1585 2847 1651 totius
2874 1584 3061 1650 Chri·

143 1672 454 1738 stianismi
485 1693 741 1737 causam
773 1672 842 1735 in
889 1672 1058 1737 hunc
1089 1676 1203 1737 aut
1224 1672 1408 1737 illum
1432 1672 1776 1737 Doctorem
1798 1672 2161 1737 devolutam
2186 1672 2397 1737 odiose
2424 1674 2753 1739 traducere
2776 1673 3063 1757 incipiat.

143 1760 540 1847 Argumenta
571 1782 736 1844 quae
783 1782 860 1825 ex
909 1758 1496 1827 Remonstrantium
1545 1759 2111 1825 declamationibus
2158 1761 2446 1844 conquiri
2468 1766 2729 1848 possent
2751 1760 3067 1846 palmaria

145 1855 284 1917 sunt
312 1849 364 1915 Ι.
413 1848 595 1925 Quae
641 1871 836 1934 supra
883 1870 998 1933 pro
1020 1849 1364 1915 tolerantia
1394 1847 1820 1915 ecclesiastica
1845 1849 2301 1933 excerpsimus;
2340 1850 2510 1915 inter
2534 1872 2697 1934 quae
2723 1850 3069 1936 diligenter

143 1939 484 2005 notandum
509 1941 609 2003 est
631 1938 911 2021 primum
937 1959 952 2002 z
995 1938 1146 2021 quia
1177 1938 1408 2003 seriam
1440 1936 1777 2003 Sociuismi
1803 1937 2166 2023 apologiam
2199 1938 2500 2015 continet,
2524 1937 2851 2022 geminam
2880 1936 3070 2005 Osto-

145 2027 434 2093 rodianae
457 2028 506 2093 a
529 2024 824 2093 Voidoiv.
851 2026 918 2090 in
951 2024 1272 2113 Apologia
1295 2049 1410 2091 sua
1433 2027 1733 2091 adversus
1759 2024 1863 2091 111.
1898 2048 1971 2091 ac
1998 2026 2287 2111 Praepot.
2314 2024 2458 2091 DD.
2483 2024 2749 2091 Ordines
2774 2026 2871 2091 lit.
2898 2026 2955 2091 E
2981 2025 3069 2109 iii.

145 2118 530 2183 Aoeusamur
573 2136 690 2181 nos
727 2136 802 2181 ac
838 2115 896 2181 si
915 2136 1212 2201 neqemus
1248 2115 1480 2181 Christi
1523 2115 1768 2181 domini
1797 2113 1861 2180 ἃ·
1884 2115 2161 2199 Spiritus
2186 2136 2235 2181 s.
2292 2115 2703 2195 divinitatem,
2732 2127 3065 2200 propterea

147 2205 304 2291 quod
323 2226 462 2271 non
481 2204 879 2271 concedimus
904 2204 1225 2270 Christum
1255 2203 1333 2270 ab
1359 2215 1608 2270 aeterno
1629 2225 1706 2269 ex
1727 2204 2077 2270 substantia
2097 2204 2301 2289 patris
2320 2215 2709 2290 qeneratum,
2734 2224 2846 2269 nec
2868 2203 3066 2287 Spiri-

149 2306 276 2360 tum
295 2315 348 2360 s.
369 2312 714 2378 personam
738 2313 880 2358 esse.
923 2293 1148 2359 Verum
1170 2304 1259 2359 est
1285 2293 1538 2379 quidem
1561 2313 1677 2358 nos
1699 2293 1820 2357 ista
1847 2313 1977 2357 non
2001 2293 2337 2369 concedere,
2371 2293 2440 2357 id
2480 2313 2558 2358 ue
2579 2292 2708 2376 ipsi
2730 2294 2893 2358 ultro
2916 2312 3064 2357 con-

149 2382 432 2467 fitemur:
454 2382 566 2449 sed
594 2382 864 2448 dicimus
895 2381 1335 2461 nihilominus,
1361 2402 1494 2448 non
1518 2392 1849 2468 propterea
1871 2381 2253 2448 divinitatem
2278 2382 2396 2469 filii
2508 2380 2787 2468 Spiritus
2817 2401 2866 2447 s.
2892 2381 2935 2446 ὰ
2958 2400 3067 2447 no·

149 2473 236 2542 bis
255 2472 498 2558 neyari:
523 2471 734 2538 oritur
747 2492 891 2560 erqo
916 2471 1017 2536 hic
1031 2471 1244 2537 statim
1267 2471 1432 2536 inter
1451 2492 1571 2537 nos
1595 2469 1656 2538 ἃ
1679 2482 1913 2536 vestros
1942 2471 2271 2555 Theoloqos
2294 2471 2638 2556 disputatio
2667 2469 2776 2536 ac.
2805 2469 2891 2534 II.
2904 2467 3069 2546 Quia

150 2561 404 2628 libertas
447 2559 736 2626 exercitii
771 2559 1065 2625 omnibus
1105 2560 1359 2625 nomine
1395 2559 1776 2626 Christianis
1809 2560 2223 2638 concedenda,
2250 2559 2361 2642 qui
2384 2563 2623 2645 negant
2646 2581 2715 2624 se
2740 2581 2922 2643 posse
2954 2581 3071 2643 per

149 2648 594 2716 conscientiam
639 2649 958 2714 exercitiis
1010 2647 1142 2713 illis
1182 2670 1429 2714 carere:
1478 2648 1526 2715 ἃ
1573 2648 1642 2712 in
1687 2669 1989 2733 segreges
2036 2647 2344 2732 ejusmodi
2398 2651 2613 2712 coetus
2653 2646 3067 2733 Magistratui

148 2738 318 2804 nulla
339 2742 439 2804 est
469 2740 789 2824 potestas:
836 2759 954 2803 nec
975 2741 1187 2822 potest
1211 2760 1316 2802 eos
1341 2733 1696 2820 prohibere,
1723 2736 1846 2800 nisi
1870 2737 2371 2820 persecutionem
2396 2736 2866 2820 &tyrannidem
2890 2757 3069 2802 exer-

149 2849 280 2894 cere
303 2827 484 2906 velit,
517 2829 712 2910 atque
734 2826 889 2891 adeo
909 2825 1290 2912 gravissimo
1311 2826 1577 2891 crimine
1601 2847 1810 2891 coram
1835 2823 1974 2890 Deo
2005 2847 2073 2890 se
2097 2824 2519 2909 obstringere,
2543 2826 2591 2890 St
2614 2824 2853 2890 similia
2874 2845 3071 2908 gene-

149 2916 304 2982 ralia
351 2937 520 3001 quae
557 2936 673 2999 pro
718 2915 1197 2998 quibuscunque
1237 2914 1426 2980 sectis
1450 2916 1496 2982 8³
1519 2913 1890 2980 haeresibus
1916 2913 2095 3000 (solis
2118 2911 2479 2978 Idololatris
2507 2912 2813 2998 exceptis)
2838 2911 3073 2976 adferri

153 3009 444 3090 possent:
477 3003 698 3088 qualia
728 3007 879 3068 sunt
899 3004 1202 3088 pleraque
1226 3003 1342 3068 illa
1367 3003 1689 3068 axiomata
1713 3024 1877 3085 quae
1900 3002 2137 3086 passim
2164 3025 2241 3066 ex
2265 3023 2380 3067 sua
2405 3001 2831 3066 affirmatione
2856 2999 3075 3065 defen-

151 3095 302 3160 dunt
325 3092 874 3172 Remonstrantes,
899 3091 968 3156 in
993 3091 1169 3158 tibris
1192 3113 1378 3175 saepe
1404 3092 1565 3158 citat.
1591 3089 1711 3156 III.
1738 3089 1904 3166 Quia
1927 3094 2239 3155 sectarum
2268 3090 2675 3176 (nominatim
2699 3087 3075 3156 Socinianae

153 3205 306 3266 quae
329 3183 399 3246 in
425 3180 694 3247 Polonia
716 3180 985 3259 obtinet,
1010 3180 1074 3244 in
1101 3180 1324 3264 Belgio
1350 3201 1474 3244 non
1499 3173 1772 3262 obtinet)
1797 3177 2129 3262 permissio
2153 3177 2393 3244 faceret
2408 3179 2489 3244 ad
2510 3199 2752 3263 paoem,
2772 3178 3077 3262 majorem

155 3270 622 3355 perfectionem,
673 3269 720 3335 8⁶
769 3269 1162 3354 singularem
1210 3268 1588 3332 felicitatem
1632 3266 2048 3351 Reipublicae
2077 3291 2093 3344 ς
2127 3266 2249 3332 hac
2279 3267 2523 3332 ratione
2551 3265 3077 3338 Remonstrantes

155 3359 214 3424 in
239 3359 493 3424 libello:
519 3357 646 3436 Dm
667 3355 904 3442 thlttn
929 3355 1488 3444 Remunsstuulfdjen
1513 3353 1864 3441 Ulltnlogunt
1886 3377 1951 3438 p.
1990 3356 2135 3422 176.
2168 3357 2546 3439 persuadere
2578 3357 2887 3420 conantur
2916 3352 3077 3419 Illu-

157 3451 260 3512 str.
283 3447 501 3532 Belgii
526 3445 716 3513 Ordd.
749 3447 1086 3529 Quodnam
1110 3466 1397 3531 reynum,
1421 3445 1740 3529 inquiunt,
1771 3445 2000 3529 majori
2022 3465 2175 3529 pace
2195 3465 2270 3510 ac
2292 3445 2573 3529 felicitate
2589 3443 2841 3529 qaudet,
2873 3441 3077 3528 quod-

157 3556 300 3602 nam
327 3537 517 3602 totius
543 3535 1009 3603 Christianismi
1029 3535 1332 3600 adversus
1364 3533 1598 3600 Turcas
1627 3532 1690 3599 a·
1714 3535 2011 3600 Tartaros
2026 3533 2280 3620 firmius
2293 3532 2867 3618 propuqnaculum,
2883 3550 3081 3616 quam

163 3625 544 3704 monicum,
569 3623 742 3710 quod
764 3635 974 3689 tamen
996 3623 1160 3689 hanc
1188 3623 1534 3690 libertatem
1558 3622 1736 3688 habet
1762 3642 1885 3706 pro
1910 3623 2037 3705 leqc
2057 3621 2543 3705 fundamentali,
2576 3619 2684 3686 ubi
2708 3620 3083 3684 innumerae

157 3726 340 3780 sectae
375 3716 518 3798 (seu
558 3711 1006 3796 professiones)
1054 3731 1186 3777 non
1211 3723 1458 3778 tantum
1484 3713 1828 3778 tokrantur
1858 3710 1965 3775 sed
1990 3709 2245 3795 publica
2273 3709 2603 3776 autoritate
2627 3707 3079 3792 defenduntur.

161 3803 318 3869 Haec
359 3803 488 3868 sint
535 3801 789 3870 Pharos
833 3821 943 3866 seu
989 3802 1192 3868 Helice
1233 3813 1469 3868 vestrae
1521 3800 1908 3886 Republicac‚
1963 3799 2145 3884 [pag.
2196 3797 2359 3883 510]
2412 3797 2521 3864 sed
2566 3797 2883 3882 imprimis
2927 3794 3083 3861 «lesu

170 3889 400 3958 Christi
437 3889 772 3956 servatoris
814 3890 1002 3956 vestri
1038 3891 1250 3974 reli9io
1282 3891 1383 3956 &c
1416 3888 1541 3954 Sed
1572 3910 1764 3972 quam
1787 3888 1949 3952 bene
1976 3887 2056 3952 ad
2078 3885 2383 3952 amussim
2409 3885 2671 3969 politiae
2696 3883 3011 3968 specialia,
3036 3884 3084 3951 ἃ

161 3976 496 4046 historicae
525 3977 867 4044 Polonicae
911 3977 1070 4042 haec
1115 3978 1284 4043 dicta
1311 3978 1460 4056 sint,
1488 3977 1646 4042 alibi
1677 3975 2017 4041 videbitur.
2043 3973 2160 4040 IV.
2194 3973 2359 4050 Quia
2385 3973 2622 4039 Christi
2646 3971 2877 4057 religio
2900 3971 3084 4037 docet

163 4067 544 4147 συμπάσχειν
570 4066 886 4144 omnibus,
911 4065 1292 4131 nominatim
1314 4066 1695 4145 errantibuS,
1721 4063 1897 4129 omni
1922 4063 2186 4129 lenitate
2211 4064 2259 4128 St
2284 4061 2769 4127 mansuetudine
2796 4081 2950 4146 ergo
2976 4081 3084 4124 eos

165 4155 272 4234 uti,
295 4177 530 4239 eosque
564 4154 900 4234 instrusre,
926 4155 982 4219 si
1012 4155 1176 4220 forte
1202 4153 1544 4237 aliquando
1574 4154 1682 4219 det
1705 4152 1862 4237 ipsis
1894 4151 2067 4216 Deus
2091 4155 2164 4216 ut
2195 4151 2593 4235 recipiscant.
2622 4149 2897 4234 Applica
2916 4171 3086 4214 nunc

169 4239 314 4309 haec
515 4245 732 4308 menta
763 4244 845 4309 ad
866 4242 1220 4317 Servetum‚
1254 4241 1692 4322 Blandratam,
1725 4239 2044 4319 Socinum,
2080 4237 2416 4319 Ochinum,
2442 4238 2848 4323 Enjedinum,
2882 4237 3085 4302 Fran-

168 4330 392 4398 ciscum
501 4331 723 4410 avidis,
764 4331 1136 4397 Valentium
1178 4329 1520 4411 Gentilem,
1561 4329 1872 4396 Davidem
1916 4327 2283 4414 Georgium,
2324 4327 2834 4406 Valentinianos,
2876 4325 3084 4392 Mani·

170 4417 386 4487 chaeos
417 4423 594 4508 (nam
640 4420 848 4486 locum
895 4421 1234 4506 Auyustini
1263 4419 1340 4484 de
1364 4419 1630 4485 lenitate
1664 4439 1780 4486 sua
1811 4437 1967 4504 erga
1989 4417 2135 4483 illos
2158 4416 2309 4484 huic
2332 4415 2655 4484 suasoriae
2687 4415 2762 4480 de
2789 4415 3087 4480 libertate

2949 4523 3085 4570 8θῦ-
