3694 4871
828 307 2444 376 Β13Ρ.ΧῙ.Ι)1;8111111.11’11013311Ρο11113.
2969 309 3096 369 315

178 491 328 554 locis
378 491 515 556 Joh.
570 495 628 559 4.
670 498 769 560 ps.
808 497 955 560 104.
984 496 1167 559 modo
1192 497 1289 561 cic.
1316 499 1361 563 &1
1386 519 1461 560 ex
1488 496 1804 560 communi
1840 500 2105 560 naturae
2129 495 2367 558 lumine
2401 499 2593 578 atque
2621 492 2959 558 universali
2989 515 3097 554 ex-

172 579 504 661 perientia,
561 588 844 649 constare
892 584 1188 648 arbitror.
1236 583 1373 648 Nec
1420 585 1653 662 obstat,
1700 585 1868 670 quod
1918 582 2398 647 extraordinarii
2447 605 2627 646 casus
2683 580 3098 656 necessitatiS,

168 671 361 751 atque
390 675 727 736 nocturnas
756 697 827 738 ac
847 673 1105 736 diurnas
1130 673 1460 738 hominum
1486 696 1709 757 operas
1735 673 1999 737 subinde
2025 673 2331 756 requirat.
2358 669 2534 736 Idem
2561 672 2751 734 etiam
2767 670 2841 732 de
2859 673 3096 732 tracta-

168 755 337 818 tione
365 759 413 822 &
437 761 847 826 meditatione
872 761 1183 825 factorum
1209 766 1535 839 nocturna,
1562 767 1673 825 aut
1704 765 2026 845 protracta
2059 761 2119 824 in
2151 761 2420 823 multam
2449 763 2698 823 noctem
2724 761 2881 844 (Act.
2909 758 3012 820 20.
3040 777 3098 820 v.

166 846 251 928 9.)
304 867 453 909 casu
511 849 881 931 particulari
936 849 1027 912 ita
1073 849 1317 914 ferente
1360 851 1529 914 ultro
1554 849 1972 914 concedimus
2024 847 2147 913 Sed
2173 854 2244 912 ut
2269 848 2414 912 inde
2446 847 2666 911 inferri
2703 869 2824 909 non
2857 845 3090 928 potest.

162 933 455 1016 singulas
504 941 737 1016 nocteS,
763 960 962 1021 aeque
988 961 1059 1001 ac
1085 939 1217 1002 dies
1243 939 1575 1002 ordinariis
1601 939 1950 1016 laboribus,
1978 941 2376 1021 sequestrato
2401 936 2573 1000 omni
2600 957 2838 1008 somn0‚
2865 933 3099 997 transi-

162 1020 442 1107 gendas;
492 1025 581 1088 sic
626 1047 703 1090 ex
759 1027 820 1090 vi
844 1026 1205 1109 partitionis
1240 1027 1539 1111 decalogo
1566 1027 1992 1110 praescriptae
2017 1026 2238 1090 inferri
2265 1025 2486 1108 nequit
2509 1025 2827 1108 integram
2853 1025 3101 1085 noctem

161 1131 329 1196 quae
376 1113 761 1179 sabbathum
808 1115 1123 1178 antecedit
1170 1138 1369 1198 aeque
1418 1115 1736 1180 exercitiis
1785 1115 1979 1179 sacris
2005 1115 2322 1178 ordinarie
2354 1113 2783 1189 tribuendam,
2810 1133 2882 1175 ac
2910 1111 3095 1173 diem.

162 1196 347 1264 Talis
411 1202 875 1267 sabbathizatio
931 1208 1184 1287 saperet
1214 1208 1554 1268 nocturnas
1580 1203 1836 1289 vigilias
1871 1204 2024 1267 olim
2050 1226 2124 1267 ex
2152 1201 2475 1266 occasione
2504 1201 2720 1283 alique
2751 1198 3096 1263 extraordi-

160 1285 349 1354 naria
395 1287 632 1363 ἀλόγως
676 1291 743 1355 in
800 1292 1127 1356 ecclesiam
1175 1293 1587 1366 introductaS,
1616 1298 1829 1366 λογίως
1855 1297 2073 1375 postea
2101 1291 2462 1375 abrogatas,
2488 1311 2758 1372 quarum
2791 1287 3098 1370 reliquiae

158 1403 273 1442 seu
316 1373 387 1434 ro*
425 1380 583 1463 quid
602 1401 719 1463 pro
742 1401 865 1466 quo
890 1379 1077 1444 hodie
1102 1381 1167 1444 in
1200 1380 1451 1464 Papatu
1476 1381 1683 1444 adhuc
1714 1385 2024 1464 superest.
2075 1379 2170 1442 De
2195 1379 2428 1462 quibus
2453 1377 2595 1440 vide
2625 1376 3099 1460 Hospinianmn

157 1469 233 1532 (10
260 1467 457 1534 Festis
482 1489 615 1552 cap.
646 1469 703 1532 7.
746 1467 867 1532 Sed
894 1469 1063 1532 dic-at
1094 1469 1258 1533 forte
1284 1469 1425 1552 quis
1456 1473 1513 1533 1.
1560 1470 1778 1552 Objccc.
1816 1467 2147 1533 Inchoatio
2172 1466 2470 1530 sabbathi
2500 1471 2537 1530 a
2562 1469 2823 1548 vespera
2851 1485 3094 1547 praece·

158 1558 355 1620 dente
381 1555 689 1620 Israelitis
714 1560 961 1621 exserte
988 1557 1287 1621 inauncta
1315 1562 1443 1622 est:
1473 1581 1625 1642 ergo
1657 1581 1775 1621 nox
1802 1579 2002 1640 aeque
2036 1560 2132 1620 est
2156 1554 2542 1620 sabbathum
2570 1553 2612 1617 J
2617 1553 2837 1630 ehova,
2865 1575 2938 1616 ac
2965 1550 3098 1613 dies

158 1649 263 1708 cst
310 1645 446 1708 dies
486 1644 742 1709 domini.
794 1647 970 1730 Resp.
1010 1647 1061 1708 1.
1100 1647 1375 1728 Quietem
1399 1647 1750 1730 injunctam
1783 1669 1918 1710 esse
1944 1645 2248 1720 conced03
2278 1643 2558 1726 quietem
2583 1664 2668 1706 sc.
2693 1645 2738 1707 81
2771 1640 3100 1706 abstinen-

158 1734 324 1797 tiam
351 1736 389 1796 a
414 1733 625 1796 labore
651 1732 1002 1810 ordinari03
1028 1735 1179 1817 quia
1202 1735 1359 1799 haec
1386 1739 1480 1798 est
1506 1735 1781 1799 conditio
1807 1736 1942 1798 sine
1976 1739 2104 1817 qua
2127 1755 2274 1810 non,
2299 1755 2408 1796 seu
2435 1737 2743 1814 tauquam
2768 1749 3099 1795 removens

158 1821 689 1905 impedimentum
738 1823 1242 1905 praeparationis
1283 1826 1327 1888 &
1350 1823 1809 1888 observationis
1837 1822 2268 1886 sabbathicae.
2321 1819 2756 1884 communiter
2783 1818 2952 1882 euim
2975 1816 3096 1879 ho-

160 1911 372 1974 mines
420 1931 533 1992 per
564 1908 943 1974 insomniam
988 1913 1034 1976 81
1062 1912 1341 1975 laborem
1373 1912 1547 1976 1111113
1572 1911 1773 1975 noctis
1801 1911 2002 1994 inepti
2026 1911 2374 1974 redduntur
2405 1909 2484 1972 ad
2517 1907 2818 1971 exercitia
2841 1905 3099 1990 pietatis

159 1997 463 2082 sequenti
487 1997 587 2060 die
618 1999 913 2062 alacriter
944 2001 1325 2083 peragenda.
1375 1999 1475 2064 Ita
1511 2005 1582 2064 ut
1606 1999 1992 2064 sabbathum
2015 1998 2168 2082 ipsis
2193 1998 2400 2083 magis
2432 1997 2517 2060 sit
2541 2019 2698 2060 onus
2724 1991 3094 2067 δὸσβκστον,

160 2109 359 2170 quam
406 2105 669 2170 91101109.
726 2086 765 2150 1.
823 2112 873 2150 0.
932 2087 1193 2152 deliciae
1234 2089 1379 2165 (Jes.
1410 2091 1512 2152 58.
1540 2110 1595 2152 v.
1628 2089 1757 2161 13.)
1783 2087 1908 2152 Sed
1931 2109 2095 2166 nego
2128 2109 2420 2150 somnum
2453 2088 2565 2148 aut
2589 2083 2866 2166 quietem
2895 2080 3098 2144 somni

164 2174 583 2258 prohibitam,
610 2177 655 2240 &
688 2174 977 2260 vigiliam
1004 2181 1223 2240 contra
1248 2199 1321 2240 ac
1344 2177 1905 2240 sanctificationem
1943 2177 2114 2239 illius
2140 2176 2343 2238 noctis
2369 2196 2482 2256 per
2508 2173 2790 2236 laborem
2823 2171 2886 2232 in
2919 2167 3094 2231 cultu

160 2263 383 2327 divino
421 2265 465 2328 81
491 2263 805 2326 exercitiis
838 2264 1095 2347 pietatis
1126 2271 1265 2328 tum
1299 2266 1567 2348 publicis
1592 2269 1732 2328 tum
1763 2265 2032 2347 privatis
2057 2265 2406 2347 injunctam
2431 2283 2585 2324 esse.
2615 2262 2673 2322 2.
2705 2261 2866 2324 Dato
2892 2257 3095 2339 ipsam

162 2351 451 2435 quietem
485 2374 597 2434 per
618 2355 903 2416 sanctam.
928 2376 1035 2416 seu
1064 2357 1310 2437 partem
1336 2353 1854 2418 sanctificationis
1881 2352 2180 2416 sabbathi
2207 2349 2541 2414 Israelitici
2569 2371 2644 2412 ex
2673 2346 2884 2411 divino
2907 2343 3096 2408 insti-

164 2444 312 2504 tuto
328 2439 546 2515 fuisse,
580 2442 625 2507 &
650 2442 905 2525 quidem
931 2464 1127 2524 aeque
1156 2464 1267 2526 per
1291 2448 1537 2508 noctem
1562 2464 1781 2507 30111110
1806 2443 2209 2519 destinatam,
2237 2464 2306 2504 ac
2331 2462 2444 2523 per
2470 2439 2635 2501 diem
2653 2435 2950 2520 operibus
2968 2432 3096 2497 cul-

166 2533 277 2593 tus
332 2529 530 2591 divini
563 2530 977 2594 destinatam:
1012 2530 1157 2595 inde
1184 2535 1396 2596 tamen
1430 2554 1556 2595 non
1580 2532 1869 2613 sequitur
1894 2530 2326 2613 peristaticum
2355 2530 2400 2594 &
2426 2526 2842 2591 accessorium
2873 2524 2994 2585 hoc
3019 2522 3098 2585 ad

164 2618 597 2681 substantiam
654 2618 954 2681 sabbathi
1000 2619 1479 2684 hebdomadalis
1504 2621 1584 2684 ab
1612 2619 1866 2683 exordio
1893 2619 2110 2683 mundi
2137 2616 2416 2681 instituti
2441 2615 2782 2698 pertinere,
2809 2615 2856 2679 &
2883 2632 3099 2675 conse-

165 2710 441 2789 quenter
466 2728 601 2769 esse
628 2706 864 2771 morale
891 2711 1081 2789 atque
1107 2708 1529 2783 immutabile,
1556 2730 1683 2792 quo
1708 2730 1820 2771 nos
1847 2729 2046 2791 aeque
2073 2712 2264 2789 atque
2293 2704 2620 2769 Israelitae
2645 2701 3096 2785 obligaremur.

164 2794 509 2859 Suffecerit
548 2798 583 2857 a
608 2794 789 2857 nobis
822 2795 887 2857 in
914 2816 1145 2879 genere
1178 2797 1223 2861 &
1250 2796 1669 2861 materialiter
1696 2796 1975 2878 quietem
2001 2799 2040 2859 a
2073 2794 2416 2859 laboribus,
2445 2797 2751 2875 tanquam
2779 2786 3097 2853 conditio-

164 2904 319 2946 nem
369 2881 505 2945 sine
560 2886 685 2964 qua
730 2904 877 2960 non,
904 2884 1171 2947 servari:
1206 2884 1357 2948 licet
1387 2884 1764 2959 formaliter,
1793 2889 2100 2967 tanquam
2125 2882 2526 2947 oeconomica
2550 2879 2888 2945 sanctitate
2920 2875 3101 2959 quies

166 2976 311 3035 tum
358 2971 653 3054 negative
693 2972 773 3034 ab
821 2972 1139 3035 ordinario
1188 2972 1404 3036 labore
1452 2980 1590 3037 tum
1624 2971 1893 3056 positive
1919 2995 2032 3055 per
2057 2993 2370 3047 somnum,
2395 2969 2752 3033 formaliter
2777 2968 2822 3032 81
2848 2964 3100 3049 proprie

164 3062 393 3123 sancta
418 3082 552 3121 esse
578 3082 703 3123 non
727 3060 1037 3124 credatur.
1074 3059 1391 3144 Quidquid
1418 3066 1585 3125 esset
1608 3061 1685 3124 de
1711 3060 1924 3143 quiete
1958 3062 2074 3124 snb
2109 3059 2190 3123 V.
2227 3058 2300 3123 Τ.
2331 3060 2434 3144 ((10
2461 3080 2585 3141 quo
2611 3056 2716 3120 hic
2741 3054 2927 3119 anxie
2953 3053 3098 3117 nolo

164 3145 549 3230 disquirere)
596 3148 823 3211 saltem
868 3148 987 3212 snb
1036 3147 1119 3212 N.
1176 3148 1249 3212 T.
1278 3150 1523 3213 nullam
1556 3150 1836 3232 quietem
1865 3152 1900 3211 a
1923 3150 2140 3213 labore
2167 3149 2228 3211 in
2257 3170 2322 3211 30
2349 3149 2394 3213 81
2421 3169 2531 3229 per
2555 3168 2621 3209 30
2649 3143 2922 3219 virtutiS,
2952 3141 3098 3205 boni

163 3235 403 3319 operiS,
436 3237 483 3301 81
506 3236 865 3300 sanctitatis
898 3238 1150 3301 nomine
1176 3238 1525 3301 ornandam
1550 3259 1807 3302 censeo:
1836 3238 1942 3300 sed
1969 3240 2222 3300 tantum
2243 3236 2423 3321 [pag.
2451 3233 2651 3317 1249]
2684 3233 2751 3295 in
2775 3231 2992 3295 ordine
3021 3230 3100 3292 ad

166 3323 367 3399 aliud,
394 3328 465 3387 ut
494 3346 577 3388 sc.
606 3324 725 3388 toti
751 3326 797 3389 &
823 3346 897 3389 ex
924 3326 1205 3407 professo
1232 3348 1521 3390 vacemus
1547 3326 1745 3390 cultui
1772 3326 2004 3403 divino,
2031 3332 2074 3387 Sc
2099 3324 2542 3408 spiritualibus
2569 3319 2898 3397 exercitiis,
2933 3318 3100 3381 diem

166 3413 361 3477 illum
386 3412 870 3477 sanctificemus.
910 3414 1121 3496 Atque
1147 3414 1238 3477 ita
1263 3414 1445 3497 praxi
1470 3414 1990 3478 sanctificationis
2023 3412 2432 3477 sabbathicae
2459 3412 2613 3475 satis
2639 3412 2858 3472 contra
2883 3427 3098 3469 omnes

168 3500 647 3585 profanationes
694 3505 950 3565 cautum
1006 3524 1141 3565 esse
1190 3502 1504 3566 arbitror:
1561 3525 1685 3585 quo
1713 3503 1896 3565 modo
1921 3502 2054 3566 fere
2081 3502 2142 3564 in
2179 3500 2447 3564 materia
2462 3498 2688 3582 jejunii
2715 3492 2999 3579 religiosi
3023 3493 3098 3555 de

170 3587 568 3653 abstinentia
614 3593 653 3653 a
699 3589 837 3652 cibo
878 3590 1254 3672 judicamus,
1306 3590 1485 3665 Quod
1534 3596 1749 3653 autem
1798 3590 1862 3653 in
1913 3594 2140 3673 quarto
2187 3592 2524 3671 praecepto
2573 3587 2646 3649 de
2664 3585 3098 3668 jumentorum

170 3676 391 3759 quiete
416 3677 822 3761 praecipitur.
841 3678 905 3741 id
931 3679 1010 3742 ad
1035 3678 1313 3760 quietem
1338 3679 1688 3756 hominum,
1716 3679 2063 3755 ordinatum
2090 3678 2224 3741 sine
2250 3681 2374 3759 qua
2397 3673 2782 3739 sabbathum
2799 3668 3097 3754 operibus

168 3764 619 3849 spiritualibus
664 3766 1010 3830 solenniter
1056 3766 1437 3831 sanctificari
1484 3788 1591 3831 seu
1650 3769 1865 3830 sancte
1914 3765 2185 3851 transigi
2219 3764 2456 3847 nequit.
2508 3764 2568 3825 2.
2622 3760 2756 3846 Obj.
2807 3758 2973 3822 Hinc
2998 3780 3096 3821 se-

170 3856 480 3935 queretur
504 3854 752 3917 00110111
770 3876 882 3937 per
907 3877 1153 3919 menses
1180 3856 1425 3938 aliquot
1449 3856 1827 3919 servandum
1861 3878 1997 3919 esse
2022 3852 2406 3918 sabbathum
2426 3852 2502 3913 iis
2529 3850 2847 3935 gentibus.
2868 3846 3098 3931 quibus

170 3946 327 4004 tunc
351 3940 649 4005 continua
672 3964 797 4007 nox
824 3946 937 4007 est.
988 3942 1110 4006 Sed
1134 3942 1253 4007 hoc
1285 3943 1648 4009 absurdum.
1678 3943 1866 4027 Resp.
1893 3942 2048 4006 haec
2075 3946 2172 4007 est
2195 3939 2463 4023 objectio
2498 3940 2766 4004 Thomae
2792 3933 3098 4020 Siepardi,

172 4028 287 4111 qui
334 4040 509 4093 tract.
565 4029 737 4114 angl.
780 4030 879 4094 tit.
918 4030 1135 4097 7710803
1158 4030 1554 4096 Sabbalhicae
1572 4043 1739 4115 part.
1768 4033 1826 4095 2.
1855 4032 1930 4095 de
1961 4029 2362 4095 inchoatione
2390 4027 2688 4092 sabbathi
2719 4046 2914 4109 supra
2937 4022 3100 4087 alios

172 4116 318 4181 fuse
365 4116 678 4200 disquirit.
729 4117 865 4183 Nos
914 4120 1429 4202 consequentiam
1461 4140 1792 4203 neyamus.
1846 4119 2118 4182 Possunt
2145 4118 2312 4181 enim
2339 4118 2384 4181 8z
2418 4116 2648 4179 debent
2677 4114 2828 4178 illae
2854 4116 3099 4197 genteS,

172 4208 249 4268 ut
297 4204 429 4269 dies
476 4207 800 4289 operarios
849 4207 914 4270 in
964 4207 1093 4271 illis
1143 4207 1351 4293 longis
1398 4208 1676 4271 tenebris
1724 4209 1854 4271 suis
1917 4211 1954 4271 a
2001 4205 2292 4270 noctibus
2340 4227 2452 4268 seu
2476 4203 2790 4268 ordinario
2815 4207 3102 4285 tempore

172 4292 435 4377 quietiS,
462 4294 549 4358 sic
588 4296 635 4360 81
666 4296 1008 4379 septimum
1040 4296 1208 4359 diem
1234 4296 1509 4360 otiosum
1535 4296 1615 4359 ab
1641 4296 1938 4379 operibus
1971 4294 2307 4359 ordinariis
2339 4295 2384 4359 81
2410 4293 2809 4379 negotiosum
2833 4292 2899 4355 in
2927 4288 3102 4354 cultu

172 4380 396 4444 divino
451 4405 745 4467 separare
798 4388 990 4468 atque
1046 4383 1402 4449 observare.
1452 4384 1641 4449 Hanc
1692 4383 2048 4469 simplicem
2095 4384 2170 4448 de
2217 4382 2338 4447 hoc
2384 4381 2672 4467 quaesito
2720 4380 3104 4445 sententiam

2895 4488 3105 4532 meam
