3694 4871
666 290 793 354 250
1003 290 1205 357 D1sr.
1250 290 1364 357 IX.
1412 292 1521 358 Da
1568 291 1823 357 Sraru
1869 290 2338 359 Enncroatm
2383 312 2575 357 Auru
2625 289 3250 357 Corvnnmousu.

661 480 827 543 alem
852 478 1130 563 gratiam
1156 478 1453 562 dicimus)
1478 482 1785 562 tanquam
1809 479 2072 557 semine,
2105 478 2334 559 radice,
2360 480 2405 544 81
2429 478 2742 563 principio
2767 500 2882 543 suo
2909 477 3188 542 elicitivo
3211 476 3595 541 derivamus.

664 567 723 631 8.
759 566 847 631 Et
872 566 1053 653 [pag.
1089 567 1254 653 406]
1296 567 1385 633 sic
1434 572 1471 632 a
1522 567 1803 633 motibus
1835 569 2269 652 reproborum,
2319 570 2424 653 (an
2474 567 2667 632 etiam
2717 571 2756 632 a
2798 567 3078 633 motibus
3102 567 3462 631 electorum
3485 586 3598 628 non

664 656 1102 741 regenitorum
1150 655 1218 720 in
1246 656 1541 735 infantia,
1586 656 1757 720 infra
1780 655 1993 741 Disp.)
2028 657 2236 721 forma
2259 659 2305 722 &
2329 655 2538 740 specie
2570 656 2901 721 distinctos
2924 678 3061 721 esse
3088 654 3385 720 dicimus..
3437 651 3594 728 Quo-

666 766 869 829 usque
926 745 1119 809 etiam
1168 745 1425 829 reprobi
1472 746 1590 810 sub
1617 745 1940 810 schemate
1966 744 2256 809 formalis
2286 744 2694 829 hypocriseos
2725 745 2991 829 provehi
3025 744 3292 829 possint,
3321 765 3406 807 ex
3425 745 3596 826 parte

663 833 991 898 docuimus
1036 834 1101 898 in
1150 835 1333 920 Disp.
1368 834 1443 899 de
1482 834 1760 919 Simplic.
1789 834 1843 901 ἃ
1880 835 2236 921 Hypocrisi.
2271 832 2577 919 Complcte
2599 856 2936 899 conversus
2961 838 3060 897 est
3082 831 3339 916 duplex,
3365 831 3470 895 vel
3491 828 3592 912 qui

664 922 997 987 successive
1027 922 1108 987 ab
1134 920 1409 987 infantia
1431 926 1719 987 mutatur
1750 924 1796 989 &
1822 946 1936 1007 per
1959 922 2311 988 ordinarios
2343 944 2417 987 ac
2446 923 2847 987 continuatos
2883 926 3062 987 actus
3091 922 3439 985 secundum
3467 940 3590 983 mo·

666 1012 886 1076 dulum
920 1013 965 1076 &
997 1033 1111 1095 pro
1143 1012 1388 1077 ratione
1421 1012 1758 1077 crescentis
1776 1012 2002 1096 judicii
2023 1012 2362 1091 infantilis,
2393 1011 2680 1095 pueriliS,
2705 1014 2752 1078 &
2776 1010 2866 1076 sic
2890 1011 3183 1095 deinceps
3205 1008 3490 1093 procedit
3519 1006 3590 1071 ad

666 1099 1044 1183 completam
1094 1123 1206 1165 seu
1260 1101 1604 1166 formatam
1657 1101 1803 1166 novi
1853 1099 2132 1165 hominis
2164 1100 2644 1184 dispositionem
2697 1102 2744 1167 a
2789 1099 3106 1164 habitum.
3153 1098 3380 1175 Qualis
3411 1120 3466 1161 e.
3495 1117 3588 1179 gr.

638 1184 951 1267 ‘SamueL
976 1188 1375 1269 Timotheus,
1408 1191 1455 1255 81
1478 1190 1721 1254 similes
1771 1189 1881 1272 qui
1910 1191 2138 1275 jugum
2162 1189 2400 1253 domini
2425 1192 2462 1253 a
2491 1189 2768 1273 pueritia
2791 1194 3046 1273 portare
3072 1186 3448 1252 didicerunt.
3473 1182 3588 1248 Vel

664 1277 775 1360 qui
820 1300 935 1361 per
980 1279 1424 1345 simultaneam
1480 1277 1544 1344 ἃ·
1590 1278 1869 1343 subitam
1895 1278 2318 1343 mutationem
2342 1278 2407 1343 in
2433 1278 2652 1343 adulta
2683 1282 2797 1343 aut
2827 1278 3052 1342 effecta
3075 1279 3308 1347 aetate.
3333 1279 3450 1339 aut
3478 1272 3585 1337 sub

664 1367 857 1431 finem
904 1367 1075 1432 vitae
1122 1371 1531 1432 convertitur.
1580 1366 1800 1441 Qualis
1846 1390 1972 1431 non
2027 1390 2365 1431 conversus
2413 1370 2508 1431 est
2549 1366 2805 1452 triplex.
2861 1367 2916 1429 1.
2958 1370 3139 1431 extra
3161 1363 3386 1429 foedus
3408 1366 3585 1427 natus

668 1458 715 1522 &
770 1456 1094 1535 educatus,
1130 1456 1233 1521 cui
1256 1457 1447 1521 simul
1473 1479 1689 1521 semen
1712 1455 2214 1540 regenerationis
2239 1458 2284 1522 81
2308 1456 2638 1539 dispositio
2669 1478 2782 1520 seu
2803 1455 3065 1519 habitus
3097 1453 3244 1519 fidei
3269 1475 3344 1517 ac
3362 1450 3582 1534 resipi-

664 1545 942 1609 scentia-e
989 1567 1104 1629 per
1151 1546 1623 1609 conversionem
1677 1544 2088 1628 imprimitur.
2141 1545 2200 1607 2.
2250 1543 2326 1608 In
2364 1544 2618 1609 foedere
2644 1548 2832 1609 natus
2858 1542 3212 1608 &infantia
3234 1541 3583 1626 regenitus;

671 1633 779 1696 sed
827 1634 894 1696 in
927 1634 1145 1697 eodem
1180 1633 1441 1697 minime
1468 1628 1787 1710 educatus,
1829 1655 1946 1698 nec
1976 1634 2044 1697 in
2069 1633 2458 1717 professione
2483 1634 2618 1717 ejus
2644 1632 2881 1709 vivenS,
2909 1632 3106 1697 sedin
3141 1629 3579 1715 Epicureismo,

671 1724 783 1785 aut
802 1719 1275 1801 Libertinismo,
1301 1725 1413 1786 aut
1427 1720 1850 1800 Ethnicismo,
1869 1726 1980 1785 aut
2003 1720 2334 1787 Tui-cismo
2359 1722 2458 1785 sc.
2485 1720 2562 1785 In
2585 1721 2708 1786 hoc
2731 1722 3248 1805 praesuppositae
3281 1742 3390 1783 seu
3413 1738 3582 1801 prae·

667 1809 1064 1874 introductae
1091 1833 1203 1894 per
1241 1810 1788 1891 regenerationem
1821 1809 2118 1874 facultati
2151 1833 2259 1875 seu
2287 1810 2484 1874 radici
2507 1810 2770 1874 habitus
2803 1832 2914 1873 seu
2939 1808 3270 1892 dispositio
3293 1804 3576 1891 superad-

668 1898 857 1975 ditur,
908 1901 953 1964 &
1000 1920 1078 1963 ex
1125 1899 1419 1964 seminali
1458 1899 1573 1963 illa
1610 1900 1901 1983 potentia
1925 1922 2038 1983 per
2063 1896 2230 1982 Spir.
2256 1896 2321 1962 S.
2348 1898 2711 1963 suscitatur.
2761 1900 2824 1962 3.
2871 1895 2947 1962 In
2971 1898 3224 1961 foedere
3253 1899 3300 1962 a
3330 1900 3510 1959 natus
3535 1891 3576 1955 ἃ

669 1986 995 2066 educatus,
1021 1987 1212 2071 inque
1238 1988 1373 2073 ejus
1398 1987 1789 2072 professione
1823 1988 2073 2063 vivens3
2107 1988 2217 2052 sed
2243 1987 2415 2052 omni
2447 1992 2598 2051 vera
2629 1987 2751 2051 fide
2775 1986 2821 2051 8z
2845 1985 2909 2049 vi
2941 1984 3203 2069 pietatis
3227 1984 3576 2057 destitutuS,

668 2076 805 2139 sola
844 2076 979 2160 ejus
1026 2077 1314 2157 μορφώσει
1338 2080 1692 2156 contentu‘S,
1720 2077 1958 2161 quippe
1991 2098 2239 2141 crassus
2273 2080 2384 2140 aut
2408 2076 2663 2140 subtilis
2686 2074 3023 2159 hypocrita
3047 2096 3249 2157 usque
3276 2073 3352 2137 ad
3375 2071 3576 2136 effica-

668 2186 804 2228 cem
858 2165 1349 2230 conversionem.
1399 2164 1487 2229 Et
1531 2164 1681 2229 huic
1727 2164 2276 2251 regenerationem
2323 2164 2387 2228 in
2438 2188 2505 2228 se
2534 2164 2801 2228 habenti
2833 2163 3094 2227 habitus
3123 2166 3236 2226 aut
3267 2158 3578 2243 dispositio

670 2253 1121 2336 superinditur.
1173 2253 1369 2319 Porro
1402 2255 1741 2319 simullanc
1784 2260 1816 2319 ὁ
1863 2275 2199 2318 conversus
2238 2253 2657 2336 distinguitur
2680 2252 2744 2315 in
2771 2274 2916 2317 eum
2941 2252 3050 2334 qui
3077 2247 3578 2321 extraordinariO,

674 2344 719 2407 &
761 2342 827 2404 in
883 2364 1028 2405 eum
1083 2342 1193 2425 qui
1240 2343 1560 2407 ordinario
1584 2344 1994 2409 convertitur.
2045 2344 2150 2410 Ille
2181 2342 2410 2425 estqui
2435 2341 2741 2407 adhibitis
2773 2339 3294 2405 extraordinariis
3317 2338 3508 2421 signis
3537 2336 3577 2399 s

671 2430 1165 2496 circumstantiis
1197 2431 1262 2496 in
1289 2432 1555 2497 instanti
1582 2437 1695 2497 aut
1718 2431 2094 2498 brevissimo
2119 2435 2401 2516 tempore
2435 2434 2722 2496 mutatur
2752 2432 2798 2497 &
2821 2428 3195 2514 provehitur
3235 2428 3316 2493 ad
3337 2426 3578 2491 tertium

671 2519 955 2584 ordinem
981 2543 1093 2584 seu
1118 2521 1388 2605 gradum
1415 2544 1880 2586 conversorum.
1929 2522 2197 2598 Qualem
2225 2544 2318 2584 ex.
2339 2543 2437 2605 gr.
2463 2525 2764 2605 putamus
2789 2519 2986 2584 fuisse
3011 2517 3306 2582 Paulum.
3352 2517 3463 2580 Iste
3489 2519 3576 2576 est

672 2608 781 2692 qui
830 2609 1166 2674 ordinariis
1211 2615 1507 2675 externae
1538 2610 1890 2676 vocationis
1921 2610 2146 2676 mediis
2171 2610 2361 2674 fidem
2407 2612 2453 2676 81
2477 2609 2980 2692 resipiscentiam
3005 2607 3311 2671 divinitus
3333 2606 3578 2687 impres·

672 2720 773 2760 sas
799 2698 1045 2782 recipit,
1064 2700 1110 2763 &
1134 2700 1475 2763 secundum
1502 2722 1607 2763 eas
1634 2703 1810 2763 actus
1834 2699 2262 2785 homogeneos
2296 2701 2342 2764 δι
2365 2699 2672 2763 formatos
2703 2696 3006 2761 eliciendo
3032 2696 3107 2760 de
3132 2697 3334 2781 gradu
3359 2693 3420 2756 in
3443 2713 3574 2776 gra·

672 2787 821 2849 dum
853 2787 1069 2852 ordine
1095 2788 1484 2871 provehitur.
1532 2785 1697 2852 Sunt
1742 2791 1958 2852 autem
1983 2788 2218 2873 gradus
2243 2809 2354 2851 seu
2377 2786 2630 2852 ordines
2655 2785 2938 2851 fidelium
2963 2805 3410 2850 conversorum
3437 2785 3574 2844 tres..

679 2874 937 2939 Primus
962 2880 1059 2940 est
1081 2876 1523 2961 incipientium
1548 2899 1658 2940 scu
1682 2875 2030 2940 infantium
2058 2877 2119 2941 l.
2148 2878 2423 2941 Corinth.
2444 2878 2505 2938 3.
2535 2875 2593 2940 l.
2623 2877 2683 2940 2.
2711 2876 2771 2938 3.
2799 2875 2942 2939 coll.
2969 2896 3111 2938 cum
3167 2875 3226 2939 1.
3257 2873 3423 2940 Petr.
3445 2871 3500 2932 2.
3525 2870 3571 2930 l.

674 2963 857 3027 lleb-r.
914 2965 1011 3028 12.
1062 2965 1124 3030 ἃ·
1170 2967 1229 3029 6.
1282 2967 1340 3028 1.
1370 2966 1693 3031 Secundus
1718 2971 1815 3030 est
1840 2965 2304 3050 proficientium
2330 2987 2444 3030 seu
2467 2962 2962 3028 adolescentium
2991 2962 3278 3046 Philipp.
3311 2961 3366 3025 1.
3397 2960 3452 3023 9.
3479 2958 3568 3020 10.

684 3052 923 3117 Tertius
950 3057 1047 3118 est
1092 3054 1539 3139 perfectorum,
1592 3054 1888 3133 virorum,
1929 3057 1975 3120 &
2006 3053 2437 3138 spiritualium
2471 3055 2523 3116 l.
2557 3051 2834 3118 Corinth.
2864 3053 2923 3114 3.
2959 3053 3017 3117 1.
3043 3050 3227 3117 Hebr.
3256 3051 3315 3113 5.
3348 3049 3440 3112 13.
3483 3047 3566 3108 15.

678 3141 951 3226 Philipp.
980 3143 1039 3205 3.
1072 3143 1171 3207 15.
1210 3143 1314 3207 16.
1338 3142 1570 3209 Confer
1593 3144 1755 3227 disp.
1792 3143 1866 3208 de
1895 3145 2353 3228 reqeneraciovw
2371 3154 2537 3228 part.
2568 3143 2627 3204 2.
2663 3142 2732 3206 in
2757 3143 2902 3228 fine.

766 3226 833 3296 3.
884 3229 1005 3294 His
1053 3232 1481 3317 praecognitis
1528 3232 1884 3316 explicatur
1929 3233 2166 3316 triplex
2213 3236 2418 3296 status
2445 3233 2791 3295 electorum
2819 3233 2968 3294 ante
2999 3228 3339 3305 actualem,
3361 3227 3569 3290 forma·

679 3319 823 3396 lem,
872 3321 916 3384 &
949 3321 1329 3404 completam
1355 3321 1825 3385 conversionem
1850 3343 2118 3404 quorum
2164 3319 2216 3384 I.
2253 3323 2722 3412 estplcctorum,
2749 3319 2855 3384 sed
2883 3339 2995 3383 nec
3015 3318 3464 3402 foederatorum
3485 3333 3574 3402 na:

678 3408 1096 3492 -reqenilorwn
1138 3410 1208 3473 in
1253 3410 1551 3494 infantici.
1598 3409 1661 3473 Is
1685 3410 2062 3474 describitur
2084 3414 2222 3473 tum
2247 3429 2364 3468 κατ
2413 3409 2594 3482 ἄρσιν,
2640 3412 2780 3471 tum
2811 3405 2974 3466 κκτά
3001 3406 3186 3465 θέσιν.
3217 3405 3437 3472 Primo
3455 3421 3556 3460 κκτ
3659 3447 3661 3476 ,

674 3495 842 3570 ἄρσιν
866 3496 967 3560 his
993 3499 1341 3586 attributiS.
1395 3500 1452 3562 1.
1480 3498 1645 3580 quod
1676 3520 1803 3562 non
1826 3499 1954 3562 sint
1978 3498 2183 3562 vocati
2209 3503 2486 3562 externe.
2515 3498 2574 3558 2.
2611 3497 2777 3580 quod
2801 3500 3262 3578 consequenter
3283 3493 3454 3558 nulla
3474 3489 3571 3554 fide
3659 3487 3661 3556 ἔ

678 3589 790 3648 aut
836 3585 1275 3668 resipiscentia
1324 3586 1454 3650 sint
1499 3586 1791 3670 praediti.
1842 3590 1903 3652 3.
1951 3586 2130 3662 Quod
2153 3609 2280 3650 non
2313 3587 2439 3650 sint
2465 3586 2646 3672 [pag.
2669 3583 2832 3670 407]
2861 3584 3025 3648 uniti
3056 3583 3333 3648 Christo.
3383 3583 3439 3645 4.
3461 3577 3570 3643 Nec

671 3673 1002 3756 justificati
1051 3679 1161 3738 aut
1210 3675 1617 3751 reconciliati,
1652 3676 1901 3758 passive
1948 3675 2084 3740 scil.
2125 3677 2186 3741 5.
2235 3674 2414 3750 Quod
2462 3674 2868 3758 adoptionem
2899 3695 3010 3737 seu
3033 3674 3316 3742 ἡοθεσ-ίκν
3339 3691 3460 3735 11011
3471 3667 3572 3732 sint

678 3760 914 3844 adepti.
964 3763 1023 3825 6.
1073 3762 1254 3838 Quod
1283 3786 1397 3847 per
1420 3786 1807 3846 consequens
1830 3787 1956 3828 non
1983 3764 2113 3828 sint
2136 3763 2480 3848 glorificati
2519 3761 3010 3848 (glorificatione
3051 3759 3187 3825 scil.
3216 3759 3502 3826 inchoata
3520 3755 3572 3818 in

678 3847 799 3913 hac
844 3849 1026 3933 vita),
1073 3874 1187 3916 nec
1232 3853 1555 3937 gaudeant
1576 3852 1874 3916 libertate
1901 3852 2281 3930 Christiana,
2315 3854 2362 3918 St
2382 3851 2738 3936 privilegiis
2763 3850 3042 3914 filiorum
3071 3847 3216 3913 Dei.
3271 3849 3330 3912 7.
3361 3845 3572 3931 specia-
3658 3845 3661 3946 1

680 3937 828 4000 liter
851 3939 1016 4020 quod
1033 3962 1159 4005 non
1186 3941 1316 4004 sint
1347 3941 1552 4004 amici.
1582 3940 1641 4003 8.
1670 3939 1851 4016 Quod
1877 3963 1998 4005 non
2026 3939 2384 4024 acceperint
2414 3939 2840 4004 arrhabonem
2863 3937 3158 4022 Spiritus»,
3187 3959 3305 4002 nec
3327 3935 3574 4002 habeant

682 4046 901 4107 pacem
948 4029 1115 4110 apud
1154 4027 1361 4093 Deum
1408 4030 1475 4092 in
1521 4029 1924 4093 conscientia.
1972 4029 2033 4092 9.
2083 4029 2264 4105 Quod
2290 4029 2460 4094 mala
2491 4027 2646 4112 ipsis
2669 4049 2796 4091 non
2820 4031 3238 4110 cooperentur
3259 4027 3326 4090 in
3349 4027 3574 4096 bonum,
3659 4025 3661 4094 i

682 4134 797 4176 nec
828 4135 1067 4196 poenae
1099 4115 1145 4179 81
1170 4116 1482 4181 vindictae
1506 4115 1628 4180 Dei
1652 4117 1944 4181 desinant
1975 4117 2131 4201 ipsis
2163 4117 2520 4182 formaliter
2546 4117 2710 4181 tales
2735 4138 2892 4195 esse,
2941 4116 3168 4179 saltem
3193 4115 3264 4178 in
3289 4137 3466 4180 sensu
3486 4111 3572 4194 ip-

682 4223 915 4264 sorum.
969 4202 1071 4266 10.
1116 4204 1427 4284 Breviter,
1474 4205 1640 4288 quod
1684 4205 1865 4268 nulla
1888 4229 2218 4284 renovanS,
2245 4208 2291 4272 &
2313 4205 2656 4271 efficaciter
2679 4208 3051 4269 convertens
3075 4203 3374 4286 specialis
3395 4199 3571 4287 gratia

684 4287 817 4350 sive
859 4287 1066 4371 prima
1112 4292 1243 4356 sive
1290 4294 1563 4356 secunda
1604 4292 1759 4376 ipsis
1782 4295 2134 4379 contingat.
2160 4293 2246 4358 IL
2289 4293 2458 4358 Hinc
2481 4298 2813 4378 peccatum
2835 4293 2903 4356 in
2927 4293 3082 4376 ipsis
3107 4292 3196 4356 sit
3227 4313 3515 4378 regnans:
3536 4287 3570 4350 ἃ

682 4374 935 4438 nullum
982 4377 1068 4438 sit
1100 4380 1234 4440 tam
1279 4377 1683 4456 horrendum,
1732 4381 1795 4443 in
1824 4382 1994 4464 quod
2017 4405 2145 4446 non
2167 4387 2434 4467 possunt
2457 4381 2732 4447 incidere
2759 4387 2914 4467 (quo
2937 4379 3164 4446 referri
3185 4385 3400 4466 potest
3413 4379 3567 4524 Ι,3123-

3409 4493 3460 4531 o.
3489 4513 3516 4528 ..
3555 4509 3567 4526 .
