3694 4871
619 284 700 346 70
1193 276 1824 345 D1sv.III.D1=,·
1872 278 2101 343 June
2152 278 2722 343 erusriru
2770 276 2955 340 Dm.

616 467 855 533 limites
900 466 1094 550 hujus
1150 464 1314 550 juris
1361 466 1406 530 &
1448 463 1613 546 legis
1635 462 1947 526 naturalis
1970 463 2175 526 tribus
2206 462 2523 546 capitibus
2544 463 3067 528 circumscribunt
3092 463 3459 528 Seltolasliei
3478 463 3555 526 ad

629 557 932 623 lemam
962 555 1023 618 1.
1052 556 1113 618 2.
1139 574 1248 639 qu.
1275 552 1380 617 94.
1407 552 1585 617 artic.
1615 553 1674 616 2.
1709 549 2007 634 Requirit
2030 551 2199 615 enim
2224 551 2327 615 lex
2348 557 2616 618 naturae
2642 555 2723 618 ab
2751 552 3009 616 homine
3032 551 3345 616 nonnulla
3370 555 3447 615 ut
3468 555 3557 615 est

619 667 770 710 ens:
795 643 1104 708 nonnulla
1133 645 1204 706 ut
1228 644 1325 705 est
1350 641 1568 704 vivens
1591 641 1638 706 81
1661 638 1928 704 animal:
1964 640 2271 704 nonnulla
2301 645 2374 706 ut
2398 646 2495 705 est
2524 640 2875 706 rationalia.
2924 638 3117 716 Quae·
3150 640 3239 704 ibi
3272 641 3555 704 videnda.

621 728 772 798 VII.
831 731 1046 799 Probl.
1083 729 1188 795 An
1234 751 1388 815 ergo
1437 752 1515 793 ex
1549 728 1691 811 jure
1722 728 2021 803 naturali,
2050 733 2121 792 ut
2144 730 2779 814 contradistinguitur
2808 728 3303 814 supernaturali,
3327 729 3497 793 ratio
3515 730 3555 794 k

621 822 846 886 modus
890 818 1136 884 colendi
1161 819 1368 882 Deum
1395 817 1620 882 deduci
1643 821 1872 900 potest,
1912 821 2025 881 aut
2054 819 2174 881 sub
2197 841 2270 882 eo
2298 819 2586 883 subsumi
2602 823 2633 884 ⁴?
2662 821 2841 902 Hesp.
2870 819 3017 902 Ney.
3044 816 3125 881 In
3146 839 3385 901 genere
3408 819 3554 901 qui-

623 911 767 976 dem
791 910 838 974 &
861 907 1188 992 indefinite
1215 907 1526 990 quomodo
1552 904 1726 969 Deus
1753 906 1838 970 sit
1860 907 2187 982 colendum
2214 907 2259 971 81
2284 908 2581 992 negative
2605 909 2918 990 quomodo
2964 929 3093 970 non
3126 907 3211 971 sit
3244 907 3553 982 colenduS,
3659 951 3662 990 ÷

621 998 687 1063 in
739 997 958 1062 multis
1006 996 1151 1060 inde
1176 995 1425 1060 ostendi
1454 997 1693 1079 potest:
1729 995 1839 1059 sed
1864 995 2131 1078 positive
2160 998 2205 1062 81
2229 997 2296 1059 111
2320 996 2527 1080 specie
2553 997 2763 1061 cultus
2786 995 2908 1060 Dei
2938 995 3279 1072 naturalis,
3304 1000 3377 1059 ut
3400 1017 3555 1059 nunc

623 1091 768 1172 post
814 1087 1065 1170 lapsum
1095 1084 1494 1148 modificatus
1518 1087 1637 1162 est,
1663 1105 1740 1146 ex
1767 1105 1840 1146 eo
1874 1083 2095 1147 deduci
2120 1088 2232 1149 aut
2256 1085 2375 1148 sub
2399 1107 2473 1149 eo
2499 1085 2755 1149 definite
2780 1088 2974 1168 atque
3006 1083 3312 1168 explicite
3334 1085 3553 1148 subsu-

623 1175 714 1241 mi
738 1197 864 1239 non
887 1176 1115 1258 potest.
1165 1171 1373 1236 Multo
1391 1171 1601 1235 minus
1627 1171 1837 1236 cultus
1862 1171 2213 1238 institutus
2242 1171 2419 1238 Haec
2443 1195 2595 1258 ergo
2620 1176 2659 1236 a
2682 1171 3153 1257 supernaturali
3176 1173 3555 1237 revelatione
3660 1173 3662 1176 ⁴

625 1263 1066 1347 exspectanda.
1115 1261 1292 1338 Quae
1314 1282 1456 1325 cum
1487 1260 1556 1324 in
1579 1262 1686 1326 loe.
1715 1281 1871 1325 com.
1896 1261 1972 1326 de
1998 1262 2352 1328 Necessitate
2387 1260 2451 1327 ἃ·
2468 1263 2839 1347 perfectione
2862 1262 3240 1346 scripturae,
3264 1263 3313 1327 8z
3342 1263 3421 1326 de
3442 1262 3552 1325 the·
3660 1339 3662 1344 .

625 1353 848 1437 oloqid,
896 1352 1091 1436 deque
1133 1369 1262 1415 usu
1307 1347 1574 1414 rationis
1605 1349 1674 1413 in
1703 1349 1889 1414 rebus
1912 1351 2057 1437 fidei
2080 1351 2327 1415 abunde
2360 1351 2774 1434 explicentur,
2800 1370 2927 1414 11011
2952 1355 3051 1414 est
3072 1350 3245 1432 quod
3274 1349 3555 1433 pluribus
3660 1421 3662 1434 Ι

629 1441 974 1506 absurdum
995 1439 1154 1502 illud
1177 1439 1418 1502 rituum
1435 1459 1758 1502 sacrorum
1782 1437 1850 1502 in
1875 1439 2050 1502 cultu
2073 1439 2326 1522 publico
2353 1439 2649 1518 fulcrum,
2676 1443 2715 1502 a
2736 1443 2967 1503 natura
2992 1439 3273 1522 petitum
3296 1439 3555 1502 subrua—

627 1551 791 1594 mus‚
839 1527 1002 1593 Sunt
1047 1527 1211 1591 ritus
1256 1526 1516 1610 quidam
1563 1547 1927 1592 communes
1978 1527 2357 1592 naturaliter
2377 1527 2737 1606 necessarii,
2763 1531 2875 1592 aut
2900 1527 3177 1592 civiliter
3199 1527 3429 1605 decori,
3456 1526 3553 1590 sed

490 1637 499 1644 ·
626 1619 728 1682 illi
774 1639 900 1683 non
947 1619 1098 1680 sunt
1149 1616 1313 1679 sacri
1360 1613 1406 1678 81
1429 1614 1702 1698 mystici,
1745 1638 1841 1680 ex.
1869 1637 1966 1700 gr.
1992 1619 2223 1681 natura
2247 1617 2447 1690 docet,
2474 1617 2527 1680 si
2552 1616 2953 1681 concionator
2974 1615 3133 1680 velit
3156 1617 3300 1693 rite,
3324 1616 3374 1682 81.
3396 1638 3555 1680 00111-

631 1707 814 1772 mode
839 1704 1219 1770 distribuere
1243 1725 1525 1778 coenam,
1553 1707 1626 1767 ut
1649 1705 1899 1768 derecto
1924 1726 2051 1782 ore,
2078 1709 2190 1769 aut
2214 1709 2285 1769 ut
2310 1709 2486 1770 stans
2514 1709 2560 1772 8z
2584 1709 2790 1770 erecto
2823 1727 3082 1788 corpore
3114 1705 3237 1769 hoc
3262 1703 3477 1782 faciat,
3506 1704 3553 1766 si
3660 1771 3662 1774 Α

632 1795 955 1860 commode
1003 1795 1042 1856 a
1087 1791 1697 1857 communicantibus
1744 1794 1991 1876 agenda
2044 1792 2158 1858 illa
2204 1797 2488 1878 spectare
2521 1797 2566 1860 81
2591 1792 2796 1857 audiri
2820 1795 2997 1857 velit.
3046 1792 3248 1857 Civile
3274 1795 3553 1858 decorum

632 1883 941 1967 postulat,
967 1885 1039 1944 ut
1069 1880 1360 1946 minister
1383 1881 1605 1944 decore
1639 1882 1928 1959 vestituS,
1956 1883 2192 1964 absque
2226 1883 2539 1947 defluente
2570 1904 2753 1947 muco
2794 1887 2827 1945 e
2874 1881 3158 1961 naribuS,
3191 1883 3428 1965 absque
3450 1905 3553 1945 na·

634 1976 812 2036 tante
833 1971 902 2034 in
925 1991 1034 2034 ore
1065 1969 1266 2034 saliva
1291 1972 1389 2036 810.
1418 1969 1781 2033 concionem
1825 1969 2084 2034 habeat.
2108 1968 2230 2035 Sed
2256 1972 2413 2036 haec
2435 1971 2648 2036 omnia
2671 1970 3029 2035 communia
3060 1974 3211 2034 sunt
3238 1972 3305 2034 in
3326 1971 3555 2047 schola,

633 2061 701 2125 in
726 2059 922 2136 curia,
956 2057 1022 2122 in
1053 2058 1362 2144 collegiis,
1389 2058 1455 2121 in
1481 2058 1774 2140 compitis
1797 2061 1897 2124 810.
1924 2081 2050 2122 11011
2073 2081 2221 2123 vero
2246 2060 2519 2143 propria,
2553 2059 2821 2144 mystica
2846 2064 2959 2123 aut
2980 2057 3335 2124 formaliter
3362 2081 3554 2122 sacra.

634 2147 814 2214 VIII.
865 2147 1081 2214 Probl.
1135 2147 1239 2211 An
1257 2147 1362 2230 jus
1387 2147 1432 2210 &
1463 2146 1567 2210 lex
1589 2147 1903 2212 naturalis
1936 2147 2015 2211 ab
2046 2148 2338 2212 omnibus
2363 2148 2729 2213 hominibus
2752 2149 3187 2232 cognoscitur:
3214 2148 3259 2213 &
3282 2171 3395 2231 per
3416 2169 3554 2211 con-

635 2237 904 2302 trarium
952 2258 1208 2301 sensum
1255 2235 1480 2299 inferri
1519 2235 1738 2318 possit,
1787 2259 1914 2300 non
1939 2257 2076 2300 esse
2108 2236 2268 2300 illud
2284 2237 2447 2320 juris
2471 2236 2802 2313 naturalia,
2830 2237 2998 2319 quod
3022 2237 3105 2301 ab
3128 2237 3418 2300 omnibus
3442 2258 3557 2300 non

636 2324 1017 2412 agnoscitur.
1069 2325 1248 2408 Hesp.
1281 2325 1425 2408 Neq.
1477 2323 1718 2407 Aptum
1745 2324 2001 2407 quidem
2024 2329 2247 2389 natum
2272 2330 2369 2390 est
2394 2330 2465 2389 ut
2490 2327 2571 2390 ab
2594 2324 2886 2390 omnibus
2912 2329 3340 2408 cognoscatur,
3364 2325 3415 2388 St
3458 2325 3557 2388 de·

637 2415 873 2480 bebant
920 2413 1078 2478 illud
1112 2435 1330 2478 omnes
1377 2434 1788 2497 cognoscere:
1838 2413 1949 2479 sed
1972 2413 2194 2479 multis
2226 2415 2428 2479 modis
2453 2415 2669 2479 lumen
2692 2413 2852 2478 illud
2880 2413 3293 2499 exstinguunt
3314 2413 3559 2478 conclu-

638 2504 846 2568 siones
887 2524 964 2566 ex
1009 2502 1339 2586 principiis
1381 2502 1547 2566 male
1595 2502 1924 2568 inferendo
1971 2506 2044 2566 ut
2092 2503 2302 2568 videre
2328 2508 2425 2567 est
2467 2506 2731 2571 Roman.
2778 2504 2835 2567 1.
2865 2504 2969 2565 21.
3000 2504 3104 2566 22.
3132 2504 3341 2568 Iudae.
3366 2524 3424 2567 v.
3460 2503 3554 2564 10.

639 2592 822 2668 Quod
865 2590 921 2654 si
959 2612 1072 2673 per
1091 2591 1195 2675 jus
1222 2593 1267 2656 &
1298 2592 1509 2675 legem
1527 2594 1793 2656 naturae
1809 2590 2256 2675 intelligantur
2286 2595 2537 2656 tantum
2568 2592 2775 2675 prima
2806 2591 3122 2676 principia
3154 2592 3443 2676 practica,
3470 2590 3557 2653 fa·

640 2684 851 2743 temur
881 2701 956 2743 ea
1007 2679 1087 2743 ab
1127 2678 1441 2757 omnibuS,
1490 2678 1595 2762 qui
1645 2680 1913 2744 rationis
1940 2680 2121 2765 [pag.
2150 2681 2313 2767 399]
2332 2704 2449 2745 usu
2474 2680 2748 2764 praediti
2776 2683 2945 2757 sunt,
2973 2680 3247 2757 admitti,
3274 2682 3561 2763 percepta

641 2767 826 2833 modo
871 2765 1286 2832 terminorum
1335 2767 1774 2851 explicatione.
1825 2767 1990 2832 Vide
2038 2768 2199 2852 disp.
2226 2773 2505 2834 nostram
2540 2770 2615 2834 de
2646 2770 2982 2834 Atheismo.
3007 2768 3147 2844 Quo
3174 2791 3349 2833 sensu
3377 2772 3561 2831 autor

643 2876 1004 2957 anonymus
1073 2856 1510 2957 definitionum
1530 2906 1546 2931 ,
1617 2878 1779 2939 quae
1826 2879 1953 2920 una
2008 2879 2151 2921 cum
2200 2858 2594 2924 Nazianzem'
2638 2882 2717 2922 ex
2764 2856 3151 2921 bibliotheca
3196 2858 3561 2941 Augustana

644 2945 850 3010 editae
913 2946 951 3007 a
994 2942 1238 3009 Davide
1295 2943 1698 3023 Hoeschelio,
1747 2948 1792 3011 81
1838 2944 2306 3030 Heidelbergae
2354 2946 2422 3011 in
2472 2948 2561 3010 8⁰.
2604 2968 2868 3011 excusae
2921 2945 3112 3009 1591.
3148 2950 3205 3004 τί
3244 2950 3339 3004 εἶσι
3382 2942 3562 3003 meaux?

642 3030 870 3105 ’ἐννοικις
931 3036 987 3091 .κὶ
1047 3031 1275 3093 οἴκοθεν
1315 3030 1385 3092 τὲ
1427 3036 1642 3093 witra-ov
1683 3032 1929 3108 ἑτοίμως
1968 3030 2233 3112 ἔχουσαι,
2281 3035 2375 3094 καὶ
2417 3032 2663 3110 μηδενές
2704 3033 2895 3109 ἐτέρου
2934 3032 3199 3109 δεόμεναι
3237 3030 3369 3106 πρές
3408 3030 3563 3089 51πό-

645 3120 833 3199 δειξιν.
885 3117 1000 3185 ΙΧ.
1032 3119 1243 3186 Probl.
1289 3120 1395 3185 An
1419 3122 1466 3187 81
1490 3122 1801 3204 (11101110ᾱο
1823 3121 2125 3185 honestas
2150 3121 2415 3185 actionis
2441 3122 2705 3206 alicujus
2732 3126 2769 3186 a
2792 3121 3043 3207 legibus
3068 3120 3370 3196 humaniS‚
3394 3121 3443 3184 ἃ
3467 3119 3565 3181 (10·

647 3207 1093 3273 terminatione
1119 3208 1542 3294 Magistratus
1565 3210 1836 3275 derivari
1862 3232 1935 3273 ac
1959 3210 2257 3293 suspendi
2281 3210 2515 3294 possit:
2548 3210 2641 3274 ita
2664 3214 2738 3273 ut
2760 3210 3105 3275 autoritate
3129 3212 3176 3277 81
3199 3208 3560 3274 determina·

647 3296 818 3361 tione
865 3297 978 3361 illa
1027 3296 1237 3382 posita
1285 3302 1396 3362 aut
1427 3296 1700 3377 sublata,
1727 3303 2002 3383 ponatur
2034 3302 2145 3362 aut
2186 3298 2449 3362 tollatur
2472 3299 2718 3363 licitum
2743 3299 2789 3363 &
2818 3298 3160 3363 honestum.
3182 3298 3247 3362 in
3267 3297 3389 3361 foro
3412 3317 3559 3359 con·

651 3384 974 3465 scientiae,
1004 3386 1451 3451 convenienter
1465 3387 1596 3471 juri
1621 3387 1832 3451 divino
1860 3389 1905 3452 &
1930 3387 2258 3451 naturali?
2285 3389 2459 3472 Hesp.
2492 3388 2548 3450 1.
2568 3387 3132 3472 praesupponenda
3150 3390 3245 3451 est
3258 3384 3557 3449 distinctio

648 3478 1008 3540 nostrorum
1049 3474 1540 3561 Theologorum,
1592 3476 1758 3540 inter
1781 3476 2087 3539 directam
2112 3476 2157 3539 &
2182 3476 2613 3540 immediatam
2636 3476 3117 3561 obligationem,
3144 3476 3190 3539 81
3214 3475 3371 3539 inter
3394 3470 3554 3536 indi-

649 3568 908 3643 rectam,
933 3586 1046 3629 seu
1071 3563 1432 3628 mediatam.
1482 3563 1605 3627 Illa
1631 3564 1905 3649 legibue,
1936 3568 1981 3631 &
2006 3564 2337 3629 autoritati
2358 3565 2676 3629 humanae
2700 3565 2768 3627 in
2800 3564 3213 3629 conscientias
3234 3561 3413 3627 tribui
3438 3582 3553 3624 non

649 3654 878 3737 potest,
905 3651 1016 3716 sed
1040 3656 1293 3717 tantum
1326 3652 1610 3717 divinae:
1637 3653 1763 3717 ista
1787 3656 2018 3736 potest.
2047 3654 2109 3717 2.
2137 3652 2362 3717 Altera
2386 3653 2707 3717 distinctio
2732 3657 2862 3717 est:
2898 3652 3099 3737 Leges
3125 3655 3173 3719 St
3198 3649 3552 3717 determina·

650 3739 854 3805 tiones
885 3739 1307 3826 Magistratus
1349 3744 1498 3805 sunt
1551 3742 1652 3805 vel
1691 3741 2134 3825 permittentes
2163 3745 2415 3806 tantum
2438 3764 2549 3805 seu
2572 3742 2939 3819 tolerantes,
2964 3742 3062 3805 vel
3088 3742 3493 3825 approbantes
3511 3737 3551 3801 ἃ

651 3828 1173 3912 praescribentes
1221 3829 1474 3894 Priores
1500 3834 1832 3894 versantur
1870 3830 2143 3895 mediate
2182 3832 2228 3897 ἃ
2252 3830 2554 3894 indirecte
2580 3830 2746 3894 circa
2768 3831 3081 3894 actionem
3102 3829 3172 3893 in
3196 3852 3260 3894 se
3284 3832 3327 3895 &
3348 3828 3409 3892 in
3430 3825 3551 3889 foro

655 3917 1074 3983 conscientiae
1127 3918 1441 3994 illicitam,
1492 3918 1859 3983 immediate
1906 3921 1951 3985 &
1998 3918 2230 3983 directe
2268 3919 2432 3984 circa
2461 3918 2737 4003 positam
2759 3918 3205 3983 rationabilem
3227 3918 3272 3983 ἃ
3293 3936 3552 3982 necessa·

653 4003 816 4069 riam
839 4005 1245 4071 tolerantiam
1269 4010 1384 4071 aut
1406 4006 1887 4091 permissionem
1912 4006 2096 4071 istius
2130 4007 2303 4085 mali,
2329 4008 2496 4090 quod
2520 4006 2660 4072 tolli
2692 4030 2818 4071 non
2849 4011 3085 4090 potest:
3117 4007 3305 4089 idque
3347 4006 3419 4069 ad
3441 4002 3555 4067 evi·

655 4093 922 4156 tandum
967 4095 1172 4178 majus
1213 4095 1475 4161 malum.
1522 4094 1620 4159 De
1660 4094 1938 4180 judiciis,
1985 4094 2369 4174 defensione,
2396 4095 2665 4179 aliisque
2690 4096 2935 4161 actibus
2963 4094 3376 4179 Magistratus
3410 4092 3553 4157 circa

655 4180 816 4244 illui
861 4181 1121 4262 malum,
1169 4188 1280 4248 aut
1326 4206 1515 4267 super
1564 4184 1677 4248 illo
1730 4184 1900 4248 malo
1939 4184 2283 4248 secundum
2313 4184 2523 4269 legem
2554 4184 3015 4268 permissivam,
3042 4183 3335 4249 similiter
3356 4180 3555 4246 distin-

655 4268 979 4354 guendum
1004 4272 1119 4334 est.
1156 4272 1535 4337 Posteriores
1566 4277 1901 4337 versantur
1930 4272 2095 4336 circa
2120 4273 2398 4337 actiones
2422 4274 2489 4337 in
2512 4295 2579 4338 se
2604 4276 2651 4339 81
2674 4296 2790 4337 suo
2820 4296 3051 4359 genere
3076 4271 3319 4338 licitas:
3352 4270 3557 4355 quibus

659 4356 918 4422 modum
949 4363 1194 4441 ponunt
1241 4362 1287 4427 a
1311 4382 1468 4444 quas
1492 4361 1745 4447 publico
1775 4361 1940 4427 bono
1971 4360 2255 4426 limitant
2277 4384 2350 4426 ac
2381 4361 2922 4441 circumscribunt,
2956 4361 3141 4445 quale
3168 4365 3317 4426 sunt
3336 4380 3557 4425 succes·

3378 4448 3561 4513 aiones
