3694 4871
628 293 756 355 214
848 289 1269 357 D1sp.V1L
1318 291 1988 355 ΡΒοΒιΕΜΛἸ-υκ
2037 312 2131 353 nn
2179 289 2530 353 Mnn'lro
2578 288 3244 354 Caa1sr1PAns
3287 288 3362 354 V.

625 476 994 553 exinanivit,
1027 475 1233 540 forma
1270 475 1437 539 servi
1472 476 1747 557 accepta.
1795 473 1928 538 Ubi
1950 472 2254 552 conferat,
2281 474 2391 556 qui
2417 474 2604 549 volet,
2629 487 3030 539 commentar.
3085 476 3338 540 Gomari
3357 476 3526 559 longe

626 565 1195 633 accuratissimum.
1244 564 1307 625 2.
1358 564 1523 645 Quia
1570 561 1841 626 incurrit
1863 563 1930 626 in
1962 562 2433 645 antiquitatem,
2459 584 2623 645 quae
2647 567 2866 627 contra
2891 562 3202 629 Arrianos
3227 566 3354 655 tam
3375 564 3528 629 solli·
3642 544 3645 565 Ι

626 657 749 721 cite
766 653 1202 736 distinguebat
1226 673 1579 716 sermonem
1602 673 1714 715 seu
1738 650 2241 735 praedicationes
2268 651 2343 715 de
2367 650 2621 715 Christo
2645 650 2802 711 κατὰ
2829 656 3144 725 θεολογῐκν
3167 652 3341 717 &xxv-
3397 656 3526 711 οἶκο-

628 747 851 819 νομίκν,
904 761 1015 805 seu
1061 738 1133 799 τὸ
1175 744 1537 814 θεολογικῶς
1574 741 1621 805 &
1652 742 2040 814 οἰκονομικῶς.
2093 741 2153 801 3.
2207 740 2373 821 Quia
2418 739 2539 803 hac
2561 739 2809 803 ratione
2832 739 3068 803 veritas
3094 744 3306 805 contra
3337 740 3529 805 Photi-

630 832 854 895 nianos
881 828 927 893 &
950 826 1436 893 Neo-Arrianos
1462 827 1735 891 feliciter
1760 827 2014 891 defendi
2039 827 2278 910 nequit.
2327 826 2492 891 Vide
2517 829 2562 893 ἃ
2587 826 2806 891 confer
2827 832 3078 891 nostros
3101 828 3290 914 longe
3312 829 3530 893 felicius

630 918 733 983 hic
778 916 1282 1001 theologizantes
1334 917 1739 981 Franci-somn
1777 916 2068 995 luni-um,
2112 916 2462 981 Iohannem
2507 917 2797 992 lunium,
2835 916 3300 1001 Polyandrum,
3333 916 3433 982 &a
3455 916 3527 982 Π.
3645 920 3647 949 ³

632 1006 947 1074 Problem.
999 1004 1103 1068 An
1136 1005 1439 1069 meritum
1464 1006 1551 1069 sit
1582 1004 1923 1069 secundum
1949 1008 2286 1087 utramque
2311 1008 2625 1084 naturam,
2659 1027 2772 1068 seu
2797 1028 2877 1068 an
2903 1006 2978 1068 ad
3004 1006 3236 1069 merita
3258 1010 3528 1089 tanquam

624 1117 817 1180 opera
866 1093 1243 1159 mediatoris,
1288 1092 1606 1168 &35:123pr
1656 1092 2090 1157 concurrerint
2121 1094 2280 1157 duae
2303 1097 2569 1157 naturae
2593 1098 2900 1175 tanquam
2932 1093 3234 1157 distincta
3256 1095 3530 1177 principia

625 1205 769 1272 quc,
797 1205 911 1247 seu
936 1181 1319 1266 energetica,
1346 1203 1459 1263 per
1490 1203 1636 1245 suas
1668 1203 1952 1265 quasque
1981 1180 2279 1255 &nemci-xc-
2337 1182 2514 1265 Resp.
2547 1180 2676 1267 Aff.
2702 1181 3046 1264 Explicant
3069 1184 3116 1247 ἃ
3139 1182 3402 1265 probant
3421 1182 3520 1247 hoe

624 1274 905 1337 locorum
956 1270 1387 1335 communium
1434 1267 1788 1353 Scriptores
1827 1271 1902 1334 de
1927 1269 2136 1334 officio
2161 1269 2436 1335 Christi:
2463 1271 2508 1335 a
2533 1270 2840 1347 elenctici,
2867 1270 2976 1352 qui
3001 1269 3347 1335 detendunt
3365 1271 3520 1335 chri-

626 1366 791 1425 stum
823 1382 959 1425 esse
983 1357 1403 1423 Mediatorem
1430 1358 1775 1422 secundum
1798 1362 2136 1441 utramque
2161 1363 2475 1431 naturam,
2502 1380 2580 1421 ex
2604 1358 2834 1442 quibus
2858 1358 3060 1440 aliqui
3079 1371 3262 1442 parte
3286 1360 3340 1423 l.
3357 1360 3522 1443 hujus

626 1450 788 1533 disp.
843 1448 1045 1513 citati.
1092 1445 1211 1511 ΠΙ.
1263 1445 1573 1511 Problem.
1626 1446 1731 1510 An
1779 1467 1933 1531 ergo
1981 1447 2324 1511 secundum
2363 1446 2641 1511 divinam
2667 1450 2964 1510 naturam
2996 1450 3302 1530 tanquam
3327 1448 3526 1531 princi-

626 1538 803 1622 pium
834 1536 1102 1601 formale
1134 1531 1494 1608 ἐνεργητικὸν
1512 1538 1623 1599 aut
1647 1536 1985 1618 passivam,
2020 1539 2131 1598 aut
2163 1536 2456 1611 activam,
2483 1539 2596 1599 aut
2617 1539 2953 1618 utramque
2977 1535 3396 1600 obedientiam
3419 1536 3526 1620 legi

628 1624 973 1710 praestitit.
1024 1625 1201 1706 Resp.
1256 1624 1400 1707 Neq.
1450 1621 1575 1687 Sed
1620 1646 1686 1687 se
1728 1622 2072 1687 secundum
2097 1623 2442 1687 humanam
2475 1628 2772 1687 naturam
2797 1622 3144 1706 patientem
3172 1624 3220 1688 a
3245 1628 3524 1708 agentem,

630 1735 743 1797 per
788 1712 921 1776 vim
969 1710 1246 1774 Deitatis
1297 1711 1700 1788 sustentavit,
1751 1714 1797 1777 δι
1840 1712 2122 1775 valorem
2172 1734 2244 1775 ac
2291 1711 2670 1795 dignitatem
2701 1711 3016 1774 infinitam
3043 1711 3428 1776 obedientiae
3449 1711 3526 1775 illi

628 1800 918 1866 contulit.
964 1798 1081 1863 IV.
1137 1798 1450 1865 P-roblem.
1503 1798 1607 1862 An
1648 1799 1769 1862 dici
1794 1799 2015 1882 possit,
2042 1798 2368 1863 Christum
2393 1822 2460 1863 se
2491 1799 2865 1863 humiliasse
2889 1800 3238 1864 secundum
3267 1806 3526 1865 naturam

631 1890 933 1968 divinam,
961 1887 1041 1951 ad
1066 1887 1185 1952 hoc
1219 1890 1301 1979 ut,
1321 1909 1437 1970 pro
1460 1887 1642 1951 nobis
1674 1892 2024 1951 mereretur
2042 1892 2072 1951 Ρ
2121 1887 2304 1972 Resp.
2339 1890 2463 1974 Aff.
2513 1886 2672 1950 Cum
2697 1888 3226 1953 determinatione
3251 1892 3296 1954 δι
3325 1888 3526 1953 distin-

630 1977 836 2042 ctione
861 1976 1134 2060 duplici:
1160 1994 1279 2034 κατ
1332 1978 1654 2049 οἰκονομίαν
1681 1976 1816 2039 scil.
1841 1997 1966 2038 non
1991 1998 2138 2039 vero
2169 1974 2329 2035 κατὰ
2351 1980 2673 2049 ,θεολογίαν
2690 1976 3193 2040 consideratum:
3228 1978 3406 2060 idque
3425 1998 3526 2039 non

632 2065 922 2130 absolute
972 2066 1018 2130 δι
1064 2064 1131 2127 in
1157 2086 1224 2129 se
1247 2063 1601 2127 mutatione
1630 2064 1845 2147 aliqua
1871 2065 2203 2137 essentiae,
2229 2065 2276 2129 δι
2300 2064 2543 2147 gloriae
2567 2064 2856 2128 internae
2881 2068 3072 2146 atque
3099 2070 3418 2139 aeternae:
3441 2064 3526 2127 sed

630 2158 883 2218 tantum
909 2153 1111 2217 relate
1136 2152 1381 2216 ratione
1414 2151 1855 2217 occultationis
1881 2152 2055 2216 illius
2081 2152 2504 2235 temporariae
2537 2174 2748 2216 coram
2775 2152 2958 2237 [pag.
2986 2152 3150 2237 282]
3177 2152 3525 2217 hominibus.

633 2242 739 2307 Sic
790 2244 1081 2306 accurate
1134 2243 1451 2307 Gomara-⁴3
1497 2242 1606 2305 loc.
1640 2241 1737 2305 cit.
1788 2240 2029 2305 Pendet
2059 2241 2216 2305 haec
2240 2240 2684 2305 determinatio
2708 2242 2788 2304 ab
2815 2240 3087 2305 articulo
3117 2242 3194 2305 de
3217 2242 3470 2307 sessione
3489 2243 3524 2305 ἃ

638 2331 1025 2395 exaltatione
1073 2328 1311 2393 Christi
1361 2329 1441 2393 ad
1466 2330 1791 2393 dexteram
1814 2329 1968 2403 Dei;
1997 2352 2189 2413 quam
2213 2329 2408 2393 etiam
2434 2330 2775 2393 secundum
2799 2332 3098 2393 naturam
3123 2330 3392 2394 divinam
3413 2350 3524 2392 esse

634 2418 1141 2504 intelligendam,
1195 2416 1389 2482 simili
1438 2418 1573 2483 scil.
1623 2418 1741 2482 sub
1790 2417 2213 2497 distinctione,
2261 2418 2680 2482 communiter
2725 2417 3071 2483 defendunt
3115 2419 3314 2483 nostri
3343 2422 3522 2482 contra

636 2507 1003 2572 Pontificios
1029 2507 1075 2572 8ο
1101 2505 1520 2570 LutheranOS.
1555 2505 1786 2570 Confer
1820 2507 2044 2571 Thesin
2065 2507 2346 2590 praeced.
2367 2507 2568 2590 probi.
2602 2507 2661 2570 9.
2687 2507 2752 2573 ἃ·
2781 2508 2882 2571 10.
2923 2507 3014 2570 Et
3044 2507 3204 2572 adde
3227 2505 3524 2572 Autaribus

634 2595 725 2662 ibi
773 2597 935 2660 citae.
988 2595 1397 2660 Chamierum
1426 2598 1581 2659 tom.
1614 2597 1675 2658 2.
1702 2595 1811 2658 lib.
1844 2594 1903 2658 7.
1929 2617 2064 2677 cap.
2094 2595 2155 2656 5.
2181 2596 2240 2678 ξ.
2278 2595 2379 2660 19.
2427 2597 2547 2661 Sed
2569 2597 2956 2660 oeconomica
2987 2597 3324 2661 secundam
3345 2615 3522 2680 perso-

634 2705 788 2748 nam
809 2685 1153 2748 exinanivit
1180 2683 1646 2769 quodammodo
1670 2684 1983 2752 ἠλάττωσε
2007 2684 2346 2748 minoravit
2359 2707 2382 2760 ,·
2412 2705 2544 2748 non
2567 2689 2818 2764 φυσικῶς
2851 2697 2920 2749 ιιι
2943 2687 3220 2768 auferret
3246 2697 3520 2757 tvaim-am,

633 2773 869 2836 ‘mansit
914 2773 1081 2836 enim
1105 2793 1265 2859 quae
1294 2783 1426 2836 crat
1442 2795 1463 2847 ;
1487 2773 1636 2858 qnia
1668 2792 1800 2836 non
1820 2783 2014 2854 potest
2047 2773 2287 2837 mutar-i
2311 2773 2523 2837 Deitas
2537 2796 2560 2847 ;
2591 2773 2699 2836 sed
2719 2778 3014 2852 σχετικώς
3044 2774 3332 2840 assumta
3353 2791 3520 2837 carrae.

636 2861 713 2926 Ee
754 2881 871 2944 per
914 2861 1079 2924 hanc
1121 2861 1538 2926 oeconomiam
1586 2861 1870 2925 Christ-us
1900 2861 2202 2926 Mediator
2223 2873 2329 2938 cst,
2356 2862 2483 2947 qud
2509 2863 2677 2927 Deus
2707 2861 3076 2927 incarnat-us
3091 2885 3116 2939 ‚·
3141 2883 3274 2927 non
3293 2881 3422 2926 vero
3435 2880 3526 2944 per

636 2959 937 3013 naturam
987 2950 1114 3033 quit
1159 2950 1351 3016 Deus.
1401 2946 1483 3012 V.
1536 2948 1743 3014 Probl.
1793 2947 1898 3012 An
1943 2949 2286 3013 secundum
2329 2949 2798 3014 humanitatem
2821 2951 2868 3016 δι
2891 2951 3060 3033 quod
3084 2951 3168 3014 ad
3197 2951 3470 3025 animam,
3489 2949 3524 3013 iz

638 3037 804 3118 quod
837 3036 917 3099 ad
940 3056 1165 3119 corpus
1188 3036 1453 3100 meritus
1477 3037 1563 3100 sit
1584 3041 1612 3101 P
1660 3035 1847 3120 Resp.
1879 3036 1938 3101 1.
1965 3039 2014 3102 A
2022 3042 2091 3124 ff.
2141 3036 2240 3101 De
2263 3038 2492 3102 merito
2517 3037 2915 3103 obedientiae
2938 3039 3266 3122 passivae:
3295 3039 3432 3122 quia
3451 3057 3526 3100 se-

639 3125 914 3188 cundum
938 3145 1163 3207 corpus
1184 3145 1309 3187 non
1334 3128 1607 3200 tantum,
1634 3125 1745 3189 sed
1769 3125 1966 3189 etiam
1990 3125 2332 3189 secundum
2359 3127 2638 3192 animam
2657 3127 3022 3191 immediate
3047 3128 3122 3211 (St
3147 3151 3274 3192 non
3299 3149 3404 3212 per
3421 3147 3526 3190 me-

638 3235 777 3278 ram
826 3211 1255 3296 sympathiam
1303 3234 1447 3276 cum
1493 3215 1777 3297 corpore)
1810 3218 2117 3296 tanquam
2149 3212 2430 3297 Sponsor
2453 3237 2566 3298 pro
2593 3215 2778 3279 nobis
2800 3237 3024 3298 passus
3049 3221 3169 3281 est.
3217 3215 3315 3280 De
3347 3237 3456 3298 quo
3477 3215 3528 3276 in

640 3303 875 3386 disput.
915 3311 1133 3366 nostra
1158 3299 1234 3366 de
1256 3301 1507 3384 Ayonia
1537 3300 1599 3367 a
1622 3303 1963 3366 desere-ione
1999 3303 2245 3367 Christi.
2273 3305 2332 3367 2.
2361 3305 2410 3368 A
2419 3308 2489 3390 ff.
2517 3304 2592 3367 de
2615 3304 2844 3367 merito
2875 3304 3277 3369 obedientiae
3307 3304 3529 3368 activae.

640 3389 841 3455 Nulla
867 3389 1036 3452 enim
1062 3394 1159 3453 est
1190 3389 1551 3454 obedientia
1575 3390 1803 3467 activa,
1831 3391 2045 3454 nullus
2071 3394 2248 3454 actus
2274 3391 2658 3469 meritorius,
2685 3391 2809 3455 nisi
2825 3390 3000 3456 Deus
3017 3391 3328 3478 diligatur
3341 3415 3414 3458 ex
3425 3395 3531 3454 toto
3653 3355 3655 3376 Ι

639 3479 842 3555 corde,
894 3480 993 3544 ac.
1042 3476 1259 3542 Manli.
1297 3478 1405 3541 22.
1452 3475 1566 3541 VI.
1604 3477 1817 3544 Probe.
1871 3478 1972 3542 An
2000 3479 2194 3542 etiam
2219 3480 2560 3544 secundum
2587 3479 2868 3544 animam
2899 3485 3286 3563 separatam,
3309 3481 3372 3544 in
3395 3485 3530 3544 statu

640 3567 864 3630 mortis
917 3565 1315 3643 existentem,
1364 3566 1411 3630 St
1458 3567 1799 3630 secundum
1849 3588 2077 3649 corpus
2123 3567 2188 3630 in
2214 3568 2433 3631 eodem
2460 3571 2674 3632 statu?
2725 3570 2905 3653 Resp.
2951 3568 3260 3643 Quamvis
3285 3569 3536 3634 Christus

640 3654 895 3737 proprie
918 3658 1069 3718 tunc
1090 3675 1218 3718 non
1244 3654 1524 3736 potuerit
1548 3654 1670 3717 dici
1698 3653 1908 3733 homo,
1935 3655 2086 3737 quia
2107 3659 2323 3719 tamen
2348 3656 2650 3720 manebat
2673 3657 2825 3720 unio
2850 3656 3277 3740 hypostatica,
3303 3665 3343 3720 δε
3367 3661 3534 3721 status

642 3741 752 3805 ille
778 3741 1240 3806 humiliationis
1269 3763 1382 3824 pro
1408 3741 1589 3804 nobis
1616 3746 1945 3825 susceptae
1971 3747 2220 3826 partem
2246 3767 2356 3807 seu
2383 3745 2652 3828 gradum
2675 3744 2851 3824 tacit,
2878 3747 2925 3811 ἃ
2947 3744 3244 3810 Christus
3269 3750 3412 3810 tunc
3425 3743 3535 3808 fue·

644 3828 729 3891 rit
758 3827 1075 3893 Mediator
1107 3851 1179 3893 ac
1210 3827 1490 3912 Sponsor
1513 3833 1747 3907 noster,
1776 3852 1850 3894 ac
1873 3853 2102 3894 munus
2131 3831 2576 3896 mediatorium
2607 3833 2774 3914 quod
2799 3833 2878 3897 ad
2903 3833 3402 3900 satisfactionem
3421 3837 3534 3897 actu

646 3919 944 3980 executus
990 3916 1206 3996 fuerit,
1234 3917 1456 4000 utique
1480 3917 1845 3981 humiliatio
1869 3918 1984 3982 illa
2009 3919 2368 3983 voluntaria
2391 3924 2698 4003 tanquam
2729 3921 2941 3985 meriti
2967 3922 3100 3985 sive
3132 3945 3284 4005 pars
3305 3924 3428 3986 sive
3449 3943 3536 4003 ap-

646 4003 873 4084 pendix
918 4004 1224 4086 requisita
1270 4005 1509 4068 censeri
1543 4005 1747 4069 debet.
1799 4004 1946 4069 VII.
1999 4006 2307 4072 Problem.
2358 4008 2462 4072 An
2495 4012 2642 4072 ante
2668 4009 3189 4074 constitutionem
3213 4013 3262 4078 ἃ
3285 4011 3538 4096 designa-

652 4089 891 4153 tionem
932 4093 1011 4155 ad
1041 4113 1271 4156 munus
1303 4093 1750 4157 mediatorium
1782 4094 2048 4157 meritus
2075 4095 2178 4158 sit.
2229 4097 2408 4180 Hesp.
2439 4097 2586 4182 Neq.
2633 4095 2814 4160 VHI.
2843 4097 3035 4163 Probi
3105 4099 3210 4163 An
3237 4099 3540 4183 postillam

648 4177 1166 4242 constitutionem
1190 4183 1475 4261 tempore
1500 4181 1583 4246 V.
1608 4179 1781 4244 Test.
1810 4203 2010 4264 usque
2034 4183 2112 4246 ad
2139 4183 2638 4249 incarnationem
2660 4189 2689 4248 Ρ
2734 4187 2916 4271 Resp.
2947 4185 3044 4250 De
3071 4189 3306 4252 merito
3329 4185 3540 4272 proprie

654 4263 699 4325 δι
724 4262 941 4326 stricte
965 4269 1220 4346 accepto
1242 4270 1559 4353 affirmari
1581 4271 1834 4350 nequit:
1863 4268 2028 4344 Quia
2051 4271 2330 4336 actiones
2353 4271 2762 4338 theandricas
2787 4296 2916 4338 non
2940 4275 3160 4354 edidit,
3187 4277 3414 4360 quibus
3435 4295 3539 4339 me-

652 4351 914 4412 reretur.
974 4349 1203 4414 Verum
1245 4356 1459 4417 tamen
1487 4359 1583 4419 est
1607 4377 1749 4420 eum
1782 4379 1851 4420 se
1875 4357 2238 4439 subjecisse,
2271 4361 2670 4444 suscipiendo
2702 4383 2932 4427 munus
2955 4361 3354 4442 MediatoriS,
3377 4365 3418 4430 a
3437 4361 3540 4426 exi-

3395 4472 3540 4516 ml-
