3694 4871
642 291 771 354 304
1282 289 2926 357 D1sp.XI.DsSAnnm-nonansms.

641 487 759 540 lem
814 487 1043 542 monetat
1089 476 1419 560 malinam,
1468 475 1531 544 ἃ
1555 478 1793 544 invenie
1836 477 1906 541 in
1936 479 2008 541 eci
2031 498 2148 541 ova
2167 479 2459 562 perfecta,
2485 479 2596 544 illa
2619 476 2788 542 lic-ita
2819 488 2993 542 sunl.
3042 475 3150 540 Ab
3172 476 3370 540 altera
3392 475 3528 556 parte

640 561 871 628 ‚Iudaei
912 587 989 628 ex
1040 564 1324 648 professo
1370 569 1415 632 8ι
1462 588 1537 629 ex
1585 565 1862 630 formula
1895 566 2095 630 falsae
2128 589 2280 630 suae
2325 569 2371 632 ἃ
2397 566 2841 648 voluptuariae
2867 565 3218 642 doctrinae,
3243 561 3524 646 epulanda

642 653 1013 730 deliciandO,
1055 653 1347 717 saltando
1402 655 1940 732 sabbathimnte3‚
1990 654 2154 718 nihil
2207 655 2416 719 minus
2441 677 2634 738 quam
2659 653 3066 718 Sabbathum
3092 657 3363 718 servant.
3407 649 3524 712 Vide

641 741 993 806 doctrinam
1018 741 1064 806 δι
1094 741 1325 826 praxin
1350 765 1567 807 eorum
1594 743 1659 807 in
1688 746 2029 808 Connmmt.
2071 742 2271 808 David
2299 745 2544 810 [cimela-i
2567 743 2654 808 ad
2677 742 2844 808 «lesa.
2872 743 2980 805 58.
3016 764 3071 806 r.
3113 744 3216 806 13.
3235 741 3388 824 apud
3411 739 3524 803 Mik-

642 831 801 894 ltoezi
844 851 1048 913 praec,
1096 834 1213 916 aff.
1261 831 1363 894 30.
1399 834 1444 897 &
1483 833 1906 919 Buaedorfium
1934 833 2004 896 in
2027 832 2262 916 Synaq.
2295 854 2430 916 cap.
2469 833 2570 896 11.
2598 830 2711 895 vl.
2744 833 2992 913 Quaest.
3021 831 3127 894 An
3149 827 3520 894 tantumordi·

642 918 824 982 naria
876 940 1071 1002 opera
1104 921 1150 984 &
1196 919 1493 984 exercitia
1542 926 1654 985 aut
1684 922 1874 1004 plane
1899 920 2158 985 servilia
2183 923 2228 986 8ι
2251 921 2582 997 crassiora,
2606 943 2686 984 an
2714 925 2863 984 vero
2885 919 3104 984 omnia
3127 920 3192 983 in
3219 919 3518 982 univexsum

640 1005 967 1090 prohibita
1014 1008 1142 1071 sint
1189 1029 1353 1088 quae
1399 1009 1643 1074 cultum
1675 1009 1799 1073 Dei
1825 1010 2148 1093 privatum
2174 1011 2220 1076 &
2245 1010 2570 1093 publicum
2595 1009 2978 1092 impediunt.
3025 1010 3154 1096 Aff.
3177 1009 3518 1093 pathmum

643 1095 984 1159 dissolutos
1017 1095 1341 1160 Casuistas
1366 1095 1669 1182 Papatus,
1707 1100 1988 1165 Toletum
2009 1098 2113 1164 cib.
2141 1098 2202 1161 4.
2235 1119 2370 1181 cap.
2400 1099 2505 1162 24.
2540 1099 2852 1166 Azorium
2880 1097 3164 1164 Insn'tul.
3195 1109 3352 1181 part.
3379 1093 3514 1158 mih.

648 1185 705 1249 1.
752 1204 887 1270 cap.
938 1186 1039 1248 26.
1078 1185 1181 1248 27.
1232 1183 1355 1248 Per
1386 1184 1531 1250 illos
1557 1187 1727 1252 enim
1753 1191 2112 1252 mercatura
2143 1189 2189 1252 &
2221 1187 2564 1264 nundinae,
2592 1187 2982 1262 venationeS,
3009 1186 3302 1269 aucupia,
3325 1181 3511 1246 saltati-

641 1294 792 1336 ones
815 1295 924 1336 seu
958 1274 1247 1352 choreae,
1282 1273 1477 1338 immo
1502 1276 1548 1340 δι
1580 1276 1819 1339 artium
1853 1275 2110 1339 illarum
2138 1275 2462 1340 institutio
2489 1273 2825 1360 Magistris
2847 1274 3236 1338 choreuticis
3259 1277 3350 1338 est
3367 1271 3513 1334 licita.

642 1362 821 1436 Quod
846 1361 924 1424 ad
950 1361 1160 1426 studia
1183 1362 1230 1426 δι
1256 1363 1578 1443 exercitia,
1606 1387 1730 1428 non
1757 1367 1890 1428 tam
1918 1364 2135 1427 labore
2167 1364 2470 1447 corporiS,
2497 1386 2688 1446 quam
2715 1363 2958 1448 ingenii
2983 1363 3358 1448 peragenda,
3384 1360 3444 1422 de
3460 1357 3514 1420 iis

640 1449 938 1514 audiatur
991 1451 1292 1538 Rebuffus
1346 1451 1409 1516 J.
1461 1451 1529 1517 C.
1580 1456 1626 1518 δι
1664 1452 1930 1518 Parisiis
1980 1453 2132 1517 olim
2166 1452 2561 1518 decretorum
2589 1451 2813 1516 Lector
2837 1453 2902 1514 in
2931 1463 3108 1516 tract.
3135 1452 3210 1516 dc
3231 1448 3512 1532 Privilcyiis

640 1538 1015 1604 Scholarmn
1054 1540 1212 1605 edito
1260 1540 1329 1604 in
1369 1545 1429 1606 8.
1456 1541 1729 1606 Parisiis
1759 1542 1948 1604 1540.
1977 1542 2144 1606 inter
2175 1541 2320 1605 180.
2347 1540 2710 1626 privilegia,
2735 1540 2896 1604 haec
2921 1541 3046 1604 duo
3078 1541 3282 1624 primo
3302 1540 3512 1618 locopo-

642 1627 757 1692 nit.
807 1625 987 1702 Quod
1034 1628 1278 1712 possint
1318 1631 1572 1695 studere
1628 1631 1811 1696 iestis
1868 1629 2126 1706 diebus;
2175 1633 2222 1696 δι
2263 1631 2429 1714 quod
2455 1630 2701 1714 possint
2731 1630 2988 1693 studere
3015 1630 3080 1692 in
3117 1627 3386 1710 Templo,
3405 1625 3510 1687 dum

640 1716 835 1779 sacris
882 1716 1217 1781 intersunt.
1269 1717 1454 1781 Prius
1501 1720 1669 1802 qnod
1716 1717 2054 1784 Scholares
2086 1719 2227 1784 totis
2254 1721 2460 1784 nervis
2485 1719 2734 1784 studere
2763 1715 2824 1782 ἃ·
2847 1719 3044 1802 leyere
3065 1728 3342 1802 possunt,
3365 1713 3511 1779 &de-

640 1804 800 1883 bem,
850 1805 1078 1957 mhi*
1123 1809 1344 1869 contra
1392 1811 1605 1871 textus
1647 1811 1685 1872 ξι
1730 1831 1798 1872 se
1847 1807 1994 1872 ibid.
2043 1809 2138 1872 eit.
2186 1809 2428 1874 Levilie.
2478 1809 2582 1872 23.
2617 1808 2814 1872 Erod.
2848 1809 2952 1870 12.
2987 1809 3125 1890 (20.
3151 1801 3513 1868 scribendum]

640 1894 908 1958 lliercm.
964 1895 992 1956 1
1048 1943 1062 1958 .

1364 2081 1407 2146 J
1413 2103 1524 2146 ure
1548 2080 1761 2145 divino

670 2168 929 2250 Probat,
954 2169 1237 2254 inquam,
1306 2141 1324 2260 l
1368 2170 1682 2235 Canonico

918 2281 994 2322 ex
1308 2272 1317 2283 '
1368 2259 1557 2324 Civili

1308 2295 1325 2416 l
1368 2346 1929 2432 Historiographis
1953 2347 2000 2412 δι
2027 2345 2258 2411 Poetis.

1136 2562 1149 2610 s
1202 2535 1257 2596 1.
1307 2533 1620 2619 Exemplo
1656 2532 1899 2599 Christi
1924 2536 2068 2599 Luc.
2098 2534 2160 2597 4.
2187 2533 2297 2617 qui
2322 2534 2537 2597 docuit
2561 2534 2627 2596 in
2651 2532 3016 2617 synagoga.

1197 2626 1258 2688 2.
1306 2624 1471 2697 Quia
1516 2623 1647 2686 illis
1694 2623 1918 2687 diebus
1966 2621 2339 2686 benefacere
2365 2621 2533 2700 licet,
2563 2622 2779 2687 Malth.
2817 2623 2914 2685 12.
2945 2620 3144 2687 Marci
3167 2622 3228 2684 3.
3271 2616 3382 2681 Sed
3417 2620 3519 2677 shi-

1309 2712 1511 2777 dendo
1537 2712 1681 2795 quis
1706 2710 2046 2789 benefacit,
2074 2714 2112 2775 a
2136 2710 2629 2795 cogitationibus
2655 2710 2840 2774 malis
2865 2708 3283 2776 subtrahitur.
3307 2712 3342 2767 ἃ
3361 2704 3516 2769 evitat

1306 2801 1531 2879 otium,
1571 2802 1617 2867 &
1642 2799 1732 2865 sic
1755 2823 1868 2883 per
1891 2799 2410 2883 consequentiam
2440 2802 2792 2881 peccatum.

1197 2891 1261 2960 3.
1307 2889 1472 2963 Quia
1502 2890 1749 2972 Apocal.
1784 2890 1838 2951 1.
1867 2908 2026 2953 vers.
2058 2889 2159 2951 10.
2186 2888 2299 2951 illo
2323 2887 2424 2951 die
2449 2886 2574 2951 fuit
2597 2887 2662 2951 in
2689 2886 2955 2970 Spiritu.

652 3026 699 3088 I'
766 3022 1093 3175 ‘'13'{‚5n²g²‘⁷‘’
1133 3032 1157 3120 ἰ’
1307 3066 1591 3145 scientia,
1626 3068 1821 3131 Actor.
1849 3067 1911 3128 2.

934 3164 936 3166 ’
1126 3128 1161 3597 l
1198 3154 1259 3218 5.
1310 3155 1473 3231 Quia
1512 3156 1732 3219 eodem
1757 3155 1858 3218 die
1881 3153 2284 3219 illuminatus
2308 3152 2562 3230 SauluS,
2587 3154 2634 3218 ἃ
2660 3154 2718 3217 ei
2742 3154 2964 3217 datum
2989 3158 3089 3217 est
3113 3153 3333 3216 donum
3355 3146 3515 3211 scien-

1308 2978 1471 3053 Quia
1521 2978 1635 3041 illo
1684 2978 1785 3041 die
1831 2976 2128 3059 Apostoli
2159 2976 2422 3039 fuerunt
2445 2975 2814 3054 illuminati,
2841 2977 2890 3039 8ι
2914 2976 3064 3039 data
3091 2980 3188 3039 est
3212 2973 3330 3037 illis
3351 2968 3514 3034 omnis

1308 3244 1459 3323 tiae,
1484 3244 1689 3309 Acco-r.
1717 3244 1780 3308 9.

1198 3333 1261 3397 0.
1309 3333 1549 3396 Eodem
1582 3332 1683 3396 die
1706 3331 2110 3396 illuminatus
2141 3331 2490 3415 Apostolus
2522 3330 2824 3407 ThomaS,
2857 3330 3000 3395 Joh.
3028 3332 3136 3393 20.

1201 3421 1259 3486 7.
1307 3421 1395 3485 Et
1440 3419 1625 3500 ratio,
1674 3428 1933 3505 propter
1978 3419 2512 3484 illuminationem
2559 3419 2922 3483 intellectus
2947 3422 2994 3485 δι
3029 3416 3352 3483 memoriae
3373 3412 3513 3497 [pag-

1318 3508 1519 3593 1235]
1552 3508 2013 3593 fragilitatem
2048 3531 2128 3572 ne
2167 3508 2350 3571 festis
2375 3507 2598 3571 diebus
2623 3508 2969 3585 dediscant,
2996 3508 3162 3591 quod
3187 3505 3318 3569 aliis
3339 3498 3514 3563 diebus

1308 3597 1689 3661 didicerunt:
1726 3599 1773 3662 δι
1796 3602 1870 3661 ut
1895 3601 1932 3659 a
1957 3598 2145 3661 malis
2169 3596 2692 3679 provenientibus
2717 3596 2800 3659 ab
2824 3595 2956 3659 otio
2980 3595 3414 3660 removeantur.

742 3787 939 3851 Addit
970 3786 1074 3851 hic
1099 3806 1471 3850 consensum
1505 3782 1978 3868 Theologorum
2014 3782 2410 3866 quorundam

657 3878 907 3941 Glossae
951 3877 1021 3940 in
1058 3877 1315 3941 Numer.
1366 3874 1470 3936 28.
1520 3873 1702 3947 Quod
1756 3872 1925 3935 fabri
1973 3874 2019 3937 &
2067 3871 2341 3936 artifices
2387 3871 2671 3935 otiantur
2703 3870 2768 3933 in
2795 3870 2895 3933 die
2922 3866 3252 3945 sabbathi,
3275 3862 3515 3929 Leonti-os

654 3970 864 4028 autem
902 3964 1152 4028 divinae
1176 3963 1365 4044 Legis
1399 3984 1524 4026 non
1549 3960 1834 4025 otiantur
3615 3978 3617 4003 2

740 4054 1103 4119 Antoninus
1127 4053 1194 4115 in
1222 4052 1283 4114 2.
1312 4063 1477 4135 part.
1504 4048 1803 4114 Smmnae
1836 4049 1924 4112 til.
1951 4048 2010 4111 9.
2047 4070 2181 4133 cap.
2211 4048 2269 4112 7.
2297 4047 2410 4113 sub
2432 4049 2649 4135 finem.
3371 4126 3384 4139 ·
3438 4119 3479 4134 .-

745 4143 963 4206 Petrus
987 4140 1287 4205 Sec-bertus
1318 4140 1533 4203 Sancti
1566 4137 1790 4221 l’apuli
1816 4138 1972 4199 olim
2000 4136 2350 4220 Episcopus
2375 4137 2438 4199 in
2469 4148 2641 4201 cruet.
2667 4136 2744 4200 de
2773 4138 2960 4201 Cultu
2985 4136 3196 4199 viii-me
3219 4134 3445 4197 Dmmm
3467 4138 3514 4181 m
3615 4150 3617 4155 ·

656 4228 718 4293 4.
748 4241 927 4310 parw
955 4250 1002 4289 c.
1040 4232 1101 4291 5.
1939 4223 1942 4227 ⁴
2813 4228 2822 4236 ’
