3694 4871
893 318 2494 389 D1sr.XII.DsLssaeruANoan.
3020 326 3149 391 365

205 510 336 597 jam
362 510 452 577 ab
478 512 665 577 annis
689 508 936 594 aliquot
961 509 1401 596 frequentata:
1429 511 1526 574 uti
1558 514 1824 595 apparet
1849 533 1920 575 ex
1948 514 2046 574 tot
2070 510 2450 575 tractatibus
2488 533 2653 575 nunc
2684 508 2938 595 publice
2964 511 3152 575 editis

211 600 316 685 qui
367 606 570 665 antea
615 620 730 684 pro
778 598 1073 665 concione
1122 599 1432 683 propositi
1477 604 1678 664 erant.
1729 602 1791 663 3.
1855 600 1952 665 Vel
1999 597 2135 663 sine
2162 602 2333 664 certo
2357 604 2536 664 textu
2562 600 2915 684 praelecto:
2944 600 3153 682 qualis

211 689 554 754 methodus
602 690 810 753 elucet
861 688 928 751 in
977 688 1170 753 variis
1215 687 1498 752 homiliis
1532 687 1938 771 antiquorum
1972 686 2258 767 Patrum,
2287 693 2359 752 ut
2383 689 2458 753 de
2482 689 2701 769 livore,
2728 690 3151 772 eleemosyna,

210 777 551 855 ebrietate,
577 776 993 855 mortalitate,
1020 777 1240 860 lapsiS,
1265 799 1440 859 pace,
1466 776 1566 841 810.

295 864 387 931 Π.
440 865 839 931 Praedicatio
891 864 1080 951 Legis
1105 868 1150 931 81
1174 864 1518 949 Euangelii
1549 868 1797 929 constat
1821 869 2034 929 textus
2060 866 2369 949 propositi
2395 866 2838 951 explicatione,
2872 865 3152 930 thesium

209 978 320 1021 seu
339 954 782 1021 doctrinarum
807 953 939 1017 illic
963 957 1403 1019 contentarum
1427 954 1942 1038 pertractatione,
1970 976 2198 1018 usuum
2224 954 2606 1020 indicatione
2630 956 2676 1020 81
2708 954 3152 1038 applicatione.

297 1042 426 1109 III.
477 1042 878 1108 Praedicatio
922 1042 1112 1127 Legis
1159 1043 1205 1107 81
1253 1042 1596 1129 Euangelii
1644 1046 1740 1107 est
1793 1042 1895 1106 vel
1944 1042 2190 1119 mutila,
2241 1044 2541 1123 cursoria,
2598 1044 2804 1128 magis
2836 1043 3155 1129 generalis

209 1136 411 1218 atque
445 1133 803 1197 abstracta:
836 1132 933 1196 vel
957 1133 1244 1216 integra,
1273 1136 1586 1209 accurata,
1613 1130 1820 1215 magis
1845 1131 2140 1214 specialis
2177 1135 2369 1213 atque
2394 1132 2619 1196 intime
2644 1132 2982 1216 applicata.
3034 1130 3155 1196 His

209 1222 306 1286 ita
353 1220 750 1307 praemissi3‚
804 1221 1147 1305 probamus
1186 1225 1548 1285 accuratam
1568 1219 2103 1304 praedicationem
2128 1218 2317 1303 Legis
2340 1220 2409 1284 in
2432 1222 2667 1285 nostris
2690 1220 2993 1285 Ecclesiis
3020 1242 3154 1285 esse

211 1311 410 1396 longe
437 1309 864 1375 difficiliorem
894 1312 1190 1373 accurata
1219 1308 1685 1392 praedicatione
1712 1308 2090 1392 Euangelii:
2131 1308 2320 1391 idque
2347 1331 2417 1373 ex
2444 1314 2625 1392 parte
2651 1309 3159 1393 praeparationis

212 1398 762 1476 Praedicatorum,
813 1400 858 1464 &
897 1420 974 1462 ex
1019 1402 1203 1481 parte
1235 1397 1612 1481 receptionis
1638 1396 2027 1461 Auditorum
2053 1418 2067 1460 t
2097 1398 2357 1461 docente
2392 1397 2458 1461 id
2481 1397 2801 1461 communi
2825 1398 3158 1480 experien-

211 1488 328 1553 tia.
383 1488 568 1573 [pag.
617 1487 734 1573 48]

307 1576 414 1641 Sit
439 1597 593 1661 ergo
615 1574 669 1639 Ι.
707 1578 844 1643 Rae.
893 1574 1060 1640 Illud
1087 1580 1182 1641 est
1206 1575 1552 1655 difficilius,
1602 1577 1680 1640 ad
1711 1576 1891 1661 cujus
1918 1574 2520 1660 dogmatizationem
2551 1574 2839 1640 diffusior
2862 1573 3156 1653 eruditio,

217 1666 428 1749 major
477 1668 842 1748 apparatuS,
890 1664 1266 1729 laboriosior
1296 1665 1723 1749 praeparatio,
1755 1664 2039 1729 floridior
2070 1666 2116 1730 81
2141 1666 2386 1749 gratior
2411 1664 2776 1748 eloquentia
2808 1686 2879 1728 ac
2905 1662 3157 1734 δεινότης

217 1753 290 1817 111
333 1754 784 1818 praedicatore
832 1753 1195 1836 requiritur.
1246 1752 1369 1817 Sed
1395 1755 1474 1818 ad
1501 1751 2103 1838 dogmatizationem
2128 1754 2291 1838 legis
2317 1753 2624 1833 diffusior,
2659 1760 2757 1818 810.
2790 1754 3158 1837 requiritur,

219 1864 420 1926 quam
445 1842 526 1905 ad
551 1841 1150 1927 dogmatizationem
1174 1842 1536 1928 Euangelii.
1586 1842 1986 1907 Antecedens
2027 1842 2349 1925 probatur.
2406 1842 2461 1907 1.
2520 1842 2685 1921 Quia
2737 1842 2792 1906 si
2839 1842 3161 1928 integrum

219 1928 596 2015 Scripturae
621 1953 847 2015 corpus
872 1931 1249 2010 considereS,
1274 1931 1488 2015 plures
1511 1932 1578 1995 iu
1605 1953 1677 1995 eo
1709 1935 1858 1995 sunt
1890 1934 2125 2008 textus,
2152 1932 2339 2014 plura
2363 1932 2595 2015 capita,
2622 1931 2807 2014 plura
2832 1934 3159 2009 tmemata,

223 2020 414 2103 plura
462 2022 776 2084 commata
823 2020 903 2084 ad
947 2019 1206 2106 Legem,
1248 2042 1440 2104 quam
1496 2021 1574 2084 ad
1612 2019 2043 2104 Euangelium
2069 2019 2474 2103 pertinentia.
2525 2022 2587 2084 2.
2639 2021 2802 2101 Quia
2820 2018 3160 2103 explicatio

222 2106 420 2193 Legis
457 2130 572 2192 per
616 2108 830 2192 plures
876 2108 1098 2173 titulos
1133 2111 1176 2175 81
1202 2108 1546 2174 subtitulos
1586 2109 1980 2181 diffunditur,
2008 2130 2199 2191 quam
2228 2108 2569 2192 explicatio
2591 2108 2971 2193 Euangelii:
2996 2107 3163 2191 quod

225 2220 304 2261 ex
344 2196 738 2280 inspectione
787 2198 832 2263 &
878 2198 1217 2262 collatione
1244 2197 1628 2262 tabellarum
1655 2220 1766 2262 seu
1797 2195 2154 2275 titulorum,
2182 2218 2289 2260 seu
2318 2198 2757 2281 catalogorum
2784 2198 3091 2260 virtutum
3118 2196 3165 2260 81

225 2285 531 2350 vitiorum
558 2308 672 2369 per
696 2290 902 2349 totum
928 2284 1343 2371 Decalogum‚
1393 2290 1464 2349 ut
1487 2289 1532 2353 81
1555 2286 1753 2351 totius
1777 2284 2088 2350 Politicae
2105 2285 2609 2361 Ecclesiasticae,
2637 2307 2799 2368 quae
2824 2285 2903 2348 ad
2927 2284 3165 2367 Legem

226 2373 589 2460 reducitur-3
639 2396 782 2439 cum
827 2374 1068 2440 tabella
1123 2398 1232 2440 seu
1274 2374 1501 2454 titulis,
1551 2398 1660 2440 seu
1697 2374 2013 2459 capitibus
2050 2374 2395 2460 Euangelii
2428 2375 2507 2440 ad
2531 2374 2784 2439 oculum
2806 2372 3073 2458 patebit.
3103 2374 3159 2434 3.

229 2464 400 2546 Quia
425 2463 640 2546 plures
663 2485 888 2528 vocum
913 2486 985 2528 ac
1007 2464 1424 2529 terminorum
1451 2465 1904 2548 explicationes
1930 2465 1975 2529 &
2003 2463 2439 2529 distinctiones
2472 2463 2625 2543 illic,
2659 2485 2851 2547 quam
2899 2462 3005 2526 hic
3046 2484 3161 2526 oc-

227 2556 514 2617 currunt.
565 2553 624 2616 4.
677 2553 842 2635 Quia
889 2552 1130 2617 thetica
1184 2576 1296 2617 seu
1343 2552 1691 2618 thematica
1716 2551 2054 2637 explicatio
2079 2553 2475 2637 singulorum
2500 2553 2837 2617 titulorum
2863 2573 2975 2615 seu
2998 2551 3160 2614 loco·

228 2663 370 2704 rum
422 2640 729 2725 legalium
777 2641 1099 2725 operosior
1144 2646 1260 2720 est,
1311 2663 1502 2724 quam
1541 2642 1823 2706 locorum
1853 2640 2209 2727 Euangelii.
2260 2642 2364 2708 Illi
2390 2642 2559 2706 enim
2584 2662 2887 2725 magnam
2911 2643 3160 2723 partem

227 2730 310 2792 ad
335 2727 759 2814 Theologiam
803 2751 930 2793 non
977 2733 1228 2794 tantum
1277 2731 1849 2813 supernaturalem,
1898 2731 2007 2796 sed
2057 2729 2252 2795 etiam
2309 2732 2387 2795 ad
2434 2730 2791 2794 naturalem
2818 2727 3160 2812 pertinent,

227 2840 345 2882 seu
411 2819 489 2899 ad
559 2817 876 2894 Ethicam,
948 2817 1451 2898 Oeconomicam,
1517 2819 1889 2898 Politicam;
1937 2819 2203 2903 ideoque
2240 2841 2366 2884 non
2415 2821 2668 2882 tantum
2727 2839 2805 2881 ex
2852 2815 3165 2901 principio

228 2904 622 2989 Scripturae,
648 2908 756 2972 sed
781 2908 974 2971 etiam
1002 2930 1080 2971 ex
1127 2910 1300 2972 recta
1345 2907 1590 2972 ratione
1633 2909 1676 2974 &
1703 2909 1942 2973 lumine
1971 2908 2250 2972 naturali
2275 2909 2666 2972 deducuntur
2690 2928 2764 2971 ac
2788 2905 3161 2970 confirman-

227 3000 376 3058 tur:
423 2996 536 3060 Isti
558 3019 700 3059 vero
726 3018 943 3061 omnes
969 3019 1040 3059 ex
1089 2996 1223 3060 sola
1248 2995 1578 3080 Scriptura
1602 2996 1822 3061 deduci
1849 2999 1894 3064 81
1918 2997 2278 3062 confirmari
2318 2997 2567 3060 debent.
2617 2996 2719 3062 Illi
2772 3016 3077 3080 magnum
3108 2993 3155 3060 81

227 3083 656 3167 multiplicem
703 3089 1084 3168 apparatum
1131 3085 1484 3169 spiritualis
1531 3085 1997 3170 pathologicae‚
2046 3085 2545 3169 therapeuticae,
2593 3084 2989 3162 diaeteticae,
3046 3083 3165 3146 hoc

227 3175 352 3250 est,
397 3171 799 3236 stimulorum
827 3196 936 3236 seu
971 3173 1375 3252 motivorum‚
1401 3173 2047 3258 prophylacticorum‚
2073 3174 2425 3238 mediorum
2451 3175 2495 3240 &
2521 3173 2967 3252 remediorum,
2998 3193 3162 3250 cum,

225 3260 802 3326 intercurrentibus
827 3261 1430 3346 amplificationibus
1475 3285 1588 3346 per
1635 3262 1893 3340 similia,
1948 3263 2303 3342 dissimilia,
2348 3263 2663 3348 opposita,
2690 3285 2767 3327 ex
2793 3259 3162 3344 ScripturiS,

228 3352 305 3413 nt
331 3349 527 3414 etiam
564 3348 850 3428 consilia,
875 3351 1060 3427 dicta,
1095 3350 1266 3416 facta
1315 3375 1384 3415 ex
1433 3349 1726 3416 Historia
1771 3351 2036 3434 antiqua
2081 3350 2126 3415 81
2165 3374 2329 3416 nova
2369 3351 2735 3436 requirunt:
2771 3351 2875 3414 isli
2896 3371 3021 3412 non
3052 3347 3165 3413 ita.

229 3440 294 3500 5.
326 3439 496 3521 Quia
528 3443 964 3503 controversae
991 3440 1396 3523 quaestiones
1421 3440 1467 3504 81
1492 3440 1704 3516 dubia,
1732 3440 2149 3506 Auditoribus
2174 3440 2408 3506 nostris
2442 3442 2607 3507 circa
2631 3437 3164 3524 praedicationem

227 3525 569 3612 Legalium
618 3527 803 3612 plura
855 3527 1250 3607 oboriuntur,
1316 3533 1428 3592 aut
1489 3529 1569 3593 ab
1625 3529 1703 3592 iis
1756 3528 2201 3612 frequentibus
2246 3533 2601 3608 moventur,
2648 3527 2802 3610 quin
2857 3527 2902 3592 &
2949 3526 3162 3610 plures

229 3637 480 3680 errores
525 3616 885 3700 populareS,
919 3616 1134 3700 plures
1159 3618 1575 3702 particulares
1601 3617 1929 3701 opiniones
1956 3621 1993 3682 a
2016 3619 2336 3684 communi
2360 3618 2799 3682 Ministrorum
2833 3637 3089 3679 suorum
3116 3616 3162 3680 &

228 3703 709 3788 Theologorum
735 3726 1042 3770 consensu
1066 3707 1428 3771 recedentes
1452 3707 1748 3772 foventur
1773 3729 1846 3770 ac
1872 3709 2199 3773 tenentur:
2228 3729 2421 3792 quam
2444 3706 2608 3770 circa
2631 3703 3164 3789 praedicationem

228 3793 608 3878 dogmatum
632 3793 998 3878 Euangelii.
1046 3792 1218 3859 Usus
1243 3794 1414 3860 enim
1441 3795 1727 3860 elenctici
1754 3798 1799 3862 ἃ
1833 3797 2267 3884 reprehensivi
2316 3815 2599 3858 errorum
2624 3797 2843 3856 contra
2868 3791 3165 3877 Euange-

229 3881 418 3960 lium,
435 3879 842 3965 Papistarum
861 3880 1018 3958 scil.,
1036 3881 1536 3962 Socinianorum,
1555 3883 2166 3960 Remonstrantium,
2187 3879 2779 3964 Anabaptistarum‚
2798 3879 2989 3966 quiin
3010 3881 3165 3946 mul·

229 3971 321 4035 tis
339 3969 642 4035 Ecclesiis
659 3970 938 4056 Belgicis
957 3971 1194 4058 (nonin
1213 3974 1531 4057 omnibus)
1551 3974 1931 4058 tempestive
1946 3971 2211 4038 refutari
2230 3971 2471 4034 debent'
2478 3970 2543 4034 in
2558 3969 2697 4054 ipso
2711 3991 2899 4034 cursu
2916 3969 3163 4035 Acade-—

233 4059 422 4136 mico,
449 4059 494 4124 &
519 4059 585 4123 in
610 4057 951 4124 Ministerii
975 4059 1284 4146 tyrocinio
1310 4065 1599 4128 accurate
1611 4062 1895 4138 formari,
1916 4058 2226 4142 imprimis
2254 4059 2300 4122 &
2327 4059 2391 4123 in
2417 4063 2750 4123 numerato
2772 4058 2999 4123 haberi
3017 4080 3178 4146 pos--¹

234 4151 427 4213 sunt:
470 4149 578 4213 sed
617 4147 865 4213 elenchi
907 4172 1191 4214 errorum
1217 4148 1380 4214 circa
1413 4153 1945 4232 praedicationem
1980 4147 2349 4230 dogmatum
2376 4147 2704 4232 legalium,
2754 4147 2798 4214 &
2824 4147 3169 4215 decisiones
3220 4187 3227 4194 ·
3269 4165 3289 4182 ““

235 4257 502 4301 casuum
546 4237 731 4320 quasi
764 4237 1181 4314 infinitorum,
1223 4261 1342 4302 non
1381 4244 1508 4302 tam
1552 4239 1738 4304 facile
1763 4238 2201 4312 numerantur,
2227 4238 2688 4322 concipiuntur,
2716 4233 3179 4320 imprimuntur

242 4326 724 4410 depromuntur.
753 4323 984 4388 Confer
1011 4346 1172 4408 quae
1199 4331 1386 4409 supra
1415 4341 1583 4410 pare.
1626 4327 1684 4387 2.
1711 4345 1816 4410 qu.
1854 4325 1954 4388 26.
1984 4325 2031 4391 81
2060 4325 2165 4390 27.
2185 4328 2259 4390 de
2284 4326 2661 4410 difficultate
2678 4323 3169 4410 praedicationis

235 4413 469 4500 legalis
502 4413 792 4478 absolute
818 4413 862 4478 81
894 4415 1254 4498 comparate
1281 4415 1710 4522 disseruimus.
1761 4413 1823 4480 ὓ.
1876 4413 2041 4496 Quia
2090 4415 2377 4480 infinitae
2424 4415 2846 4502 exceptiones,
2874 4415 3167 4566 replicare,

3096 4523 3171 4570 u-
