<?xml version="1.0" encoding="UTF-8"?>
<!DOCTYPE html PUBLIC "-//W3C//DTD XHTML 1.0 Transitional//EN"
    "http://www.w3.org/TR/xhtml1/DTD/xhtml1-transitional.dtd">
<html xmlns="http://www.w3.org/1999/xhtml" xml:lang="en" lang="en">
 <head>
  <title>
</title>
<meta http-equiv="Content-Type" content="text/html;charset=utf-8" />
  <meta name='ocr-system' content='tesseract 3.04.00' />
  <meta name='ocr-capabilities' content='ocr_page ocr_carea ocr_par ocr_line ocrx_word'/>
</head>
<body>
  <div class='ocr_page' id='page_1' title='image "./selectarumdispu00kuypgoog_0206.png"; bbox 0 0 3694 4871; ppageno 0'>
   <div class='ocr_carea' id='block_1_1' title="bbox 341 319 3080 392">
    <p class='ocr_par' dir='ltr' id='par_1_1' title="bbox 341 319 3080 392">
     <span class='ocr_line' id='line_1_1' title="bbox 341 319 3080 392; baseline 0.001 -5"><span class='ocrx_word' id='word_1_1' title='bbox 341 319 816 391; x_wconf 71' lang='lat' dir='ltr'><strong>D1sr.V11.</strong></span> <span class='ocrx_word' id='word_1_2' title='bbox 857 320 1524 391; x_wconf 58' lang='lat' dir='ltr'><strong>Pronurus-ruit</strong></span> <span class='ocrx_word' id='word_1_3' title='bbox 1569 345 1666 389; x_wconf 75' lang='lat' dir='ltr'><strong>nn</strong></span> <span class='ocrx_word' id='word_1_4' title='bbox 1711 320 2071 390; x_wconf 72' lang='lat' dir='ltr'><strong>Mtalro</strong></span> <span class='ocrx_word' id='word_1_5' title='bbox 2116 321 2503 391; x_wconf 72' lang='lat' dir='ltr'><strong>Cnars&#39;n</strong></span> <span class='ocrx_word' id='word_1_6' title='bbox 2548 323 2779 392; x_wconf 70' lang='lat' dir='ltr'><strong>PAns</strong></span> <span class='ocrx_word' id='word_1_7' title='bbox 2824 323 2876 391; x_wconf 88' lang='grc' dir='ltr'><strong>Ι.</strong></span> <span class='ocrx_word' id='word_1_8' title='bbox 2952 325 3080 392; x_wconf 86' lang='grc'><strong>175</strong></span> 
     </span>
    </p>
   </div>
   <div class='ocr_carea' id='block_1_2' title="bbox 119 508 3080 2280">
    <p class='ocr_par' dir='ltr' id='par_1_2' title="bbox 119 508 3080 2280">
     <span class='ocr_line' id='line_1_2' title="bbox 135 508 3076 596; baseline 0.001 -23"><span class='ocrx_word' id='word_1_9' title='bbox 135 513 284 574; x_wconf 89' lang='lat' dir='ltr'><strong>tum</strong></span> <span class='ocrx_word' id='word_1_10' title='bbox 337 508 426 574; x_wconf 89' lang='lat' dir='ltr'><strong>sit</strong></span> <span class='ocrx_word' id='word_1_11' title='bbox 477 531 654 575; x_wconf 87' lang='lat' dir='ltr'><strong>mera</strong></span> <span class='ocrx_word' id='word_1_12' title='bbox 678 509 912 596; x_wconf 89' lang='lat' dir='ltr'><strong>gratia.</strong></span> <span class='ocrx_word' id='word_1_13' title='bbox 958 509 1180 588; x_wconf 84' lang='lat' dir='ltr'><strong>Qualis</strong></span> <span class='ocrx_word' id='word_1_14' title='bbox 1219 513 1434 575; x_wconf 88' lang='lat' dir='ltr'><strong>autem</strong></span> <span class='ocrx_word' id='word_1_15' title='bbox 1460 512 1508 577; x_wconf 70' lang='grc' dir='ltr'><strong>8ο</strong></span> <span class='ocrx_word' id='word_1_16' title='bbox 1529 516 1775 594; x_wconf 86' lang='lat' dir='ltr'><strong>quanta</strong></span> <span class='ocrx_word' id='word_1_17' title='bbox 1795 509 1993 576; x_wconf 88' lang='lat' dir='ltr'><strong>fuerit</strong></span> <span class='ocrx_word' id='word_1_18' title='bbox 2016 510 2288 576; x_wconf 88' lang='lat' dir='ltr'><strong>materia</strong></span> <span class='ocrx_word' id='word_1_19' title='bbox 2310 509 2502 596; x_wconf 85' lang='lat' dir='ltr'><strong>hujus</strong></span> <span class='ocrx_word' id='word_1_20' title='bbox 2526 508 2983 577; x_wconf 74' lang='lat' dir='ltr'><strong>satisfactionis</strong></span> <span class='ocrx_word' id='word_1_21' title='bbox 3006 511 3076 576; x_wconf 89' lang='lat' dir='ltr'><strong>in</strong></span> 
     </span>
     <span class='ocr_line' id='line_1_3' title="bbox 135 597 3080 686; baseline 0.001 -24"><span class='ocrx_word' id='word_1_22' title='bbox 135 597 300 664; x_wconf 89' lang='lat' dir='ltr'><strong>locis</strong></span> <span class='ocrx_word' id='word_1_23' title='bbox 339 598 418 663; x_wconf 90' lang='lat' dir='ltr'><strong>de</strong></span> <span class='ocrx_word' id='word_1_24' title='bbox 448 597 894 664; x_wconf 71' lang='lat' dir='ltr'><strong>humiliatione</strong></span> <span class='ocrx_word' id='word_1_25' title='bbox 919 600 966 666; x_wconf 71' lang='grc' dir='ltr'><strong>δι</strong></span> <span class='ocrx_word' id='word_1_26' title='bbox 988 598 1280 683; x_wconf 79' lang='lat' dir='ltr'><strong>passione</strong></span> <span class='ocrx_word' id='word_1_27' title='bbox 1304 597 1566 678; x_wconf 84' lang='lat' dir='ltr'><strong>Christi,</strong></span> <span class='ocrx_word' id='word_1_28' title='bbox 1593 599 1640 664; x_wconf 63' lang='grc' dir='ltr'><strong><em>ἃ</em></strong></span> <span class='ocrx_word' id='word_1_29' title='bbox 1663 599 1738 664; x_wconf 89' lang='lat' dir='ltr'><strong>de</strong></span> <span class='ocrx_word' id='word_1_30' title='bbox 1763 600 2046 684; x_wconf 83' lang='lat' dir='ltr'><strong>ejusdem</strong></span> <span class='ocrx_word' id='word_1_31' title='bbox 2068 599 2205 665; x_wconf 82' lang='lat' dir='ltr'><strong>vita</strong></span> <span class='ocrx_word' id='word_1_32' title='bbox 2234 621 2309 666; x_wconf 89' lang='lat' dir='ltr'><strong>ac</strong></span> <span class='ocrx_word' id='word_1_33' title='bbox 2331 599 2670 666; x_wconf 75' lang='lat' dir='ltr'><strong>sanctitate</strong></span> <span class='ocrx_word' id='word_1_34' title='bbox 2695 599 2937 686; x_wconf 86' lang='lat' dir='ltr'><strong>passim</strong></span> <span class='ocrx_word' id='word_1_35' title='bbox 2968 623 3080 666; x_wconf 86' lang='lat' dir='ltr'><strong>ex-</strong></span> 
     </span>
     <span class='ocr_line' id='line_1_4' title="bbox 183 685 440 752; baseline 0.004 -2"><span class='ocrx_word' id='word_1_36' title='bbox 183 685 440 752; x_wconf 89' lang='lat' dir='ltr'><strong>licatur.</strong></span> 
     </span>
     <span class='ocr_line' id='line_1_5' title="bbox 134 709 3077 864; baseline -0 -21"><span class='ocrx_word' id='word_1_37' title='bbox 134 709 184 771; x_wconf 77' lang='lat' dir='ltr'><strong>P</strong></span> <span class='ocrx_word' id='word_1_38' title='bbox 231 772 306 844; x_wconf 82' lang='grc'><strong>2.</strong></span> <span class='ocrx_word' id='word_1_39' title='bbox 355 774 830 842; x_wconf 83' lang='lat' dir='ltr'><strong>Controversias</strong></span> <span class='ocrx_word' id='word_1_40' title='bbox 856 775 933 841; x_wconf 93' lang='lat' dir='ltr'><strong>de</strong></span> <span class='ocrx_word' id='word_1_41' title='bbox 955 775 1184 841; x_wconf 90' lang='lat' dir='ltr'><strong>merito</strong></span> <span class='ocrx_word' id='word_1_42' title='bbox 1217 775 1458 842; x_wconf 88' lang='lat' dir='ltr'><strong>Christi</strong></span> <span class='ocrx_word' id='word_1_43' title='bbox 1479 777 1935 864; x_wconf 83' lang='lat' dir='ltr'><strong>distinguimus</strong></span> <span class='ocrx_word' id='word_1_44' title='bbox 1960 777 2028 842; x_wconf 90' lang='lat' dir='ltr'><strong>in</strong></span> <span class='ocrx_word' id='word_1_45' title='bbox 2060 777 2269 842; x_wconf 87' lang='lat' dir='ltr'><strong>minus</strong></span> <span class='ocrx_word' id='word_1_46' title='bbox 2294 776 2701 861; x_wconf 76' lang='lat' dir='ltr'><strong>principales,</strong></span> <span class='ocrx_word' id='word_1_47' title='bbox 2724 775 2773 842; x_wconf 65' lang='grc' dir='ltr'>ἃ</span> <span class='ocrx_word' id='word_1_48' title='bbox 2800 777 2869 842; x_wconf 90' lang='lat' dir='ltr'><strong>in</strong></span> <span class='ocrx_word' id='word_1_49' title='bbox 2900 776 3077 862; x_wconf 89' lang='lat' dir='ltr'><strong>prin-</strong></span> 
     </span>
     <span class='ocr_line' id='line_1_6' title="bbox 127 864 3077 952; baseline 0.001 -23"><span class='ocrx_word' id='word_1_50' title='bbox 127 865 386 948; x_wconf 79' lang='lat' dir='ltr'><strong>cipales</strong></span> <span class='ocrx_word' id='word_1_51' title='bbox 439 886 553 930; x_wconf 90' lang='lat' dir='ltr'><strong>seu</strong></span> <span class='ocrx_word' id='word_1_52' title='bbox 599 864 922 949; x_wconf 81' lang='lat' dir='ltr'><strong>capitales.</strong></span> <span class='ocrx_word' id='word_1_53' title='bbox 975 865 1370 950; x_wconf 71' lang='lat' dir='ltr'><strong>Principales</strong></span> <span class='ocrx_word' id='word_1_54' title='bbox 1422 869 1520 952; x_wconf 81' lang='lat' dir='ltr'><strong>(ut</strong></span> <span class='ocrx_word' id='word_1_55' title='bbox 1565 866 1646 930; x_wconf 90' lang='lat' dir='ltr'><strong>ab</strong></span> <span class='ocrx_word' id='word_1_56' title='bbox 1684 865 1786 930; x_wconf 87' lang='lat' dir='ltr'><strong>his</strong></span> <span class='ocrx_word' id='word_1_57' title='bbox 1817 866 2225 950; x_wconf 87' lang='lat' dir='ltr'><strong>incipiamus)</strong></span> <span class='ocrx_word' id='word_1_58' title='bbox 2248 869 2398 930; x_wconf 90' lang='lat' dir='ltr'><strong>sunt</strong></span> <span class='ocrx_word' id='word_1_59' title='bbox 2424 869 2539 932; x_wconf 90' lang='lat' dir='ltr'><strong>aut</strong></span> <span class='ocrx_word' id='word_1_60' title='bbox 2560 867 2723 936; x_wconf 85' lang='lat' dir='ltr'><strong>tales</strong></span> <span class='ocrx_word' id='word_1_61' title='bbox 2746 865 2823 931; x_wconf 87' lang='lat' dir='ltr'><strong>de</strong></span> <span class='ocrx_word' id='word_1_62' title='bbox 2846 865 3077 951; x_wconf 88' lang='lat' dir='ltr'><strong>quibus</strong></span> 
     </span>
     <span class='ocr_line' id='line_1_7' title="bbox 124 951 3078 1039; baseline 0.001 -21"><span class='ocrx_word' id='word_1_63' title='bbox 124 975 364 1018; x_wconf 83' lang='lat' dir='ltr'><strong>omnes</strong></span> <span class='ocrx_word' id='word_1_64' title='bbox 379 951 702 1018; x_wconf 85' lang='lat' dir='ltr'><strong>Ecclesiae</strong></span> <span class='ocrx_word' id='word_1_65' title='bbox 725 976 956 1019; x_wconf 91' lang='lat' dir='ltr'><strong>nomen</strong></span> <span class='ocrx_word' id='word_1_66' title='bbox 981 955 1028 1020; x_wconf 65' lang='grc' dir='ltr'><strong>δι</strong></span> <span class='ocrx_word' id='word_1_67' title='bbox 1045 953 1504 1038; x_wconf 84' lang='lat' dir='ltr'><strong>professionem</strong></span> <span class='ocrx_word' id='word_1_68' title='bbox 1521 953 1993 1020; x_wconf 83' lang='lat' dir='ltr'><strong>Christianismi</strong></span> <span class='ocrx_word' id='word_1_69' title='bbox 2019 954 2493 1039; x_wconf 88' lang='lat' dir='ltr'><strong>praefaerentes</strong></span> <span class='ocrx_word' id='word_1_70' title='bbox 2518 975 2663 1020; x_wconf 90' lang='lat' dir='ltr'><strong>cum</strong></span> <span class='ocrx_word' id='word_1_71' title='bbox 2690 953 3078 1032; x_wconf 87' lang='lat' dir='ltr'><strong>infidelibus,</strong></span> 
     </span>
     <span class='ocr_line' id='line_1_8' title="bbox 131 1041 3078 1127; baseline 0.001 -21"><span class='ocrx_word' id='word_1_72' title='bbox 131 1063 264 1107; x_wconf 83' lang='lat' dir='ltr'><strong>nec</strong></span> <span class='ocrx_word' id='word_1_73' title='bbox 311 1063 440 1106; x_wconf 90' lang='lat' dir='ltr'><strong>non</strong></span> <span class='ocrx_word' id='word_1_74' title='bbox 485 1041 946 1122; x_wconf 84' lang='lat' dir='ltr'><strong>Enthusiastis,</strong></span> <span class='ocrx_word' id='word_1_75' title='bbox 999 1041 1364 1120; x_wconf 80' lang='lat' dir='ltr'><strong>Libertinis,</strong></span> <span class='ocrx_word' id='word_1_76' title='bbox 1411 1043 1682 1127; x_wconf 89' lang='lat' dir='ltr'><strong>aliisque</strong></span> <span class='ocrx_word' id='word_1_77' title='bbox 1707 1042 2107 1109; x_wconf 82' lang='lat' dir='ltr'><strong>heterodoxis</strong></span> <span class='ocrx_word' id='word_1_78' title='bbox 2130 1043 2551 1108; x_wconf 86' lang='lat' dir='ltr'><strong>contendunt:</strong></span> <span class='ocrx_word' id='word_1_79' title='bbox 2578 1046 2695 1108; x_wconf 90' lang='lat' dir='ltr'><strong>aut</strong></span> <span class='ocrx_word' id='word_1_80' title='bbox 2717 1065 2881 1127; x_wconf 92' lang='lat' dir='ltr'><strong>quae</strong></span> <span class='ocrx_word' id='word_1_81' title='bbox 2904 1065 3078 1110; x_wconf 88' lang='lat' dir='ltr'><strong>com·</strong></span> 
     </span>
     <span class='ocr_line' id='line_1_9' title="bbox 119 1129 3071 1215; baseline 0.001 -21"><span class='ocrx_word' id='word_1_82' title='bbox 119 1129 324 1196; x_wconf 82' lang='lat' dir='ltr'><strong>muni</strong></span> <span class='ocrx_word' id='word_1_83' title='bbox 355 1133 402 1197; x_wconf 67' lang='lat' dir='ltr'><strong>a</strong></span> <span class='ocrx_word' id='word_1_84' title='bbox 425 1135 683 1215; x_wconf 88' lang='lat' dir='ltr'><strong>recepta</strong></span> <span class='ocrx_word' id='word_1_85' title='bbox 703 1131 1020 1196; x_wconf 88' lang='lat' dir='ltr'><strong>sententia</strong></span> <span class='ocrx_word' id='word_1_86' title='bbox 1051 1130 1221 1195; x_wconf 87' lang='lat' dir='ltr'><strong>inter</strong></span> <span class='ocrx_word' id='word_1_87' title='bbox 1242 1130 1523 1196; x_wconf 85' lang='lat' dir='ltr'><strong>diversas</strong></span> <span class='ocrx_word' id='word_1_88' title='bbox 1547 1131 1616 1195; x_wconf 90' lang='lat' dir='ltr'><strong>in</strong></span> <span class='ocrx_word' id='word_1_89' title='bbox 1639 1132 1791 1196; x_wconf 92' lang='lat' dir='ltr'><strong>orbe</strong></span> <span class='ocrx_word' id='word_1_90' title='bbox 1823 1131 2189 1196; x_wconf 87' lang='lat' dir='ltr'><strong>Christiano</strong></span> <span class='ocrx_word' id='word_1_91' title='bbox 2220 1131 2645 1215; x_wconf 87' lang='lat' dir='ltr'><strong>professiones</strong></span> <span class='ocrx_word' id='word_1_92' title='bbox 2671 1132 2719 1197; x_wconf 71' lang='lat'><strong>8⁶</strong></span> <span class='ocrx_word' id='word_1_93' title='bbox 2748 1130 3071 1198; x_wconf 84' lang='lat' dir='ltr'><strong>Ecclesias</strong></span> 
     </span>
     <span class='ocr_line' id='line_1_10' title="bbox 125 1218 3072 1304; baseline 0.001 -22"><span class='ocrx_word' id='word_1_94' title='bbox 125 1219 502 1304; x_wconf 80' lang='lat' dir='ltr'><strong>agitantur.</strong></span> <span class='ocrx_word' id='word_1_95' title='bbox 548 1218 782 1295; x_wconf 84' lang='lat' dir='ltr'><strong>Quales</strong></span> <span class='ocrx_word' id='word_1_96' title='bbox 823 1224 993 1299; x_wconf 89' lang='lat' dir='ltr'><strong>sunt,</strong></span> <span class='ocrx_word' id='word_1_97' title='bbox 1027 1241 1189 1302; x_wconf 88' lang='lat' dir='ltr'><strong>quae</strong></span> <span class='ocrx_word' id='word_1_98' title='bbox 1227 1220 1521 1285; x_wconf 88' lang='lat' dir='ltr'><strong>omnibus</strong></span> <span class='ocrx_word' id='word_1_99' title='bbox 1552 1219 1857 1285; x_wconf 85' lang='lat' dir='ltr'><strong>Ecclesiis</strong></span> <span class='ocrx_word' id='word_1_100' title='bbox 1888 1218 2252 1285; x_wconf 89' lang='lat' dir='ltr'><strong>reformatis</strong></span> <span class='ocrx_word' id='word_1_101' title='bbox 2278 1220 2411 1285; x_wconf 85' lang='lat' dir='ltr'><strong>sive</strong></span> <span class='ocrx_word' id='word_1_102' title='bbox 2443 1242 2587 1285; x_wconf 92' lang='lat' dir='ltr'><strong>cum</strong></span> <span class='ocrx_word' id='word_1_103' title='bbox 2618 1219 2765 1285; x_wconf 86' lang='lat' dir='ltr'><strong>aliis</strong></span> <span class='ocrx_word' id='word_1_104' title='bbox 2788 1221 2858 1284; x_wconf 89' lang='lat' dir='ltr'><strong>in</strong></span> <span class='ocrx_word' id='word_1_105' title='bbox 2890 1219 3072 1286; x_wconf 90' lang='lat' dir='ltr'><strong>Chri·</strong></span> 
     </span>
     <span class='ocr_line' id='line_1_11' title="bbox 126 1306 3078 1392; baseline 0.001 -20"><span class='ocrx_word' id='word_1_106' title='bbox 126 1306 486 1372; x_wconf 78' lang='lat' dir='ltr'><strong>stianismo</strong></span> <span class='ocrx_word' id='word_1_107' title='bbox 509 1307 1008 1392; x_wconf 73' lang='lat' dir='ltr'><strong>professionibus</strong></span> <span class='ocrx_word' id='word_1_108' title='bbox 1039 1308 1086 1374; x_wconf 72' lang='grc' dir='ltr'><strong>δι</strong></span> <span class='ocrx_word' id='word_1_109' title='bbox 1108 1306 1432 1388; x_wconf 77' lang='lat' dir='ltr'><strong>EcolesiiS,</strong></span> <span class='ocrx_word' id='word_1_110' title='bbox 1451 1308 1584 1373; x_wconf 86' lang='lat' dir='ltr'><strong>sive</strong></span> <span class='ocrx_word' id='word_1_111' title='bbox 1606 1330 1750 1373; x_wconf 89' lang='lat' dir='ltr'><strong>eum</strong></span> <span class='ocrx_word' id='word_1_112' title='bbox 1766 1309 2259 1392; x_wconf 87' lang='lat' dir='ltr'><strong>particularibus</strong></span> <span class='ocrx_word' id='word_1_113' title='bbox 2276 1308 2655 1390; x_wconf 87' lang='lat' dir='ltr'><strong>quibusdam</strong></span> <span class='ocrx_word' id='word_1_114' title='bbox 2674 1309 3078 1375; x_wconf 84' lang='lat' dir='ltr'><strong>heterodoxis</strong></span> 
     </span>
     <span class='ocr_line' id='line_1_12' title="bbox 119 1393 3076 1483; baseline 0.001 -23"><span class='ocrx_word' id='word_1_115' title='bbox 119 1395 531 1461; x_wconf 85' lang='lat' dir='ltr'><strong>Doctoribus</strong></span> <span class='ocrx_word' id='word_1_116' title='bbox 597 1396 1017 1462; x_wconf 87' lang='lat' dir='ltr'><strong>intercedunt.</strong></span> <span class='ocrx_word' id='word_1_117' title='bbox 1065 1393 1230 1461; x_wconf 83' lang='lat' dir='ltr'><strong>Sunt</strong></span> <span class='ocrx_word' id='word_1_118' title='bbox 1282 1419 1436 1483; x_wconf 88' lang='lat' dir='ltr'><strong>ergo</strong></span> <span class='ocrx_word' id='word_1_119' title='bbox 1460 1395 1937 1462; x_wconf 84' lang='lat' dir='ltr'><strong>Controversiae</strong></span> <span class='ocrx_word' id='word_1_120' title='bbox 1961 1396 2154 1481; x_wconf 89' lang='lat' dir='ltr'><strong>primi</strong></span> <span class='ocrx_word' id='word_1_121' title='bbox 2176 1395 2452 1480; x_wconf 86' lang='lat' dir='ltr'><strong>generis,</strong></span> <span class='ocrx_word' id='word_1_122' title='bbox 2474 1396 2879 1482; x_wconf 87' lang='lat' dir='ltr'><strong>principales,</strong></span> <span class='ocrx_word' id='word_1_123' title='bbox 2906 1400 3037 1462; x_wconf 90' lang='lat' dir='ltr'><strong>tres</strong></span> <span class='ocrx_word' id='word_1_124' title='bbox 3058 1421 3076 1476; x_wconf 71' lang='grc' dir='ltr'>ς</span> 
     </span>
     <span class='ocr_line' id='line_1_13' title="bbox 122 1483 3076 1569; baseline 0.001 -20"><span class='ocrx_word' id='word_1_125' title='bbox 122 1506 420 1568; x_wconf 90' lang='lat' dir='ltr'><strong>quarum</strong></span> <span class='ocrx_word' id='word_1_126' title='bbox 467 1483 626 1549; x_wconf 89' lang='lat' dir='ltr'><strong>duae</strong></span> <span class='ocrx_word' id='word_1_127' title='bbox 672 1484 750 1550; x_wconf 91' lang='lat' dir='ltr'><strong>de</strong></span> <span class='ocrx_word' id='word_1_128' title='bbox 799 1484 936 1568; x_wconf 89' lang='lat' dir='ltr'><strong>ipso</strong></span> <span class='ocrx_word' id='word_1_129' title='bbox 983 1485 1210 1550; x_wconf 90' lang='lat' dir='ltr'><strong>merito</strong></span> <span class='ocrx_word' id='word_1_130' title='bbox 1236 1484 1496 1565; x_wconf 86' lang='lat' dir='ltr'><strong>Christi,</strong></span> <span class='ocrx_word' id='word_1_131' title='bbox 1539 1507 1666 1550; x_wconf 89' lang='lat' dir='ltr'><strong>una</strong></span> <span class='ocrx_word' id='word_1_132' title='bbox 1691 1484 1766 1550; x_wconf 92' lang='lat' dir='ltr'><strong>de</strong></span> <span class='ocrx_word' id='word_1_133' title='bbox 1792 1486 1929 1569; x_wconf 85' lang='lat' dir='ltr'><strong>ejus</strong></span> <span class='ocrx_word' id='word_1_134' title='bbox 1960 1484 2321 1564; x_wconf 86' lang='lat' dir='ltr'><strong>latitudine,</strong></span> <span class='ocrx_word' id='word_1_135' title='bbox 2348 1485 2735 1566; x_wconf 84' lang='lat' dir='ltr'><strong>extensione,</strong></span> <span class='ocrx_word' id='word_1_136' title='bbox 2774 1487 2821 1553; x_wconf 68' lang='lat' dir='ltr'><strong>a</strong></span> <span class='ocrx_word' id='word_1_137' title='bbox 2842 1485 3076 1554; x_wconf 87' lang='lat' dir='ltr'><strong>fructu.</strong></span> 
     </span>
     <span class='ocr_line' id='line_1_14' title="bbox 127 1571 3073 1660; baseline 0.001 -22"><span class='ocrx_word' id='word_1_138' title='bbox 127 1577 170 1638; x_wconf 91' lang='lat'>1</span> <span class='ocrx_word' id='word_1_139' title='bbox 187 1627 202 1642; x_wconf 92' lang='lat'><strong>.</strong></span> <span class='ocrx_word' id='word_1_140' title='bbox 255 1575 436 1639; x_wconf 72' lang='lat' dir='ltr'><strong>Goncae</strong></span> <span class='ocrx_word' id='word_1_141' title='bbox 449 1593 644 1638; x_wconf 71' lang='lat' dir='ltr'><strong>overe.</strong></span> <span class='ocrx_word' id='word_1_142' title='bbox 690 1571 788 1636; x_wconf 92' lang='lat' dir='ltr'><strong>De</strong></span> <span class='ocrx_word' id='word_1_143' title='bbox 833 1571 972 1657; x_wconf 90' lang='lat' dir='ltr'><strong>ipso</strong></span> <span class='ocrx_word' id='word_1_144' title='bbox 1015 1573 1246 1638; x_wconf 87' lang='lat' dir='ltr'><strong>merito</strong></span> <span class='ocrx_word' id='word_1_145' title='bbox 1291 1571 1550 1653; x_wconf 88' lang='lat' dir='ltr'><strong>Christi,</strong></span> <span class='ocrx_word' id='word_1_146' title='bbox 1598 1573 1766 1658; x_wconf 89' lang='lat' dir='ltr'><strong>quod</strong></span> <span class='ocrx_word' id='word_1_147' title='bbox 1811 1573 1890 1638; x_wconf 88' lang='lat' dir='ltr'><strong>ad</strong></span> <span class='ocrx_word' id='word_1_148' title='bbox 1922 1573 2199 1658; x_wconf 89' lang='lat' dir='ltr'><strong>priorem</strong></span> <span class='ocrx_word' id='word_1_149' title='bbox 2230 1575 2365 1657; x_wconf 85' lang='lat' dir='ltr'><strong>ejus</strong></span> <span class='ocrx_word' id='word_1_150' title='bbox 2390 1577 2657 1658; x_wconf 86' lang='lat' dir='ltr'><strong>partem,</strong></span> <span class='ocrx_word' id='word_1_151' title='bbox 2686 1595 2851 1658; x_wconf 88' lang='lat' dir='ltr'><strong>quae</strong></span> <span class='ocrx_word' id='word_1_152' title='bbox 2874 1576 3073 1660; x_wconf 74' lang='lat' dir='ltr'><strong>vulgo</strong></span> 
     </span>
     <span class='ocr_line' id='line_1_15' title="bbox 123 1661 3077 1746; baseline 0.001 -19"><span class='ocrx_word' id='word_1_153' title='bbox 123 1662 368 1728; x_wconf 77' lang='lat' dir='ltr'><strong>stricte</strong></span> <span class='ocrx_word' id='word_1_154' title='bbox 413 1661 766 1726; x_wconf 82' lang='lat' dir='ltr'><strong>satisfactio</strong></span> <span class='ocrx_word' id='word_1_155' title='bbox 813 1684 928 1746; x_wconf 89' lang='lat' dir='ltr'><strong>pro</strong></span> <span class='ocrx_word' id='word_1_156' title='bbox 967 1661 1240 1746; x_wconf 86' lang='lat' dir='ltr'><strong>peccatis</strong></span> <span class='ocrx_word' id='word_1_157' title='bbox 1280 1661 1532 1741; x_wconf 84' lang='lat' dir='ltr'><strong>dicitur,</strong></span> <span class='ocrx_word' id='word_1_158' title='bbox 1558 1662 1845 1745; x_wconf 87' lang='lat' dir='ltr'><strong>quaestio</strong></span> <span class='ocrx_word' id='word_1_159' title='bbox 1878 1684 1961 1726; x_wconf 87' lang='lat' dir='ltr'><strong>an</strong></span> <span class='ocrx_word' id='word_1_160' title='bbox 1992 1663 2098 1741; x_wconf 90' lang='lat' dir='ltr'><strong>sit,</strong></span> <span class='ocrx_word' id='word_1_161' title='bbox 2122 1661 2291 1726; x_wconf 90' lang='lat' dir='ltr'><strong>inter</strong></span> <span class='ocrx_word' id='word_1_162' title='bbox 2313 1661 2653 1728; x_wconf 89' lang='lat' dir='ltr'><strong>hodiernos</strong></span> <span class='ocrx_word' id='word_1_163' title='bbox 2676 1661 3077 1730; x_wconf 86' lang='lat' dir='ltr'><strong>Christianos</strong></span> 
     </span>
     <span class='ocr_line' id='line_1_16' title="bbox 123 1748 3075 1829; baseline 0 -11"><span class='ocrx_word' id='word_1_164' title='bbox 123 1753 190 1818; x_wconf 63' lang='grc' dir='ltr'><strong>ἃ</strong></span> <span class='ocrx_word' id='word_1_165' title='bbox 233 1749 282 1815; x_wconf 86' lang='lat' dir='ltr'><strong>J</strong></span> <span class='ocrx_word' id='word_1_166' title='bbox 284 1749 540 1828; x_wconf 85' lang='lat' dir='ltr'><strong>udaeos,</strong></span> <span class='ocrx_word' id='word_1_167' title='bbox 587 1748 848 1827; x_wconf 85' lang='lat' dir='ltr'><strong>Turcas‚</strong></span> <span class='ocrx_word' id='word_1_168' title='bbox 899 1748 1204 1829; x_wconf 81' lang='lat' dir='ltr'><strong>Gentiles,</strong></span> <span class='ocrx_word' id='word_1_169' title='bbox 1259 1748 1628 1815; x_wconf 86' lang='lat' dir='ltr'><strong>Socinianos</strong></span> <span class='ocrx_word' id='word_1_170' title='bbox 1672 1751 2185 1816; x_wconf 84' lang='lat' dir='ltr'><strong>controvertitur.</strong></span> <span class='ocrx_word' id='word_1_171' title='bbox 2234 1749 2523 1816; x_wconf 83' lang='lat' dir='ltr'><strong>Gentiles</strong></span> <span class='ocrx_word' id='word_1_172' title='bbox 2570 1752 3075 1820; x_wconf 86' lang='lat' dir='ltr'><strong>satisfactionem</strong></span> 
     </span>
     <span class='ocr_line' id='line_1_17' title="bbox 127 1836 3076 1927; baseline 0.001 -24"><span class='ocrx_word' id='word_1_173' title='bbox 127 1838 390 1904; x_wconf 77' lang='lat' dir='ltr'><strong>christi</strong></span> <span class='ocrx_word' id='word_1_174' title='bbox 423 1838 741 1923; x_wconf 84' lang='lat' dir='ltr'><strong>ignorant,</strong></span> <span class='ocrx_word' id='word_1_175' title='bbox 774 1836 1018 1903; x_wconf 77' lang='lat' dir='ltr'><strong>Tul-cae</strong></span> <span class='ocrx_word' id='word_1_176' title='bbox 1043 1840 1090 1905; x_wconf 72' lang='grc' dir='ltr'><strong>δι</strong></span> <span class='ocrx_word' id='word_1_177' title='bbox 1111 1837 1156 1902; x_wconf 88' lang='lat' dir='ltr'><strong>J</strong></span> <span class='ocrx_word' id='word_1_178' title='bbox 1157 1838 1344 1903; x_wconf 88' lang='lat' dir='ltr'><strong>udaei</strong></span> <span class='ocrx_word' id='word_1_179' title='bbox 1367 1861 1493 1903; x_wconf 90' lang='lat' dir='ltr'><strong>non</strong></span> <span class='ocrx_word' id='word_1_180' title='bbox 1526 1838 1893 1916; x_wconf 89' lang='lat' dir='ltr'><strong>admittunt,</strong></span> <span class='ocrx_word' id='word_1_181' title='bbox 1920 1836 2241 1904; x_wconf 88' lang='lat' dir='ltr'><strong>Sociniani</strong></span> <span class='ocrx_word' id='word_1_182' title='bbox 2268 1861 2345 1904; x_wconf 81' lang='lat' dir='ltr'><strong>ex</strong></span> <span class='ocrx_word' id='word_1_183' title='bbox 2366 1838 2654 1924; x_wconf 88' lang='lat' dir='ltr'><strong>professo</strong></span> <span class='ocrx_word' id='word_1_184' title='bbox 2677 1847 3076 1927; x_wconf 90' lang='lat' dir='ltr'><strong>oppugnant.</strong></span> 
     </span>
     <span class='ocr_line' id='line_1_18' title="bbox 135 1924 3072 2012; baseline 0.002 -21"><span class='ocrx_word' id='word_1_185' title='bbox 135 1926 315 1992; x_wconf 88' lang='lat' dir='ltr'><strong>Vide</strong></span> <span class='ocrx_word' id='word_1_186' title='bbox 361 1927 573 1992; x_wconf 83' lang='lat' dir='ltr'><strong>Soeini</strong></span> <span class='ocrx_word' id='word_1_187' title='bbox 613 1928 1046 2012; x_wconf 74' lang='lat' dir='ltr'><strong>praelectiones</strong></span> <span class='ocrx_word' id='word_1_188' title='bbox 1082 1924 1145 1992; x_wconf 65' lang='lat' dir='ltr'><strong>st*</strong></span> <span class='ocrx_word' id='word_1_189' title='bbox 1168 1927 1243 1993; x_wconf 86' lang='lat' dir='ltr'><strong>de</strong></span> <span class='ocrx_word' id='word_1_190' title='bbox 1269 1927 1511 1993; x_wconf 77' lang='lat' dir='ltr'><strong>Christo</strong></span> <span class='ocrx_word' id='word_1_191' title='bbox 1533 1928 1875 2008; x_wconf 83' lang='lat' dir='ltr'><strong>Servatore,</strong></span> <span class='ocrx_word' id='word_1_192' title='bbox 1900 1927 1946 1993; x_wconf 77' lang='lat' dir='ltr'><strong>8t</strong></span> <span class='ocrx_word' id='word_1_193' title='bbox 1971 1929 2139 1992; x_wconf 86' lang='lat' dir='ltr'><strong>inter</strong></span> <span class='ocrx_word' id='word_1_194' title='bbox 2162 1928 2627 1993; x_wconf 86' lang='lat' dir='ltr'><strong>recentissimos</strong></span> <span class='ocrx_word' id='word_1_195' title='bbox 2651 1928 2999 1998; x_wconf 79' lang='lat' dir='ltr'><strong>Smalcium</strong></span> <span class='ocrx_word' id='word_1_196' title='bbox 3020 1953 3072 1997; x_wconf 88' lang='lat' dir='ltr'><strong>c.</strong></span> 
     </span>
     <span class='ocr_line' id='line_1_19' title="bbox 126 2015 3078 2101; baseline 0.001 -19"><span class='ocrx_word' id='word_1_197' title='bbox 126 2016 386 2082; x_wconf 73' lang='lat' dir='ltr'><strong>librum</strong></span> <span class='ocrx_word' id='word_1_198' title='bbox 437 2015 742 2101; x_wconf 72' lang='lat' dir='ltr'><strong>Smiqtecii</strong></span> <span class='ocrx_word' id='word_1_199' title='bbox 785 2015 862 2080; x_wconf 85' lang='lat' dir='ltr'><strong>de</strong></span> <span class='ocrx_word' id='word_1_200' title='bbox 887 2016 1306 2100; x_wconf 70' lang='lat' dir='ltr'><strong>satisfactione</strong></span> <span class='ocrx_word' id='word_1_201' title='bbox 1313 2039 1339 2092; x_wconf 91' lang='lat'><em>;</em></span> <span class='ocrx_word' id='word_1_202' title='bbox 1390 2017 1437 2083; x_wconf 73' lang='grc' dir='ltr'><strong>δι</strong></span> <span class='ocrx_word' id='word_1_203' title='bbox 1465 2018 1762 2083; x_wconf 81' lang='lat' dir='ltr'><strong>Crellium</strong></span> <span class='ocrx_word' id='word_1_204' title='bbox 1776 2028 1995 2082; x_wconf 85' lang='lat' dir='ltr'><strong>contra</strong></span> <span class='ocrx_word' id='word_1_205' title='bbox 2024 2017 2354 2092; x_wconf 78' lang='lat' dir='ltr'><strong>Grotium,·</strong></span> <span class='ocrx_word' id='word_1_206' title='bbox 2392 2017 2757 2083; x_wconf 80' lang='lat' dir='ltr'><strong>Valcketimn</strong></span> <span class='ocrx_word' id='word_1_207' title='bbox 2779 2019 2851 2084; x_wconf 80' lang='lat' dir='ltr'><strong>in</strong></span> <span class='ocrx_word' id='word_1_208' title='bbox 2880 2017 3078 2086; x_wconf 77' lang='lat' dir='ltr'><strong>Insti-</strong></span> 
     </span>
     <span class='ocr_line' id='line_1_20' title="bbox 123 2103 3077 2192; baseline 0.001 -20"><span class='ocrx_word' id='word_1_209' title='bbox 123 2104 530 2180; x_wconf 75' lang='lat' dir='ltr'><strong>tutionibus;</strong></span> <span class='ocrx_word' id='word_1_210' title='bbox 551 2103 988 2188; x_wconf 76' lang='lat' dir='ltr'><strong>Stichtinyium</strong></span> <span class='ocrx_word' id='word_1_211' title='bbox 1017 2105 1093 2170; x_wconf 85' lang='lat' dir='ltr'><strong>in</strong></span> <span class='ocrx_word' id='word_1_212' title='bbox 1113 2105 1578 2170; x_wconf 77' lang='lat' dir='ltr'><strong>commentariis</strong></span> <span class='ocrx_word' id='word_1_213' title='bbox 1601 2105 1672 2169; x_wconf 84' lang='lat' dir='ltr'><strong>in</strong></span> <span class='ocrx_word' id='word_1_214' title='bbox 1700 2105 2045 2190; x_wconf 79' lang='lat' dir='ltr'><strong>Epistolam</strong></span> <span class='ocrx_word' id='word_1_215' title='bbox 2065 2106 2152 2170; x_wconf 85' lang='lat' dir='ltr'><strong>ad</strong></span> <span class='ocrx_word' id='word_1_216' title='bbox 2183 2104 2504 2171; x_wconf 75' lang='lat' dir='ltr'><strong>Hebraeos.</strong></span> <span class='ocrx_word' id='word_1_217' title='bbox 2560 2103 2646 2171; x_wconf 89' lang='lat' dir='ltr'><strong>Ut</strong></span> <span class='ocrx_word' id='word_1_218' title='bbox 2696 2129 2867 2172; x_wconf 88' lang='lat' dir='ltr'><strong>nunc</strong></span> <span class='ocrx_word' id='word_1_219' title='bbox 2889 2129 3077 2192; x_wconf 85' lang='lat' dir='ltr'><strong>prae-</strong></span> 
     </span>
     <span class='ocr_line' id='line_1_21' title="bbox 125 2191 3077 2280; baseline 0.001 -22"><span class='ocrx_word' id='word_1_220' title='bbox 125 2199 393 2258; x_wconf 84' lang='lat' dir='ltr'><strong>teream</strong></span> <span class='ocrx_word' id='word_1_221' title='bbox 447 2193 846 2272; x_wconf 74' lang='lat' dir='ltr'><strong>Ostorodum,</strong></span> <span class='ocrx_word' id='word_1_222' title='bbox 878 2193 1296 2272; x_wconf 79' lang='lat' dir='ltr'><strong>Sommerttm,</strong></span> <span class='ocrx_word' id='word_1_223' title='bbox 1323 2191 1609 2277; x_wconf 87' lang='lat' dir='ltr'><strong>aliosque</strong></span> <span class='ocrx_word' id='word_1_224' title='bbox 1633 2197 1842 2258; x_wconf 87' lang='lat' dir='ltr'><strong>sectae</strong></span> <span class='ocrx_word' id='word_1_225' title='bbox 1866 2193 2051 2258; x_wconf 86' lang='lat' dir='ltr'><strong>istius</strong></span> <span class='ocrx_word' id='word_1_226' title='bbox 2074 2192 2469 2278; x_wconf 78' lang='lat' dir='ltr'><strong>promachOS.</strong></span> <span class='ocrx_word' id='word_1_227' title='bbox 2496 2193 2596 2258; x_wconf 83' lang='lat' dir='ltr'><strong>Ex</strong></span> <span class='ocrx_word' id='word_1_228' title='bbox 2629 2193 3077 2280; x_wconf 83' lang='lat' dir='ltr'><strong>Antagonistis</strong></span> 
     </span>
    </p>
   </div>
   <div class='ocr_carea' id='block_1_3' title="bbox 125 2280 3198 2367">
    <p class='ocr_par' dir='ltr' id='par_1_3' title="bbox 125 2280 3198 2367">
     <span class='ocr_line' id='line_1_22' title="bbox 125 2280 3198 2367; baseline 0.001 -19"><span class='ocrx_word' id='word_1_229' title='bbox 125 2281 634 2348; x_wconf 87' lang='lat' dir='ltr'><strong>Socinianorum</strong></span> <span class='ocrx_word' id='word_1_230' title='bbox 657 2280 870 2366; x_wconf 81' lang='lat' dir='ltr'><strong>quiex</strong></span> <span class='ocrx_word' id='word_1_231' title='bbox 892 2283 1176 2365; x_wconf 77' lang='lat' dir='ltr'><strong>professo</strong></span> <span class='ocrx_word' id='word_1_232' title='bbox 1206 2281 1326 2346; x_wconf 90' lang='lat' dir='ltr'><strong>hoc</strong></span> <span class='ocrx_word' id='word_1_233' title='bbox 1351 2285 1574 2367; x_wconf 86' lang='lat' dir='ltr'><strong>agunt,</strong></span> <span class='ocrx_word' id='word_1_234' title='bbox 1602 2281 1851 2346; x_wconf 84' lang='lat' dir='ltr'><strong>videndi</strong></span> <span class='ocrx_word' id='word_1_235' title='bbox 1875 2281 2189 2365; x_wconf 89' lang='lat' dir='ltr'><strong>imprimis</strong></span> <span class='ocrx_word' id='word_1_236' title='bbox 2215 2283 2631 2350; x_wconf 76' lang='lat' dir='ltr'><strong>Zarnovecitts</strong></span> <span class='ocrx_word' id='word_1_237' title='bbox 2662 2285 2709 2350; x_wconf 72' lang='lat' dir='ltr'><strong>St</strong></span> <span class='ocrx_word' id='word_1_238' title='bbox 2729 2285 2983 2352; x_wconf 71' lang='lat' dir='ltr'><strong>Grotius</strong></span> <span class='ocrx_word' id='word_1_239' title='bbox 3006 2285 3079 2351; x_wconf 82' lang='lat' dir='ltr'><strong>in</strong></span> <span class='ocrx_word' id='word_1_240' title='bbox 3194 2297 3198 2301; x_wconf 86' lang='lat'>&#39;</span> 
     </span>
    </p>
   </div>
   <div class='ocr_carea' id='block_1_4' title="bbox 123 2369 3082 3253">
    <p class='ocr_par' dir='ltr' id='par_1_4' title="bbox 123 2369 3082 3253">
     <span class='ocr_line' id='line_1_23' title="bbox 132 2369 3075 2461; baseline 0.001 -24"><span class='ocrx_word' id='word_1_241' title='bbox 132 2381 328 2437; x_wconf 81' lang='lat' dir='ltr'><strong>tract.</strong></span> <span class='ocrx_word' id='word_1_242' title='bbox 375 2369 454 2435; x_wconf 85' lang='lat' dir='ltr'><strong>de</strong></span> <span class='ocrx_word' id='word_1_243' title='bbox 499 2370 919 2455; x_wconf 73' lang='lat' dir='ltr'><strong>satisfactione</strong></span> <span class='ocrx_word' id='word_1_244' title='bbox 953 2389 1004 2434; x_wconf 85' lang='lat' dir='ltr'><strong>c.</strong></span> <span class='ocrx_word' id='word_1_245' title='bbox 1051 2369 1348 2437; x_wconf 70' lang='lat' dir='ltr'><strong>Soc-inum</strong></span> <span class='ocrx_word' id='word_1_246' title='bbox 1361 2392 1388 2447; x_wconf 78' lang='lat'><strong>,-</strong></span> <span class='ocrx_word' id='word_1_247' title='bbox 1415 2370 1732 2435; x_wconf 72' lang='lat' dir='ltr'><strong>lohannes</strong></span> <span class='ocrx_word' id='word_1_248' title='bbox 1747 2371 1982 2435; x_wconf 74' lang='lat' dir='ltr'><strong>lunias</strong></span> <span class='ocrx_word' id='word_1_249' title='bbox 2000 2370 2180 2457; x_wconf 85' lang='lat' dir='ltr'><strong>[pag.</strong></span> <span class='ocrx_word' id='word_1_250' title='bbox 2207 2369 2371 2456; x_wconf 85' lang='lat'><strong>231]</strong></span> <span class='ocrx_word' id='word_1_251' title='bbox 2398 2371 2468 2434; x_wconf 86' lang='lat' dir='ltr'><strong>in</strong></span> <span class='ocrx_word' id='word_1_252' title='bbox 2491 2373 2867 2451; x_wconf 71' lang='lat' dir='ltr'><strong>refutatione</strong></span> <span class='ocrx_word' id='word_1_253' title='bbox 2886 2394 3075 2461; x_wconf 76' lang='lat' dir='ltr'><strong>prae·-</strong></span> 
     </span>
     <span class='ocr_line' id='line_1_24' title="bbox 127 2458 3077 2535; baseline 0.001 -9"><span class='ocrx_word' id='word_1_254' title='bbox 127 2461 485 2526; x_wconf 76' lang='lat' dir='ltr'><strong>Iectionum</strong></span> <span class='ocrx_word' id='word_1_255' title='bbox 530 2459 738 2525; x_wconf 85' lang='lat' dir='ltr'><strong>Socini</strong></span> <span class='ocrx_word' id='word_1_256' title='bbox 752 2482 776 2535; x_wconf 91' lang='lat'><em>;</em></span> <span class='ocrx_word' id='word_1_257' title='bbox 821 2458 961 2525; x_wconf 80' lang='lat' dir='ltr'><strong>Joh.</strong></span> <span class='ocrx_word' id='word_1_258' title='bbox 1009 2458 1358 2526; x_wconf 81' lang='lat' dir='ltr'><strong>Poliander</strong></span> <span class='ocrx_word' id='word_1_259' title='bbox 1401 2460 1442 2523; x_wconf 81' lang='grc' dir='ltr'>ὰ</span> <span class='ocrx_word' id='word_1_260' title='bbox 1467 2459 1855 2535; x_wconf 77' lang='lat' dir='ltr'><strong>Kerekhoven</strong></span> <span class='ocrx_word' id='word_1_261' title='bbox 1880 2460 1951 2525; x_wconf 85' lang='lat' dir='ltr'><strong>in</strong></span> <span class='ocrx_word' id='word_1_262' title='bbox 1972 2470 2294 2524; x_wconf 80' lang='lat' dir='ltr'><strong>cmwertat.</strong></span> <span class='ocrx_word' id='word_1_263' title='bbox 2342 2461 2641 2527; x_wconf 74' lang='lat' dir='ltr'><strong>Essenius</strong></span> <span class='ocrx_word' id='word_1_264' title='bbox 2662 2474 2877 2528; x_wconf 86' lang='lat' dir='ltr'><strong>contra</strong></span> <span class='ocrx_word' id='word_1_265' title='bbox 2905 2464 3077 2531; x_wconf 73' lang='lat' dir='ltr'><strong>Grei-</strong></span> 
     </span>
     <span class='ocr_line' id='line_1_25' title="bbox 126 2546 3076 2632; baseline 0 -17"><span class='ocrx_word' id='word_1_266' title='bbox 126 2551 328 2615; x_wconf 75' lang='lat' dir='ltr'><strong>lium.</strong></span> <span class='ocrx_word' id='word_1_267' title='bbox 377 2547 484 2612; x_wconf 85' lang='lat' dir='ltr'><strong>Ex</strong></span> <span class='ocrx_word' id='word_1_268' title='bbox 513 2546 864 2611; x_wconf 84' lang='lat' dir='ltr'><strong>Pontificiis</strong></span> <span class='ocrx_word' id='word_1_269' title='bbox 887 2546 1247 2632; x_wconf 72' lang='lat' dir='ltr'><strong>Smiqtecius</strong></span> <span class='ocrx_word' id='word_1_270' title='bbox 1271 2548 1342 2612; x_wconf 88' lang='lat' dir='ltr'><strong>in</strong></span> <span class='ocrx_word' id='word_1_271' title='bbox 1363 2548 1540 2613; x_wconf 77' lang='lat' dir='ltr'><strong>novis</strong></span> <span class='ocrx_word' id='word_1_272' title='bbox 1566 2548 1869 2613; x_wconf 72' lang='lat' dir='ltr'><strong>monstris</strong></span> <span class='ocrx_word' id='word_1_273' title='bbox 1891 2568 2205 2613; x_wconf 80' lang='lat' dir='ltr'><strong>novor-um</strong></span> <span class='ocrx_word' id='word_1_274' title='bbox 2230 2548 2567 2615; x_wconf 79' lang='lat' dir='ltr'><strong>Arrianor.</strong></span> <span class='ocrx_word' id='word_1_275' title='bbox 2596 2573 2612 2627; x_wconf 81' lang='lat'>3</span> <span class='ocrx_word' id='word_1_276' title='bbox 2661 2552 2708 2616; x_wconf 70' lang='lat' dir='ltr'><strong>tc</strong></span> <span class='ocrx_word' id='word_1_277' title='bbox 2732 2551 2809 2617; x_wconf 80' lang='lat' dir='ltr'><strong>de</strong></span> <span class='ocrx_word' id='word_1_278' title='bbox 2836 2552 3076 2619; x_wconf 72' lang='lat' dir='ltr'><strong>Chri-sto</strong></span> 
     </span>
     <span class='ocr_line' id='line_1_26' title="bbox 123 2634 3076 2725; baseline 0.001 -22"><span class='ocrx_word' id='word_1_279' title='bbox 123 2658 288 2703; x_wconf 82' lang='lat' dir='ltr'><strong>vero</strong></span> <span class='ocrx_word' id='word_1_280' title='bbox 339 2634 408 2702; x_wconf 70' lang='grc' dir='ltr'><strong>ἃ·</strong></span> <span class='ocrx_word' id='word_1_281' title='bbox 429 2636 714 2703; x_wconf 78' lang='lat' dir='ltr'><strong>naturali</strong></span> <span class='ocrx_word' id='word_1_282' title='bbox 741 2636 873 2724; x_wconf 80' lang='lat' dir='ltr'><strong>filio</strong></span> <span class='ocrx_word' id='word_1_283' title='bbox 895 2637 1034 2715; x_wconf 82' lang='lat' dir='ltr'><strong>Dei,</strong></span> <span class='ocrx_word' id='word_1_284' title='bbox 1058 2637 1313 2722; x_wconf 72' lang='lat' dir='ltr'><strong>ejtwque</strong></span> <span class='ocrx_word' id='word_1_285' title='bbox 1337 2637 1756 2721; x_wconf 63' lang='lat' dir='ltr'><strong>satisfactione</strong></span> <span class='ocrx_word' id='word_1_286' title='bbox 1777 2648 1996 2702; x_wconf 85' lang='lat' dir='ltr'><strong>contra</strong></span> <span class='ocrx_word' id='word_1_287' title='bbox 2019 2636 2387 2703; x_wconf 81' lang='lat' dir='ltr'><strong>Smaleium.</strong></span> <span class='ocrx_word' id='word_1_288' title='bbox 2435 2636 2478 2701; x_wconf 89' lang='lat' dir='ltr'>J</span> <span class='ocrx_word' id='word_1_289' title='bbox 2481 2638 2827 2704; x_wconf 88' lang='lat' dir='ltr'><strong>udaeorum</strong></span> <span class='ocrx_word' id='word_1_290' title='bbox 2848 2662 3076 2725; x_wconf 84' lang='lat' dir='ltr'><strong>excep-</strong></span> 
     </span>
     <span class='ocr_line' id='line_1_27' title="bbox 124 2724 3075 2813; baseline 0.001 -22"><span class='ocrx_word' id='word_1_291' title='bbox 124 2726 435 2791; x_wconf 89' lang='lat' dir='ltr'><strong>tionibus</strong></span> <span class='ocrx_word' id='word_1_292' title='bbox 459 2724 539 2788; x_wconf 89' lang='lat' dir='ltr'><strong>ad</strong></span> <span class='ocrx_word' id='word_1_293' title='bbox 561 2745 694 2808; x_wconf 84' lang='lat' dir='ltr'><strong>eap.</strong></span> <span class='ocrx_word' id='word_1_294' title='bbox 723 2724 828 2789; x_wconf 82' lang='lat'><strong>53.</strong></span> <span class='ocrx_word' id='word_1_295' title='bbox 852 2725 1110 2804; x_wconf 72' lang='lat' dir='ltr'><strong>lesaiae,</strong></span> <span class='ocrx_word' id='word_1_296' title='bbox 1143 2725 1322 2789; x_wconf 79' lang='lat' dir='ltr'><strong>docte</strong></span> <span class='ocrx_word' id='word_1_297' title='bbox 1349 2724 1622 2789; x_wconf 88' lang='lat' dir='ltr'><strong>occurrit</strong></span> <span class='ocrx_word' id='word_1_298' title='bbox 1653 2724 2105 2792; x_wconf 75' lang='lat' dir='ltr'><strong>Constantinus</strong></span> <span class='ocrx_word' id='word_1_299' title='bbox 2138 2725 2534 2810; x_wconf 77' lang='lat' dir='ltr'><strong>l’Empereur</strong></span> <span class='ocrx_word' id='word_1_300' title='bbox 2580 2727 2652 2792; x_wconf 87' lang='lat' dir='ltr'><strong>in</strong></span> <span class='ocrx_word' id='word_1_301' title='bbox 2694 2729 3075 2813; x_wconf 77' lang='lat' dir='ltr'><strong>refutatione</strong></span> 
     </span>
     <span class='ocr_line' id='line_1_28' title="bbox 127 2810 3073 2897; baseline 0.001 -17"><span class='ocrx_word' id='word_1_302' title='bbox 127 2813 606 2895; x_wconf 74' lang='lat' dir='ltr'><strong>Abrabanielis,</strong></span> <span class='ocrx_word' id='word_1_303' title='bbox 631 2812 962 2891; x_wconf 67' lang='lat' dir='ltr'><strong>Alschechi,</strong></span> <span class='ocrx_word' id='word_1_304' title='bbox 1001 2810 1113 2878; x_wconf 67' lang='lat' dir='ltr'><strong>stc.</strong></span> <span class='ocrx_word' id='word_1_305' title='bbox 1140 2810 1544 2896; x_wconf 78' lang='lat' dir='ltr'><strong>IncipienteS,</strong></span> <span class='ocrx_word' id='word_1_306' title='bbox 1592 2813 1704 2896; x_wconf 91' lang='lat' dir='ltr'><strong>qui</strong></span> <span class='ocrx_word' id='word_1_307' title='bbox 1733 2813 2001 2877; x_wconf 88' lang='lat' dir='ltr'><strong>istorum</strong></span> <span class='ocrx_word' id='word_1_308' title='bbox 2034 2813 2485 2897; x_wconf 88' lang='lat' dir='ltr'><strong>polemicorum</strong></span> <span class='ocrx_word' id='word_1_309' title='bbox 2510 2815 2769 2881; x_wconf 87' lang='lat' dir='ltr'><strong>lectioni</strong></span> <span class='ocrx_word' id='word_1_310' title='bbox 2794 2818 3073 2883; x_wconf 90' lang='lat' dir='ltr'><strong>nondum</strong></span> 
     </span>
     <span class='ocr_line' id='line_1_29' title="bbox 123 2900 3079 2991; baseline 0.001 -23"><span class='ocrx_word' id='word_1_311' title='bbox 123 2906 400 2981; x_wconf 79' lang='lat' dir='ltr'><strong>vacant,</strong></span> <span class='ocrx_word' id='word_1_312' title='bbox 424 2902 777 2980; x_wconf 84' lang='lat' dir='ltr'><strong>consulant,</strong></span> <span class='ocrx_word' id='word_1_313' title='bbox 803 2900 1174 2966; x_wconf 89' lang='lat' dir='ltr'><strong>elencticam</strong></span> <span class='ocrx_word' id='word_1_314' title='bbox 1197 2901 1480 2986; x_wconf 72' lang='lat' dir='ltr'><strong>Altinyii,</strong></span> <span class='ocrx_word' id='word_1_315' title='bbox 1505 2905 1617 2966; x_wconf 92' lang='lat' dir='ltr'><strong>aut</strong></span> <span class='ocrx_word' id='word_1_316' title='bbox 1643 2902 1935 2967; x_wconf 77' lang='lat' dir='ltr'><strong>Macoovii</strong></span> <span class='ocrx_word' id='word_1_317' title='bbox 1955 2902 2282 2987; x_wconf 69' lang='lat' dir='ltr'><strong>colkyium</strong></span> <span class='ocrx_word' id='word_1_318' title='bbox 2304 2904 2529 2989; x_wconf 74' lang='lat' dir='ltr'><strong>Dispp.</strong></span> <span class='ocrx_word' id='word_1_319' title='bbox 2552 2915 2720 2988; x_wconf 80' lang='lat' dir='ltr'><strong>part.</strong></span> <span class='ocrx_word' id='word_1_320' title='bbox 2748 2906 2808 2969; x_wconf 86' lang='lat'><strong>3.</strong></span> <span class='ocrx_word' id='word_1_321' title='bbox 2834 2907 3079 2991; x_wconf 71' lang='lat' dir='ltr'><strong>aDisp.</strong></span> 
     </span>
     <span class='ocr_line' id='line_1_30' title="bbox 133 2988 3082 3075; baseline 0.002 -22"><span class='ocrx_word' id='word_1_322' title='bbox 133 2995 200 3057; x_wconf 80' lang='grc'><strong>6.</strong></span> <span class='ocrx_word' id='word_1_323' title='bbox 233 3012 444 3075; x_wconf 87' lang='lat' dir='ltr'><strong>usque</strong></span> <span class='ocrx_word' id='word_1_324' title='bbox 473 2991 573 3054; x_wconf 85' lang='lat'><strong>14.</strong></span> <span class='ocrx_word' id='word_1_325' title='bbox 602 2988 916 3055; x_wconf 86' lang='lat' dir='ltr'><strong>Nolumus</strong></span> <span class='ocrx_word' id='word_1_326' title='bbox 940 2990 1046 3055; x_wconf 90' lang='lat' dir='ltr'><strong>hic</strong></span> <span class='ocrx_word' id='word_1_327' title='bbox 1068 2993 1282 3054; x_wconf 86' lang='lat' dir='ltr'><strong>actum</strong></span> <span class='ocrx_word' id='word_1_328' title='bbox 1305 3011 1517 3074; x_wconf 87' lang='lat' dir='ltr'><strong>agere,</strong></span> <span class='ocrx_word' id='word_1_329' title='bbox 1543 2992 1590 3056; x_wconf 80' lang='lat'><strong>&amp;</strong></span> <span class='ocrx_word' id='word_1_330' title='bbox 1622 2993 1660 3054; x_wconf 69' lang='lat' dir='ltr'><strong>a</strong></span> <span class='ocrx_word' id='word_1_331' title='bbox 1682 2989 2021 3074; x_wconf 88' lang='lat' dir='ltr'><strong>praedictis</strong></span> <span class='ocrx_word' id='word_1_332' title='bbox 2045 2989 2398 3056; x_wconf 84' lang='lat' dir='ltr'><strong>Autoribus</strong></span> <span class='ocrx_word' id='word_1_333' title='bbox 2428 2996 2565 3056; x_wconf 89' lang='lat' dir='ltr'><strong>tam</strong></span> <span class='ocrx_word' id='word_1_334' title='bbox 2595 2992 2868 3059; x_wconf 86' lang='lat' dir='ltr'><strong>feliciter</strong></span> <span class='ocrx_word' id='word_1_335' title='bbox 2893 2996 2940 3061; x_wconf 64' lang='lat' dir='ltr'><strong>a</strong></span> <span class='ocrx_word' id='word_1_336' title='bbox 2972 3018 3082 3060; x_wconf 83' lang='lat' dir='ltr'><strong>ac-</strong></span> 
     </span>
     <span class='ocr_line' id='line_1_31' title="bbox 123 3077 3075 3167; baseline 0.001 -22"><span class='ocrx_word' id='word_1_337' title='bbox 123 3082 364 3145; x_wconf 73' lang='lat' dir='ltr'><strong>curate</strong></span> <span class='ocrx_word' id='word_1_338' title='bbox 415 3078 740 3163; x_wconf 87' lang='lat' dir='ltr'><strong>disputata</strong></span> <span class='ocrx_word' id='word_1_339' title='bbox 791 3100 866 3144; x_wconf 89' lang='lat' dir='ltr'><strong>ac</strong></span> <span class='ocrx_word' id='word_1_340' title='bbox 910 3077 1228 3143; x_wconf 85' lang='lat' dir='ltr'><strong>delineata</strong></span> <span class='ocrx_word' id='word_1_341' title='bbox 1269 3100 1597 3165; x_wconf 81' lang='lat' dir='ltr'><strong>reponere,</strong></span> <span class='ocrx_word' id='word_1_342' title='bbox 1644 3078 1755 3143; x_wconf 90' lang='lat' dir='ltr'><strong>sed</strong></span> <span class='ocrx_word' id='word_1_343' title='bbox 1784 3078 1991 3143; x_wconf 85' lang='lat' dir='ltr'><strong>solum</strong></span> <span class='ocrx_word' id='word_1_344' title='bbox 2023 3078 2414 3163; x_wconf 82' lang='lat' dir='ltr'><strong>archetypon</strong></span> <span class='ocrx_word' id='word_1_345' title='bbox 2446 3088 2969 3167; x_wconf 86' lang='lat' dir='ltr'><strong>argumentorum</strong></span> <span class='ocrx_word' id='word_1_346' title='bbox 2996 3084 3075 3149; x_wconf 88' lang='lat' dir='ltr'><strong>ad</strong></span> 
     </span>
     <span class='ocr_line' id='line_1_32' title="bbox 123 3164 2383 3253; baseline 0 -20"><span class='ocrx_word' id='word_1_347' title='bbox 123 3168 494 3253; x_wconf 82' lang='lat' dir='ltr'><strong>juvandam</strong></span> <span class='ocrx_word' id='word_1_348' title='bbox 527 3167 898 3233; x_wconf 90' lang='lat' dir='ltr'><strong>memoriam</strong></span> <span class='ocrx_word' id='word_1_349' title='bbox 923 3164 1312 3244; x_wconf 88' lang='lat' dir='ltr'><strong>indicamus;</strong></span> <span class='ocrx_word' id='word_1_350' title='bbox 1338 3166 1440 3231; x_wconf 89' lang='lat' dir='ltr'><strong>his</strong></span> <span class='ocrx_word' id='word_1_351' title='bbox 1467 3166 1794 3232; x_wconf 79' lang='lat' dir='ltr'><strong>versiculis</strong></span> <span class='ocrx_word' id='word_1_352' title='bbox 1817 3167 2383 3250; x_wconf 85' lang='lat' dir='ltr'><strong>comprehensum:</strong></span> 
     </span>
    </p>
   </div>
   <div class='ocr_carea' id='block_1_5' title="bbox 776 3304 2556 3481">
    <p class='ocr_par' dir='ltr' id='par_1_5' title="bbox 776 3304 2556 3481">
     <span class='ocr_line' id='line_1_33' title="bbox 778 3304 2556 3391; baseline 0.001 -20"><span class='ocrx_word' id='word_1_353' title='bbox 778 3304 1170 3389; x_wconf 59' lang='lat' dir='ltr'><strong>mapinium,</strong></span> <span class='ocrx_word' id='word_1_354' title='bbox 1196 3324 1510 3389; x_wconf 71' lang='lat' dir='ltr'><strong>puryans,</strong></span> <span class='ocrx_word' id='word_1_355' title='bbox 1534 3305 1869 3385; x_wconf 72' lang='lat' dir='ltr'><strong>redimens,</strong></span> <span class='ocrx_word' id='word_1_356' title='bbox 1897 3316 1969 3371; x_wconf 83' lang='lat' dir='ltr'><strong>ut</strong></span> <span class='ocrx_word' id='word_1_357' title='bbox 1991 3306 2263 3386; x_wconf 83' lang='lat' dir='ltr'><strong>victima,</strong></span> <span class='ocrx_word' id='word_1_358' title='bbox 2286 3326 2556 3391; x_wconf 74' lang='lat' dir='ltr'><strong>sponsor</strong></span> 
     </span>
     <span class='ocr_line' id='line_1_34' title="bbox 776 3392 2241 3481; baseline 0.001 -23"><span class='ocrx_word' id='word_1_359' title='bbox 776 3392 1070 3473; x_wconf 84' lang='lat' dir='ltr'><strong>Salvavit,</strong></span> <span class='ocrx_word' id='word_1_360' title='bbox 1094 3393 1182 3459; x_wconf 73' lang='lat' dir='ltr'><strong>sic</strong></span> <span class='ocrx_word' id='word_1_361' title='bbox 1195 3394 1354 3477; x_wconf 80' lang='lat' dir='ltr'><strong>jura</strong></span> <span class='ocrx_word' id='word_1_362' title='bbox 1384 3392 1504 3458; x_wconf 81' lang='lat' dir='ltr'><strong>Dei</strong></span> <span class='ocrx_word' id='word_1_363' title='bbox 1525 3414 1867 3480; x_wconf 82' lang='lat' dir='ltr'><strong>verumque</strong></span> <span class='ocrx_word' id='word_1_364' title='bbox 1889 3396 2241 3481; x_wconf 81' lang='lat' dir='ltr'><strong>requirunt.</strong></span> 
     </span>
    </p>
   </div>
   <div class='ocr_carea' id='block_1_6' title="bbox 124 3518 3085 4577">
    <p class='ocr_par' dir='ltr' id='par_1_6' title="bbox 124 3518 3085 4493">
     <span class='ocr_line' id='line_1_35' title="bbox 124 3518 3077 3606; baseline 0.002 -18"><span class='ocrx_word' id='word_1_365' title='bbox 124 3522 440 3588; x_wconf 83' lang='lat' dir='ltr'><strong>Christus</strong></span> <span class='ocrx_word' id='word_1_366' title='bbox 465 3524 562 3585; x_wconf 88' lang='lat' dir='ltr'><strong>est</strong></span> <span class='ocrx_word' id='word_1_367' title='bbox 585 3542 658 3586; x_wconf 88' lang='lat' dir='ltr'><strong>ac</strong></span> <span class='ocrx_word' id='word_1_368' title='bbox 682 3520 912 3586; x_wconf 88' lang='lat' dir='ltr'><strong>dicitur</strong></span> <span class='ocrx_word' id='word_1_369' title='bbox 929 3518 1224 3586; x_wconf 85' lang='lat' dir='ltr'><strong>Salvator</strong></span> <span class='ocrx_word' id='word_1_370' title='bbox 1253 3528 1488 3601; x_wconf 87' lang='lat' dir='ltr'><strong>noster,</strong></span> <span class='ocrx_word' id='word_1_371' title='bbox 1507 3526 1822 3605; x_wconf 84' lang='lat' dir='ltr'><strong>quatenus</strong></span> <span class='ocrx_word' id='word_1_372' title='bbox 1846 3543 1961 3606; x_wconf 92' lang='lat' dir='ltr'><strong>pro</strong></span> <span class='ocrx_word' id='word_1_373' title='bbox 1984 3522 2170 3588; x_wconf 90' lang='lat' dir='ltr'><strong>nobis</strong></span> <span class='ocrx_word' id='word_1_374' title='bbox 2186 3522 2479 3606; x_wconf 87' lang='lat' dir='ltr'><strong>justitiae</strong></span> <span class='ocrx_word' id='word_1_375' title='bbox 2496 3524 2747 3591; x_wconf 87' lang='lat' dir='ltr'><strong>divinae</strong></span> <span class='ocrx_word' id='word_1_376' title='bbox 2764 3527 3077 3595; x_wconf 88' lang='lat' dir='ltr'><strong>satisfecit</strong></span> 
     </span>
     <span class='ocr_line' id='line_1_36' title="bbox 130 3607 3079 3700; baseline 0.002 -24"><span class='ocrx_word' id='word_1_377' title='bbox 130 3633 387 3697; x_wconf 86' lang='lat' dir='ltr'><strong>poenas</strong></span> <span class='ocrx_word' id='word_1_378' title='bbox 433 3614 684 3675; x_wconf 88' lang='lat' dir='ltr'><strong>nostras</strong></span> <span class='ocrx_word' id='word_1_379' title='bbox 731 3607 1010 3673; x_wconf 89' lang='lat' dir='ltr'><strong>ferendo.</strong></span> <span class='ocrx_word' id='word_1_380' title='bbox 1058 3608 1238 3685; x_wconf 84' lang='lat' dir='ltr'><strong>Quod</strong></span> <span class='ocrx_word' id='word_1_381' title='bbox 1284 3610 1590 3693; x_wconf 87' lang='lat' dir='ltr'><strong>probatur</strong></span> <span class='ocrx_word' id='word_1_382' title='bbox 1635 3632 1747 3675; x_wconf 84' lang='lat' dir='ltr'><strong>sex</strong></span> <span class='ocrx_word' id='word_1_383' title='bbox 1791 3611 2101 3676; x_wconf 89' lang='lat' dir='ltr'><strong>classibus</strong></span> <span class='ocrx_word' id='word_1_384' title='bbox 2148 3615 2686 3694; x_wconf 85' lang='lat' dir='ltr'><strong>argumentorum,</strong></span> <span class='ocrx_word' id='word_1_385' title='bbox 2729 3638 3001 3700; x_wconf 89' lang='lat' dir='ltr'><strong>quarum</strong></span> <span class='ocrx_word' id='word_1_386' title='bbox 3025 3617 3079 3683; x_wconf 93' lang='grc' dir='ltr'><strong>Ι.</strong></span> 
     </span>
     <span class='ocr_line' id='line_1_37' title="bbox 140 3697 3083 3784; baseline 0.002 -17"><span class='ocrx_word' id='word_1_387' title='bbox 140 3700 390 3767; x_wconf 68' lang='lat' dir='ltr'><strong>Classis</strong></span> <span class='ocrx_word' id='word_1_388' title='bbox 425 3699 718 3784; x_wconf 76' lang='lat' dir='ltr'><strong>signatur</strong></span> <span class='ocrx_word' id='word_1_389' title='bbox 761 3718 912 3761; x_wconf 84' lang='lat' dir='ltr'><strong>voce</strong></span> <span class='ocrx_word' id='word_1_390' title='bbox 963 3697 1322 3762; x_wconf 90' lang='lat' dir='ltr'><strong>memoriali</strong></span> <span class='ocrx_word' id='word_1_391' title='bbox 1369 3698 1740 3783; x_wconf 75' lang='lat' dir='ltr'><strong>Propitians</strong></span> <span class='ocrx_word' id='word_1_392' title='bbox 1769 3722 1884 3765; x_wconf 90' lang='lat' dir='ltr'><strong>seu</strong></span> <span class='ocrx_word' id='word_1_393' title='bbox 1912 3700 2287 3766; x_wconf 70' lang='lat' dir='ltr'><strong>concilians:</strong></span> <span class='ocrx_word' id='word_1_394' title='bbox 2316 3698 2461 3765; x_wconf 87' lang='lat' dir='ltr'><strong>Huc</strong></span> <span class='ocrx_word' id='word_1_395' title='bbox 2482 3702 2652 3767; x_wconf 91' lang='lat' dir='ltr'><strong>refer</strong></span> <span class='ocrx_word' id='word_1_396' title='bbox 2674 3705 2888 3769; x_wconf 85' lang='lat' dir='ltr'><strong>omnia</strong></span> <span class='ocrx_word' id='word_1_397' title='bbox 2913 3706 3083 3773; x_wconf 76' lang='lat' dir='ltr'><strong>dicta</strong></span> 
     </span>
     <span class='ocr_line' id='line_1_38' title="bbox 131 3785 3076 3873; baseline 0 -20"><span class='ocrx_word' id='word_1_398' title='bbox 131 3787 538 3873; x_wconf 85' lang='lat' dir='ltr'><strong>Scripturae,</strong></span> <span class='ocrx_word' id='word_1_399' title='bbox 585 3786 696 3853; x_wconf 90' lang='lat' dir='ltr'><strong>ubi</strong></span> <span class='ocrx_word' id='word_1_400' title='bbox 747 3789 1084 3851; x_wconf 86' lang='lat' dir='ltr'><strong>occurrunt</strong></span> <span class='ocrx_word' id='word_1_401' title='bbox 1129 3785 1291 3850; x_wconf 83' lang='lat' dir='ltr'><strong>istae</strong></span> <span class='ocrx_word' id='word_1_402' title='bbox 1337 3791 1452 3851; x_wconf 85' lang='lat' dir='ltr'><strong>aut</strong></span> <span class='ocrx_word' id='word_1_403' title='bbox 1495 3787 1738 3853; x_wconf 84' lang='lat' dir='ltr'><strong>similes</strong></span> <span class='ocrx_word' id='word_1_404' title='bbox 1783 3788 2070 3873; x_wconf 88' lang='lat' dir='ltr'><strong>phrases,</strong></span> <span class='ocrx_word' id='word_1_405' title='bbox 2118 3788 2329 3873; x_wconf 73' lang='lat' dir='ltr'><strong>primo</strong></span> <span class='ocrx_word' id='word_1_406' title='bbox 2375 3788 2738 3851; x_wconf 60' lang='grc' dir='ltr'><strong><em>ἱλάσκεσθαι</em></strong></span> <span class='ocrx_word' id='word_1_407' title='bbox 2756 3834 2773 3865; x_wconf 89' lang='grc'>,</span> <span class='ocrx_word' id='word_1_408' title='bbox 2794 3791 3076 3869; x_wconf 67' lang='grc' dir='ltr'><strong><em>ἱλασμός,</em></strong></span> 
     </span>
     <span class='ocr_line' id='line_1_39' title="bbox 136 3873 3077 3956; baseline 0.002 -20"><span class='ocrx_word' id='word_1_409' title='bbox 136 3878 491 3951; x_wconf 72' lang='grc' dir='ltr'><em>ἱλαστήριον</em></span> <span class='ocrx_word' id='word_1_410' title='bbox 517 3873 713 3941; x_wconf 88' lang='lat' dir='ltr'><strong>Hebr.</strong></span> <span class='ocrx_word' id='word_1_411' title='bbox 739 3890 852 3942; x_wconf 62' lang='grc' dir='ltr'><strong>Ὃ)</strong></span> <span class='ocrx_word' id='word_1_412' title='bbox 879 3874 926 3939; x_wconf 72' lang='grc' dir='ltr'><strong>δι</strong></span> <span class='ocrx_word' id='word_1_413' title='bbox 949 3886 1138 3943; x_wconf 45' lang='lat' dir='ltr'><strong>naxon</strong></span> <span class='ocrx_word' id='word_1_414' title='bbox 1164 3876 1263 3941; x_wconf 72' lang='grc' dir='ltr'><strong>διο.</strong></span> <span class='ocrx_word' id='word_1_415' title='bbox 1289 3877 1468 3942; x_wconf 84' lang='lat' dir='ltr'><strong>Rom.</strong></span> <span class='ocrx_word' id='word_1_416' title='bbox 1504 3877 1684 3941; x_wconf 83' lang='lat'><strong>3.25.</strong></span> <span class='ocrx_word' id='word_1_417' title='bbox 1703 3876 2124 3943; x_wconf 83' lang='lat' dir='ltr'><strong>l..lohan.2.3.</strong></span> <span class='ocrx_word' id='word_1_418' title='bbox 2159 3875 2272 3943; x_wconf 67' lang='lat' dir='ltr'><strong>tte.</strong></span> <span class='ocrx_word' id='word_1_419' title='bbox 2294 3876 3077 3956; x_wconf 57' lang='lat' dir='ltr'><strong>&amp;candavena-«mamm,</strong></span> 
     </span>
     <span class='ocr_line' id='line_1_40' title="bbox 137 3962 3071 4049; baseline 0.002 -24"><span class='ocrx_word' id='word_1_420' title='bbox 137 3962 543 4037; x_wconf 68' lang='grc' dir='ltr'><em>καταλλαγὴ,</em></span> <span class='ocrx_word' id='word_1_421' title='bbox 555 3963 780 4049; x_wconf 75' lang='lat' dir='ltr'><strong>Ephes.</strong></span> <span class='ocrx_word' id='word_1_422' title='bbox 805 3964 868 4029; x_wconf 87' lang='lat'><strong>2.</strong></span> <span class='ocrx_word' id='word_1_423' title='bbox 899 3964 1000 4029; x_wconf 88' lang='grc'><strong>16.</strong></span> <span class='ocrx_word' id='word_1_424' title='bbox 1030 3965 1208 4029; x_wconf 81' lang='lat' dir='ltr'><strong>Rom.</strong></span> <span class='ocrx_word' id='word_1_425' title='bbox 1234 3964 1292 4026; x_wconf 89' lang='lat'><strong>5.</strong></span> <span class='ocrx_word' id='word_1_426' title='bbox 1327 3964 1428 4027; x_wconf 88' lang='grc'><strong>10.</strong></span> <span class='ocrx_word' id='word_1_427' title='bbox 1454 3964 1514 4027; x_wconf 87' lang='grc'><strong>2.</strong></span> <span class='ocrx_word' id='word_1_428' title='bbox 1548 3965 1824 4031; x_wconf 80' lang='lat' dir='ltr'><strong>Corinth.</strong></span> <span class='ocrx_word' id='word_1_429' title='bbox 1854 3966 1915 4030; x_wconf 88' lang='lat'><strong>5.</strong></span> <span class='ocrx_word' id='word_1_430' title='bbox 1954 3966 2057 4031; x_wconf 88' lang='lat'><strong>18.</strong></span> <span class='ocrx_word' id='word_1_431' title='bbox 2086 3966 2189 4030; x_wconf 89' lang='lat'><strong>19.</strong></span> <span class='ocrx_word' id='word_1_432' title='bbox 2224 3966 2443 4044; x_wconf 77' lang='lat' dir='ltr'><strong>Tertia,</strong></span> <span class='ocrx_word' id='word_1_433' title='bbox 2475 3964 2841 4041; x_wconf 74' lang='grc' dir='ltr'><em>εἷρονοποιεῖν,</em></span> <span class='ocrx_word' id='word_1_434' title='bbox 2868 3966 3071 4045; x_wconf 62' lang='grc' dir='ltr'><strong><em>εἵρήνη,</em></strong></span> 
     </span>
     <span class='ocr_line' id='line_1_41' title="bbox 143 4051 3085 4138; baseline 0.001 -17"><span class='ocrx_word' id='word_1_435' title='bbox 143 4056 386 4121; x_wconf 72' lang='grc' dir='ltr'><strong>Οοῑοεε.</strong></span> <span class='ocrx_word' id='word_1_436' title='bbox 443 4054 496 4117; x_wconf 86' lang='lat' dir='ltr'><strong>l.</strong></span> <span class='ocrx_word' id='word_1_437' title='bbox 548 4054 655 4119; x_wconf 86' lang='lat'><strong>20.</strong></span> <span class='ocrx_word' id='word_1_438' title='bbox 708 4052 932 4138; x_wconf 72' lang='lat' dir='ltr'><strong>Ephes.</strong></span> <span class='ocrx_word' id='word_1_439' title='bbox 981 4052 1042 4116; x_wconf 88' lang='lat'><strong>2.</strong></span> <span class='ocrx_word' id='word_1_440' title='bbox 1095 4051 1198 4115; x_wconf 84' lang='lat'><strong>14.</strong></span> <span class='ocrx_word' id='word_1_441' title='bbox 1251 4052 1356 4116; x_wconf 86' lang='lat'><strong>15.</strong></span> <span class='ocrx_word' id='word_1_442' title='bbox 1404 4052 1581 4118; x_wconf 83' lang='lat' dir='ltr'><strong>Rom.</strong></span> <span class='ocrx_word' id='word_1_443' title='bbox 1623 4055 1682 4117; x_wconf 85' lang='lat'><strong>5.</strong></span> <span class='ocrx_word' id='word_1_444' title='bbox 1715 4055 1772 4117; x_wconf 91' lang='lat'><strong>1.</strong></span> <span class='ocrx_word' id='word_1_445' title='bbox 1805 4054 1993 4120; x_wconf 86' lang='lat' dir='ltr'><strong>Hebr.</strong></span> <span class='ocrx_word' id='word_1_446' title='bbox 2026 4054 2127 4118; x_wconf 89' lang='grc'><strong>12.</strong></span> <span class='ocrx_word' id='word_1_447' title='bbox 2155 4054 2259 4117; x_wconf 94' lang='grc'><strong>24.</strong></span> <span class='ocrx_word' id='word_1_448' title='bbox 2286 4054 2356 4117; x_wconf 76' lang='lat' dir='ltr'><strong>Si</strong></span> <span class='ocrx_word' id='word_1_449' title='bbox 2380 4052 3085 4123; x_wconf 79' lang='lat' dir='ltr'><strong>Mediator&amp;Servator</strong></span> 
     </span>
     <span class='ocr_line' id='line_1_42' title="bbox 139 4140 3081 4228; baseline 0.002 -22"><span class='ocrx_word' id='word_1_450' title='bbox 139 4148 366 4208; x_wconf 88' lang='lat' dir='ltr'><strong>noster</strong></span> <span class='ocrx_word' id='word_1_451' title='bbox 389 4144 492 4207; x_wconf 88' lang='lat' dir='ltr'><strong>est</strong></span> <span class='ocrx_word' id='word_1_452' title='bbox 513 4145 640 4224; x_wconf 73' lang='lat' dir='ltr'><strong>qna</strong></span> <span class='ocrx_word' id='word_1_453' title='bbox 669 4140 1022 4225; x_wconf 90' lang='lat' dir='ltr'><strong>propitians</strong></span> <span class='ocrx_word' id='word_1_454' title='bbox 1047 4144 1161 4205; x_wconf 89' lang='lat' dir='ltr'><strong>aut</strong></span> <span class='ocrx_word' id='word_1_455' title='bbox 1182 4140 1624 4207; x_wconf 87' lang='lat' dir='ltr'><strong>reconcilians:</strong></span> <span class='ocrx_word' id='word_1_456' title='bbox 1643 4163 1797 4227; x_wconf 91' lang='lat' dir='ltr'><strong>ergo</strong></span> <span class='ocrx_word' id='word_1_457' title='bbox 1826 4142 2292 4219; x_wconf 80' lang='lat' dir='ltr'><strong>satisfaciendO,</strong></span> <span class='ocrx_word' id='word_1_458' title='bbox 2332 4142 2379 4207; x_wconf 63' lang='grc' dir='ltr'><strong><em>ἃ</em></strong></span> <span class='ocrx_word' id='word_1_459' title='bbox 2406 4143 2703 4208; x_wconf 89' lang='lat' dir='ltr'><strong>merendo</strong></span> <span class='ocrx_word' id='word_1_460' title='bbox 2728 4166 2846 4228; x_wconf 92' lang='lat' dir='ltr'><strong>pro</strong></span> <span class='ocrx_word' id='word_1_461' title='bbox 2876 4148 3081 4213; x_wconf 89' lang='lat' dir='ltr'><strong>nobis.</strong></span> 
     </span>
     <span class='ocr_line' id='line_1_43' title="bbox 143 4224 3081 4322; baseline -0.002 -28"><span class='ocrx_word' id='word_1_462' title='bbox 143 4228 232 4295; x_wconf 91' lang='lat' dir='ltr'><strong>II.</strong></span> <span class='ocrx_word' id='word_1_463' title='bbox 288 4230 530 4297; x_wconf 70' lang='lat' dir='ltr'><strong>Classis</strong></span> <span class='ocrx_word' id='word_1_464' title='bbox 568 4230 862 4314; x_wconf 83' lang='lat' dir='ltr'><strong>signatur</strong></span> <span class='ocrx_word' id='word_1_465' title='bbox 885 4250 1036 4293; x_wconf 79' lang='lat' dir='ltr'><strong>voce</strong></span> <span class='ocrx_word' id='word_1_466' title='bbox 1063 4249 1370 4315; x_wconf 73' lang='lat' dir='ltr'><strong>puryans.</strong></span> <span class='ocrx_word' id='word_1_467' title='bbox 1419 4228 1564 4294; x_wconf 90' lang='lat' dir='ltr'><strong>Huc</strong></span> <span class='ocrx_word' id='word_1_468' title='bbox 1588 4229 1757 4294; x_wconf 74' lang='lat' dir='ltr'><strong>refer</strong></span> <span class='ocrx_word' id='word_1_469' title='bbox 1775 4230 1987 4315; x_wconf 81' lang='lat' dir='ltr'><strong>primo</strong></span> <span class='ocrx_word' id='word_1_470' title='bbox 2010 4228 2208 4303; x_wconf 76' lang='grc' dir='ltr'><strong><em>λούειν,</em></strong></span> <span class='ocrx_word' id='word_1_471' title='bbox 2234 4228 2555 4305; x_wconf 74' lang='grc' dir='ltr'><em>ἁπολούειν,</em></span> <span class='ocrx_word' id='word_1_472' title='bbox 2588 4224 2888 4311; x_wconf 69' lang='grc' dir='ltr'><em>ῥαπίζειν,</em></span> <span class='ocrx_word' id='word_1_473' title='bbox 2912 4238 3081 4322; x_wconf 74' lang='lat' dir='ltr'><strong>Apo.</strong></span> 
     </span>
     <span class='ocr_line' id='line_1_44' title="bbox 143 4316 3082 4408; baseline 0.002 -24"><span class='ocrx_word' id='word_1_474' title='bbox 143 4322 254 4386; x_wconf 85' lang='lat' dir='ltr'><strong>cal.</strong></span> <span class='ocrx_word' id='word_1_475' title='bbox 299 4323 360 4385; x_wconf 91' lang='grc'><strong>1.</strong></span> <span class='ocrx_word' id='word_1_476' title='bbox 398 4318 458 4382; x_wconf 86' lang='grc'><strong>5.</strong></span> <span class='ocrx_word' id='word_1_477' title='bbox 493 4321 548 4384; x_wconf 95' lang='grc'><strong>1.</strong></span> <span class='ocrx_word' id='word_1_478' title='bbox 579 4317 857 4385; x_wconf 70' lang='lat' dir='ltr'><strong>Corinth.</strong></span> <span class='ocrx_word' id='word_1_479' title='bbox 899 4318 960 4383; x_wconf 89' lang='grc'><strong>6.</strong></span> <span class='ocrx_word' id='word_1_480' title='bbox 1005 4318 1110 4385; x_wconf 93' lang='grc'><strong>11.</strong></span> <span class='ocrx_word' id='word_1_481' title='bbox 1143 4318 1200 4382; x_wconf 93' lang='grc'><strong>1.</strong></span> <span class='ocrx_word' id='word_1_482' title='bbox 1228 4317 1398 4383; x_wconf 77' lang='lat' dir='ltr'><strong>Petr.</strong></span> <span class='ocrx_word' id='word_1_483' title='bbox 1432 4320 1488 4381; x_wconf 94' lang='grc'><strong>1.</strong></span> <span class='ocrx_word' id='word_1_484' title='bbox 1515 4318 1576 4382; x_wconf 92' lang='grc'><strong>2.</strong></span> <span class='ocrx_word' id='word_1_485' title='bbox 1604 4316 1836 4383; x_wconf 86' lang='lat' dir='ltr'><strong>Confer</strong></span> <span class='ocrx_word' id='word_1_486' title='bbox 1868 4319 2039 4383; x_wconf 88' lang='lat' dir='ltr'><strong>infra</strong></span> <span class='ocrx_word' id='word_1_487' title='bbox 2070 4320 2337 4393; x_wconf 71' lang='lat' dir='ltr'><strong>classem</strong></span> <span class='ocrx_word' id='word_1_488' title='bbox 2368 4324 2665 4404; x_wconf 87' lang='lat' dir='ltr'><strong>quartam</strong></span> <span class='ocrx_word' id='word_1_489' title='bbox 2696 4325 2743 4389; x_wconf 81' lang='lat'><strong>&amp;</strong></span> <span class='ocrx_word' id='word_1_490' title='bbox 2769 4324 3082 4408; x_wconf 88' lang='lat' dir='ltr'><strong>quintam.</strong></span> 
     </span>
     <span class='ocr_line' id='line_1_45' title="bbox 143 4404 3079 4493; baseline -0.001 -19"><span class='ocrx_word' id='word_1_491' title='bbox 143 4404 258 4474; x_wconf 88' lang='grc' dir='ltr'><strong>ΠΙ.</strong></span> <span class='ocrx_word' id='word_1_492' title='bbox 315 4407 556 4474; x_wconf 72' lang='lat' dir='ltr'><strong>classis</strong></span> <span class='ocrx_word' id='word_1_493' title='bbox 609 4406 906 4491; x_wconf 88' lang='lat' dir='ltr'><strong>signatur</strong></span> <span class='ocrx_word' id='word_1_494' title='bbox 965 4428 1113 4472; x_wconf 87' lang='lat' dir='ltr'><strong>voce</strong></span> <span class='ocrx_word' id='word_1_495' title='bbox 1159 4407 1494 4483; x_wconf 72' lang='lat' dir='ltr'><strong>redimens,</strong></span> <span class='ocrx_word' id='word_1_496' title='bbox 1541 4405 1684 4472; x_wconf 89' lang='lat' dir='ltr'><strong>Huc</strong></span> <span class='ocrx_word' id='word_1_497' title='bbox 1741 4407 1911 4472; x_wconf 87' lang='lat' dir='ltr'><strong>refer</strong></span> <span class='ocrx_word' id='word_1_498' title='bbox 1970 4408 2182 4493; x_wconf 77' lang='lat' dir='ltr'><strong>primo</strong></span> <span class='ocrx_word' id='word_1_499' title='bbox 2220 4406 2597 4486; x_wconf 55' lang='lat' dir='ltr'><strong>,cim-ommim,</strong></span> <span class='ocrx_word' id='word_1_500' title='bbox 2652 4408 3079 4488; x_wconf 64' lang='grc' dir='ltr'><strong>ἀπολύτρωσις,</strong></span> 
     </span>
    </p>

    <p class='ocr_par' dir='ltr' id='par_1_7' title="bbox 2853 4499 3081 4577">
     <span class='ocr_line' id='line_1_46' title="bbox 2853 4499 3081 4577; baseline -0.009 -17"><span class='ocrx_word' id='word_1_501' title='bbox 2853 4499 3081 4577; x_wconf 69' lang='grc' dir='ltr'><strong>λύτρον,</strong></span> 
     </span>
    </p>
   </div>
  </div>
 </body>
</html>
