3694 4871
337 323 575 390 Dlsr.
620 319 759 388 VI.
806 315 925 382 Da
969 313 1677 388 ΡιιοΡΑοΑτιοιιιι
1723 321 2116 387 Pacori-1
2163 319 2741 389 On1c11ums
2883 324 3006 390 161

100 515 309 580 sectar-
354 508 847 612 Difficuttatibus
895 504 1207 593 plerisque
1245 509 1389 593 Jam
1436 509 1611 574 tactis
1654 507 1921 592 subjecta
1951 521 2166 576 manet
2195 510 2409 595 opinio
2451 510 2670 578 Vedelii
2701 511 2772 576 in
2795 531 3007 595 opusc.

99 601 390 687 theoloyic.
414 600 614 679 novis,
638 598 794 664 ubi
772 615 845 662 m
865 606 1098 682 quaest.
1126 598 1556 663 controversiis
1579 599 1655 662 de
1678 599 1809 664 Deo
1839 596 1903 664 8
1925 599 2231 666 creatione
2249 619 2397 701 paq.
2422 599 2574 665 226.
2599 600 2686 665 sic
2709 600 3012 687 loquitur:

98 690 291 776 quoad
337 688 744 773 posteriorem
780 688 1031 771 partem
1056 684 1301 764 (scilicet
1326 687 1663 772 positivam
1694 688 2160 772 corruptionem
2185 689 2372 754 totius
2394 689 2685 772 naturae)
2713 693 3010 772 parentes

100 780 403 846 mediante
426 798 537 842 seu
561 778 937 860 cooperante
961 772 1175 838 anima
1198 797 1333 852 sua,
1360 797 1525 859 quae
1550 777 1679 840 vim
1706 777 2052 879 generandi
2075 776 2271 842 habet
2293 778 2650 861 producunt
2669 798 2892 861 corpus
2909 777 3011 841 in-

96 867 281 935 fantis
326 867 372 932 8⁶
394 887 509 950 per
544 866 704 930 illud
734 862 1025 928 inficiunt
1048 865 1329 929 animam
1351 864 1545 929 illius.
1593 864 1681 929 Et
1714 865 1803 930 sic
1826 865 1908 930 ab
1934 865 2150 932 anima
2185 870 2525 950 parentum
2549 865 2849 945 inficitur,
2875 869 2951 930 ut
2973 888 3012 930 a

100 977 277 1024 causa
290 954 650 1038 principali,
671 957 985 1036 acorpore
1000 955 1075 1014 ut
1092 975 1281 1018 causa
1296 953 1773 1018 instrumentali
1790 955 2041 1018 animae
2056 958 2416 1038 parentum.
2439 953 2586 1020 VII.
2603 958 2876 1020 consect.
2897 956 3017 1022 Nec

98 1043 387 1128 satisfacit
409 1042 719 1110 distinctio
743 1040 1073 1126 Alagona
1054 1065 1120 1106 ιιι
1137 1042 1509 1125 compendio
1533 1065 1819 1107 summae
1843 1041 2130 1108 Thomae
2151 1043 2209 1107 1.
2230 1044 2290 1108 2.
2310 1065 2372 1127 q.
2399 1044 2504 1108 83.
2531 1048 2652 1109 art.
2677 1045 2734 1110 l.
2754 1044 3018 1111 Animae

102 1133 351 1220 infusio,
367 1143 439 1198 ut
460 1131 607 1198 dicit
628 1131 915 1197 ordinem
938 1130 1024 1194 ad
1047 1131 1275 1205 Deum,
1293 1151 1427 1196 non
1448 1143 1535 1196 est
1566 1151 1756 1198 causa
1775 1133 2026 1216 peccati,
2048 1133 2204 1198 sicut
2226 1153 2338 1197 nec
2359 1133 2574 1210 Deus;
2589 1134 2737 1198 scd
2711 1153 2783 1197 ιη
2798 1132 3018 1198 ordine

100 1225 177 1289 ad
189 1241 460 1295 carnem,
478 1243 623 1287 cum
628 1218 1032 1322 infunditur,
1058 1221 1163 1285 sic.
1192 1221 1359 1284 Item'
1362 1221 1589 1285 metius
1610 1231 1697 1285 est
1722 1232 1789 1287 ut
1806 1223 1888 1287 stt
1903 1241 2158 1306 corpore
2172 1233 2486 1306 corrupto,
2505 1243 2701 1308 quam
2715 1241 3018 1287 nonesse:

100 1312 361 1378 maxime
388 1327 533 1376 cum
556 1310 749 1395 possit
767 1328 883 1393 per
901 1309 1174 1392 9ratiam
1198 1309 1525 1375 mundari.
1574 1308 1719 1373 Res.
1744 1309 1892 1375 haec
1911 1311 2124 1394 opinio
2146 1309 2371 1376 iisdem
2393 1311 2803 1395 arqumcntis,
2832 1310 3014 1396 [pag.

106 1401 295 1486 1104]
345 1397 577 1484 quibus
617 1397 1061 1482 praecedentes,
1110 1397 1260 1480 quia
1306 1399 1759 1498 praesupponit
1804 1419 2058 1463 carnem
2103 1419 2218 1483 per
2263 1420 2345 1478 se,
2400 1396 2463 1464 8
2484 1401 2765 1478 seorsim,
2788 1399 3021 1484 absque

106 1491 315 1555 anima
359 1505 489 1552 esse
529 1487 870 1570 subjectum
908 1486 1327 1588 corruptionis
1368 1488 1860 1570 peccaminosae:
1910 1487 2068 1552 Inde
2096 1487 2415 1552 derivari
2391 1507 2462 1552 in
2482 1489 2793 1565 animam,
2820 1486 2881 1553 8
2905 1507 3021 1571 per

100 1579 270 1662 prius
314 1575 489 1660 infici
516 1575 843 1642 essentiam
866 1574 1137 1650 animae,
1165 1595 1239 1640 ac
1259 1575 1482 1640 deinde
1500 1575 1807 1658 potentias
1830 1577 1872 1640 ὰ
1895 1587 2192 1660 corrupta
2215 1595 2421 1641 carne.
2446 1574 2758 1641 Addimus
2787 1576 3017 1641 distin-

103 1669 349 1732 ctionem
396 1668 602 1751 ipsam
628 1664 971 1748 infusionis
992 1664 1246 1729 animae
1268 1665 1339 1728 in
1368 1664 1589 1729 ordine
1606 1663 1694 1728 ad
1715 1665 1948 1746 Deum,
1970 1663 2033 1731 8
2055 1665 2124 1730 in
2147 1665 2369 1730 ordine
2389 1665 2475 1730 ad
2504 1685 2778 1744 carnem,
2801 1665 3020 1731 obscu-

106 1757 270 1822 ritate
296 1752 360 1821 ἃ
390 1753 749 1834 ἀκυρολογίᾳ
772 1755 877 1839 (ne
900 1753 1055 1839 quid
1075 1752 1335 1838 9-ravius
1358 1753 1591 1830 dicam)
1625 1752 1928 1819 laborare.
1957 1753 2028 1820 Si
2049 1754 2220 1820 enim
2245 1765 2399 1819 recte
2420 1753 2545 1818 dici
2561 1765 2780 1838 potest,
2808 1755 3017 1820 Deum

106 1845 417 1928 infusione
459 1863 579 1908 sua
624 1843 695 1906 in
732 1841 953 1908 ordine
973 1843 1059 1907 ad
1080 1861 1355 1920 carnem,
1380 1843 1453 1906 in
1474 1863 1667 1926 quam
1692 1842 1977 1906 animam
2003 1842 2306 1926 refundit,
2333 1863 2458 1908 esse
2479 1863 2740 1908 causam
2757 1841 2989 1926 peccati
3000 1865 3022 1906 .-

105 1933 403 2018 quomodo
450 1931 595 2017 pari
642 1930 882 1996 ratione
924 1931 1047 1996 dici
1070 1951 1203 1995 non
1225 1931 1419 2015 possit
1445 1931 1653 1996 Deum
1679 1931 2002 2014 infusione
2028 1928 2091 1996 8
2113 1931 2500 2016 inpressione
2518 1930 2756 2015 qratiae
2775 1931 3024 2014 primae

108 2021 164 2086 ἃ·
182 2021 487 2088 secundae
509 2021 579 2085 in
595 2019 911 2084 hominem
934 2031 1305 2122 peccatorem
1328 2030 1440 2085 aut
1464 2020 1896 2103 imperfectum
1919 2041 2049 2085 esse
2069 2041 2328 2086 causam
2347 2020 2594 2121 peccati,
2621 2039 2753 2084 non
2768 2019 3024 2120 quidem

110 2110 171 2174 in
192 2111 413 2175 ordine
440 2110 526 2174 ad
550 2109 777 2191 Deum,
802 2109 955 2173 sed
932 2129 1002 2173 m
1033 2108 1251 2173 ordine
1273 2107 1359 2172 ad
1380 2107 1721 2186 hominem,
1746 2131 1797 2174 e.
1819 2129 1917 2193 qr.
1945 2109 2231 2189 Petrum,
2257 2108 2360 2173 cui
2380 2109 2584 2194 9ratia
2607 2107 3025 2191 imprimitur.

114 2199 284 2280 Quod
326 2201 384 2264 si
432 2199 651 2275 nostri,
697 2197 770 2261 in
791 2197 1204 2262 controversia
1226 2196 1301 2261 de
1333 2217 1594 2280 operum
1618 2209 1984 2263 nostrorum
2015 2196 2077 2262 8
2099 2197 2606 2284 sanctificationis
2627 2209 2879 2261 nostrae
2901 2196 3023 2262 im·

109 2289 471 2371 perfectione
514 2287 583 2350 in
626 2285 743 2350 hac
784 2287 913 2350 vita
939 2285 1099 2372 (deq
1100 2307 1191 2351 ua
1210 2285 1349 2350 vide
1373 2284 1575 2349 Bezae
1598 2286 1905 2351 eximium
1936 2289 2119 2351 tract.
2146 2288 2191 2352 a
2209 2297 2350 2370 post
2372 2306 2516 2350 cum
2540 2283 2926 2349 Davenantii
2950 2284 3026 2348 de

110 2374 149 2439 J
150 2373 595 2461 ustificatione)
638 2374 961 2454 dixissent,
1008 2375 1481 2460 Impressioncm
1526 2374 1774 2441 divinae
1815 2377 2056 2461 qratiac
2099 2396 2209 2441 scu
2251 2374 2515 2461 spiritus
2545 2394 2596 2440 3.
2621 2394 2746 2440 esse
2769 2393 3028 2441 causam

111 2466 327 2547 peceati
376 2463 445 2530 8
488 2463 754 2550 defectus
799 2465 1146 2548 culpabilis,
1192 2475 1263 2529 ut
1310 2463 1455 2529 dicit
1486 2466 1773 2529 ordinem
1808 2465 1897 2529 ad
1929 2465 2242 2530 hominem
2265 2476 2640 2567 corruptum
2663 2474 2774 2529 aut
2796 2464 3028 2547 imper-

110 2552 345 2637 fectum,
372 2553 637 2618 totaliter
657 2563 767 2617 aut
790 2574 867 2618 ex
890 2565 1073 2638 parte
1094 2555 1427 2629 carnalem,
1454 2548 1558 2617 cui
1578 2554 1784 2637 qratia
1806 2554 2180 2638 infunditur
2199 2565 2310 2620 aut
2332 2553 2728 2637 imprimitur
2749 2572 2882 2617 non
2903 2572 3030 2617 esse

111 2662 353 2708 causam
396 2643 647 2727 peccati.
695 2652 765 2707 ut
809 2642 955 2707 dicit
978 2643 1265 2707 ordinem
1286 2642 1374 2707 ad
1396 2642 1640 2708 Deum.-
1662 2662 1753 2707 an
1774 2662 1908 2707 non
1929 2644 2272 2709 clamarent
2293 2643 2506 2708 Deum
2527 2642 2722 2706 statui
2745 2650 3027 2707 autorem

112 2732 345 2813 peccati.
392 2728 517 2795 HL
573 2728 803 2797 Concl.
824 2729 1127 2794 Animam
1166 2730 1367 2814 patris
1414 2730 1813 2814 producendo
1849 2732 2128 2796 animam
2155 2730 2335 2811 Titii,
2360 2734 2472 2794 aut
2503 2750 2876 2813 quacunque
2901 2728 3032 2794 alia

114 2820 378 2898 traduce,
404 2819 613 2883 velex
642 2819 883 2883 semine
915 2820 1189 2902 quodam
1212 2818 1532 2902 spirituali
1557 2818 1645 2885 ἃ
1625 2841 1994 2903 incorporeo
2018 2820 2109 2885 sic
2141 2819 2518 2905 (Briylttus
2495 2839 2560 2884 m
2601 2818 2844 2905 physic.
2873 2818 3034 2885 Scri·

116 2905 295 2991 bonii)
318 2930 451 2972 non
477 2929 611 2971 esse
636 2929 893 2972 causam
922 2908 1112 2992 hujus
1137 2908 1400 2992 peccati,
1424 2910 1497 2971 ut
1526 2907 1860 2972 voluerunt
1883 2907 2289 2989 Luciferiani,
2323 2910 2369 2975 δι
2399 2908 2688 2992 plerique
2705 2907 3030 2971 doctorum

120 2992 634 3074 occidentalium,
682 2996 830 3061 testi
854 2997 1222 3082 Hieronym.
1246 2997 1333 3061 ad
1354 2997 1694 3062 Marcellin.
1736 2993 1799 3061 8
1827 2996 2331 3083 Anapsychiam·
2310 3046 2325 3062 .
2369 3018 2641 3080 quorum
2671 2995 3029 3079 opinionem

118 3084 448 3170 impugnat
490 3085 661 3168 epist.
708 3085 795 3149 ad
842 3084 1213 3151 Pammach.
1260 3096 1477 3149 contra
1520 3085 1656 3150 Joh.
1704 3086 2121 3152 Hierosolmit.
2146 3086 2193 3150 δι
2215 3087 2459 3170 apoloy.
2486 3085 2547 3147 2.
2578 3086 2648 3150 in
2672 3085 3034 3171 Rusfinum,

118 3174 395 3255 quamvis
416 3174 811 3258 Auyustinus
834 3172 1117 3253 fluctuet,
1145 3177 1217 3238 ut
1240 3177 1489 3238 constat
1514 3176 1654 3239 exl.
1683 3175 1745 3237 2.
1770 3179 2018 3240 retract.
2041 3195 2094 3239 e.
2121 3175 2224 3239 56.
2256 3173 2321 3240 8
2343 3174 2445 3241 lib.
2471 3173 2570 3237 10.
2599 3173 2674 3238 de
2702 3174 2916 3240 Genes.
2941 3173 3028 3236 ad

118 3262 350 3327 litera-m
372 3264 423 3328 a
442 3261 546 3329 tib.
575 3262 650 3328 dc
671 3263 911 3347 oriqine
932 3263 1214 3328 Animae.
1241 3260 1477 3326 Totum
1500 3262 1621 3327 hoc
1643 3262 1996 3341 inventum,
2022 3263 2191 3346 quod
2213 3264 2294 3327 ab
2315 3262 2638 3328 hodiernis
2654 3260 3036 3325 Lutheranis

119 3348 397 3434 adoptari
442 3350 695 3415 videtur
738 3351 967 3415 nititur
1012 3350 1195 3416 falsis
1240 3350 1371 3415 illis
1416 3350 1900 3435 hypothesibus
1953 3350 2441 3416 Generationem
2487 3349 2767 3450 positam
2808 3370 2943 3412 esse
2968 3347 3036 3410 in

120 3439 519 3519 productione
564 3438 935 3504 formarum.
970 3440 1165 3517 Quod
1213 3440 1353 3504 vide
1400 3438 1751 3504 refutatum
1800 3461 1837 3503 a
1884 3438 2315 3520 ScholasticiS,
2362 3442 2409 3506 δι
2438 3434 2893 3503 recentioribus
2925 3434 3036 3518 qui

122 3546 192 3589 ex
218 3526 346 3591 illis
371 3527 927 3612 philosophantur,
960 3528 1262 3593 Animam
1286 3550 1423 3592 esse
1456 3528 1882 3611 adaequatum
1913 3528 2266 3611 subjectum
2297 3526 2558 3612 peccati.
2607 3525 2789 3602 Quod
2814 3544 3034 3608 quam

122 3613 210 3679 vis
270 3617 649 3683 Wittakerus
676 3616 778 3682 lib.
804 3615 855 3681 I.
881 3638 930 3683 c.
959 3618 1021 3681 8.
1054 3620 1273 3682 contra
1298 3615 1662 3681 Pontificios
1694 3621 1941 3701 urgeat,
1965 3620 2136 3682 recte
2157 3620 2375 3682 tamen
2398 3615 2786 3695 corrigitur
2762 3636 2800 3677 a
2830 3612 3037 3681 Pareo

122 3722 189 3786 pn
232 3706 411 3771 Rom.
462 3706 523 3769 5.
568 3726 628 3771 v.
680 3706 784 3770 12.
827 3727 894 3790 p.
922 3706 1073 3769 492.
1120 3704 1207 3769 Et
1229 3708 1585 3806 peccatum
1582 3726 1717 3769 esse
1742 3705 2086 3788 positivam
2108 3703 2504 3788 qualitatem,
2532 3704 2646 3766 aut
2667 3722 3036 3785 corporeum

127 3793 431 3874 quoddam
461 3794 849 3878 contagium,
876 3794 1043 3877 quod
1067 3793 1243 3878 prius
1275 3792 1401 3857 sit
1383 3816 1451 3857 ιιι
1482 3792 1717 3872 anima,
1734 3793 1923 3857 inde'
1905 3816 1972 3857 ιιι
1995 3814 2220 3877 corpus
2244 3795 2549 3870 transeat,
2574 3790 2622 3856 δι
2638 3790 2734 3854 illi
2757 3811 3039 3854 commu-

126 3878 378 3945 nicetur.
428 3880 577 3947 Non
623 3882 904 3967 produc-i,
953 3886 1064 3947 aut
1114 3903 1241 3945 non
1288 3903 1471 3965 posse
1498 3882 1758 3965 produci
1789 3882 2071 3946 animam
2095 3881 2442 3946 humanam
2463 3902 2580 3964 per
2605 3878 3040 3943 immediatam

129 3966 240 4032 Dei
274 3971 683 4037 creationem.
732 3970 907 4047 Quae
955 3971 1169 4036 omnia
1216 3992 1361 4035 cum
1392 3970 1594 4055 gratis
1616 3974 2231 4054 praesupponantur,
2259 3970 2478 4033 eadem
2502 3967 2818 4032 facilitare
2841 3986 3041 4050 nega-

129 4077 277 4123 mus.
348 4058 806 4143 Praeterquam
868 4060 1035 4143 quod
1094 4059 1341 4123 nullam
1386 4062 1625 4123 certam
1669 4059 1995 4123 traducem
2042 4059 2356 4142 explicare
2402 4056 2648 4143 possint
2693 4053 3041 4120 adversarii

132 4147 455 4213 creationis
481 4148 857 4228 animarum,
883 4147 1172 4232 quamvis
1196 4147 1265 4211 in
1286 4148 1565 4231 quinque
1597 4152 1800 4212 sectas
1824 4146 2032 4225 divisi,
2058 4147 2338 4231 quinque
2355 4147 2574 4211 modos
2598 4144 3042 4229 excogitarint‚

133 4254 279 4316 quos
323 4258 543 4302 omnes
566 4237 878 4303 refutatos
909 4237 1050 4302 vide
1082 4237 1277 4339 apud·
1275 4238 1514 4302 Baron.
1543 4238 1652 4303 loc.
1678 4238 1772 4302 cit.
1800 4235 1918 4301 IV.
1957 4237 2158 4303 Conct
2185 4234 2598 4319 Relinquitur
2625 4256 2778 4319 ergo
2801 4233 3046 4297 nullam

134 4323 313 4390 aliam
360 4347 499 4391 esse
544 4327 1017 4411 particularem,
1063 4325 1387 4411 propriam
1436 4328 1483 4393 δι
1520 4326 1880 4409 proximam
1905 4346 2163 4389 causam
2188 4323 2570 4390 efficientem
2595 4321 3046 4410 (deficientem)

134 4414 364 4494 peccati
413 4415 766 4501 originalis,
823 4438 1017 4501 quam
1064 4437 1378 4501 quemque
1410 4414 1754 4496 hominem,
1779 4414 1846 4479 in
1873 4436 1998 4498 quo
2022 4419 2120 4479 est
2144 4418 2474 4499 peccatum
2497 4413 2830 4499 originale,
2856 4411 3046 4494 idque

1547 4510 1575 4566 1
1592 4510 1622 4565 1
1723 4533 1733 4546 ·
2935 4518 3051 4581 per
