<?xml version="1.0" encoding="UTF-8"?>
<!DOCTYPE html PUBLIC "-//W3C//DTD XHTML 1.0 Transitional//EN"
    "http://www.w3.org/TR/xhtml1/DTD/xhtml1-transitional.dtd">
<html xmlns="http://www.w3.org/1999/xhtml" xml:lang="en" lang="en">
 <head>
  <title>
</title>
<meta http-equiv="Content-Type" content="text/html;charset=utf-8" />
  <meta name='ocr-system' content='tesseract 3.04.00' />
  <meta name='ocr-capabilities' content='ocr_page ocr_carea ocr_par ocr_line ocrx_word'/>
</head>
<body>
  <div class='ocr_page' id='page_1' title='image "./selectarumdispu00kuypgoog_0038.png"; bbox 0 0 3694 4871; ppageno 0'>
   <div class='ocr_carea' id='block_1_1' title="bbox 1272 269 3136 340">
    <p class='ocr_par' dir='ltr' id='par_1_1' title="bbox 1272 269 3136 340">
     <span class='ocr_line' id='line_1_1' title="bbox 1272 269 3136 340; baseline 0.002 -4"><span class='ocrx_word' id='word_1_1' title='bbox 1272 293 1355 336; x_wconf 73' lang='lat' dir='ltr'><strong>IN</strong></span> <span class='ocrx_word' id='word_1_2' title='bbox 1422 271 1715 336; x_wconf 74' lang='lat' dir='ltr'><strong>Ranus</strong></span> <span class='ocrx_word' id='word_1_3' title='bbox 1786 269 2072 336; x_wconf 71' lang='lat' dir='ltr'><strong>Flnm.</strong></span> <span class='ocrx_word' id='word_1_4' title='bbox 3099 277 3136 340; x_wconf 90' lang='lat'>7</span> 
     </span>
    </p>
   </div>
   <div class='ocr_carea' id='block_1_2' title="bbox 174 456 3138 4511">
    <p class='ocr_par' dir='ltr' id='par_1_2' title="bbox 174 456 3138 4511">
     <span class='ocr_line' id='line_1_2' title="bbox 176 456 3134 545; baseline 0.002 -23"><span class='ocrx_word' id='word_1_5' title='bbox 176 456 392 542; x_wconf 79' lang='lat' dir='ltr'><strong>patri,</strong></span> <span class='ocrx_word' id='word_1_6' title='bbox 424 459 585 524; x_wconf 87' lang='lat' dir='ltr'><strong>duae</strong></span> <span class='ocrx_word' id='word_1_7' title='bbox 603 463 873 523; x_wconf 83' lang='lat' dir='ltr'><strong>naturae</strong></span> <span class='ocrx_word' id='word_1_8' title='bbox 904 460 971 522; x_wconf 90' lang='lat' dir='ltr'><strong>in</strong></span> <span class='ocrx_word' id='word_1_9' title='bbox 998 481 1125 523; x_wconf 88' lang='lat' dir='ltr'><strong>una</strong></span> <span class='ocrx_word' id='word_1_10' title='bbox 1146 479 1415 542; x_wconf 86' lang='lat' dir='ltr'><strong>persona</strong></span> <span class='ocrx_word' id='word_1_11' title='bbox 1440 456 1679 523; x_wconf 82' lang='lat' dir='ltr'><strong>Christi</strong></span> <span class='ocrx_word' id='word_1_12' title='bbox 1704 457 2150 538; x_wconf 73' lang='lat' dir='ltr'>essentialiter,</span> <span class='ocrx_word' id='word_1_13' title='bbox 2183 458 2512 523; x_wconf 71' lang='lat' dir='ltr'><strong>inconfuse</strong></span> <span class='ocrx_word' id='word_1_14' title='bbox 2538 460 2640 526; x_wconf 74' lang='lat' dir='ltr'><strong>&amp;c-</strong></span> <span class='ocrx_word' id='word_1_15' title='bbox 2665 481 2819 545; x_wconf 88' lang='lat' dir='ltr'><strong>ergo</strong></span> <span class='ocrx_word' id='word_1_16' title='bbox 2846 482 2960 545; x_wconf 89' lang='lat' dir='ltr'><strong>per</strong></span> <span class='ocrx_word' id='word_1_17' title='bbox 2982 483 3134 527; x_wconf 88' lang='lat' dir='ltr'><strong>con·</strong></span> 
     </span>
     <span class='ocr_line' id='line_1_3' title="bbox 174 545 3134 632; baseline 0.001 -21"><span class='ocrx_word' id='word_1_18' title='bbox 174 547 599 632; x_wconf 74' lang='lat' dir='ltr'><strong>sequentiam</strong></span> <span class='ocrx_word' id='word_1_19' title='bbox 646 548 789 612; x_wconf 90' lang='lat' dir='ltr'><strong>inde</strong></span> <span class='ocrx_word' id='word_1_20' title='bbox 838 547 1157 612; x_wconf 88' lang='lat' dir='ltr'><strong>educenda</strong></span> <span class='ocrx_word' id='word_1_21' title='bbox 1202 552 1368 612; x_wconf 88' lang='lat' dir='ltr'><strong>sunt.</strong></span> <span class='ocrx_word' id='word_1_22' title='bbox 1417 545 1499 612; x_wconf 90' lang='lat' dir='ltr'><strong>V.</strong></span> <span class='ocrx_word' id='word_1_23' title='bbox 1546 545 1649 612; x_wconf 80' lang='lat' dir='ltr'><strong>Ex</strong></span> <span class='ocrx_word' id='word_1_24' title='bbox 1696 550 1929 611; x_wconf 83' lang='lat' dir='ltr'><strong>natura</strong></span> <span class='ocrx_word' id='word_1_25' title='bbox 1976 546 2389 612; x_wconf 88' lang='lat' dir='ltr'><strong>articulorum</strong></span> <span class='ocrx_word' id='word_1_26' title='bbox 2420 569 2532 612; x_wconf 86' lang='lat' dir='ltr'><strong>seu</strong></span> <span class='ocrx_word' id='word_1_27' title='bbox 2559 547 2933 632; x_wconf 85' lang='lat' dir='ltr'><strong>dogmatum</strong></span> <span class='ocrx_word' id='word_1_28' title='bbox 2960 549 3134 616; x_wconf 87' lang='lat' dir='ltr'><strong>fidei.</strong></span> 
     </span>
     <span class='ocr_line' id='line_1_4' title="bbox 174 634 3132 722; baseline 0.001 -20"><span class='ocrx_word' id='word_1_29' title='bbox 174 635 365 702; x_wconf 85' lang='lat' dir='ltr'><strong>Sunt</strong></span> <span class='ocrx_word' id='word_1_30' title='bbox 396 636 566 700; x_wconf 88' lang='lat' dir='ltr'><strong>enim</strong></span> <span class='ocrx_word' id='word_1_31' title='bbox 590 637 635 702; x_wconf 70' lang='lat' dir='ltr'><strong>a</strong></span> <span class='ocrx_word' id='word_1_32' title='bbox 658 638 827 700; x_wconf 75' lang='lat' dir='ltr'><strong>recte</strong></span> <span class='ocrx_word' id='word_1_33' title='bbox 853 637 1145 700; x_wconf 90' lang='lat' dir='ltr'><strong>dicuntur</strong></span> <span class='ocrx_word' id='word_1_34' title='bbox 1175 635 1635 712; x_wconf 89' lang='lat' dir='ltr'><strong>conclusiones;</strong></span> <span class='ocrx_word' id='word_1_35' title='bbox 1670 639 1737 700; x_wconf 87' lang='lat' dir='ltr'><strong>at</strong></span> <span class='ocrx_word' id='word_1_36' title='bbox 1761 635 1912 699; x_wconf 86' lang='lat' dir='ltr'><strong>illae</strong></span> <span class='ocrx_word' id='word_1_37' title='bbox 1936 634 2276 701; x_wconf 89' lang='lat' dir='ltr'><strong>eliciuntur</strong></span> <span class='ocrx_word' id='word_1_38' title='bbox 2293 635 2490 700; x_wconf 84' lang='lat' dir='ltr'><strong>etiam</strong></span> <span class='ocrx_word' id='word_1_39' title='bbox 2514 659 2628 720; x_wconf 90' lang='lat' dir='ltr'><strong>per</strong></span> <span class='ocrx_word' id='word_1_40' title='bbox 2646 641 3132 722; x_wconf 75' lang='lat' dir='ltr'><strong>consequentias</strong></span> 
     </span>
     <span class='ocr_line' id='line_1_5' title="bbox 178 723 3136 810; baseline 0.001 -22"><span class='ocrx_word' id='word_1_41' title='bbox 178 747 267 788; x_wconf 85' lang='lat' dir='ltr'><strong>ex</strong></span> <span class='ocrx_word' id='word_1_42' title='bbox 305 724 444 790; x_wconf 91' lang='lat' dir='ltr'><strong>suis</strong></span> <span class='ocrx_word' id='word_1_43' title='bbox 467 723 821 808; x_wconf 83' lang='lat' dir='ltr'><strong>principiis,</strong></span> <span class='ocrx_word' id='word_1_44' title='bbox 846 725 913 788; x_wconf 92' lang='lat' dir='ltr'><strong>in</strong></span> <span class='ocrx_word' id='word_1_45' title='bbox 938 725 1170 808; x_wconf 89' lang='lat' dir='ltr'><strong>quibus</strong></span> <span class='ocrx_word' id='word_1_46' title='bbox 1195 724 1481 808; x_wconf 74' lang='lat' dir='ltr'><strong>potentia</strong></span> <span class='ocrx_word' id='word_1_47' title='bbox 1512 723 1559 790; x_wconf 74' lang='grc'><strong>81</strong></span> <span class='ocrx_word' id='word_1_48' title='bbox 1582 723 1819 789; x_wconf 85' lang='lat' dir='ltr'><strong>virtute</strong></span> <span class='ocrx_word' id='word_1_49' title='bbox 1849 723 2280 789; x_wconf 82' lang='lat' dir='ltr'><strong>continentur:</strong></span> <span class='ocrx_word' id='word_1_50' title='bbox 2307 746 2471 808; x_wconf 88' lang='lat' dir='ltr'><strong>quae</strong></span> <span class='ocrx_word' id='word_1_51' title='bbox 2498 745 2652 810; x_wconf 83' lang='lat' dir='ltr'><strong>ergo</strong></span> <span class='ocrx_word' id='word_1_52' title='bbox 2684 727 2782 790; x_wconf 89' lang='lat' dir='ltr'><strong>est</strong></span> <span class='ocrx_word' id='word_1_53' title='bbox 2804 726 2968 791; x_wconf 88' lang='lat' dir='ltr'><strong>ratio</strong></span> <span class='ocrx_word' id='word_1_54' title='bbox 2995 749 3136 792; x_wconf 91' lang='lat' dir='ltr'><strong>om·</strong></span> 
     </span>
     <span class='ocr_line' id='line_1_6' title="bbox 178 811 3138 898; baseline 0.002 -22"><span class='ocrx_word' id='word_1_55' title='bbox 178 813 381 878; x_wconf 87' lang='lat' dir='ltr'><strong>nium</strong></span> <span class='ocrx_word' id='word_1_56' title='bbox 412 813 891 897; x_wconf 88' lang='lat' dir='ltr'><strong>principiorum,</strong></span> <span class='ocrx_word' id='word_1_57' title='bbox 916 813 1329 893; x_wconf 84' lang='lat' dir='ltr'><strong>axiomatum,</strong></span> <span class='ocrx_word' id='word_1_58' title='bbox 1357 814 1641 898; x_wconf 83' lang='lat' dir='ltr'><strong>&amp;legum</strong></span> <span class='ocrx_word' id='word_1_59' title='bbox 1666 812 1734 876; x_wconf 89' lang='lat' dir='ltr'><strong>in</strong></span> <span class='ocrx_word' id='word_1_60' title='bbox 1758 811 2145 892; x_wconf 75' lang='lat' dir='ltr'><strong>theoreticiS,</strong></span> <span class='ocrx_word' id='word_1_61' title='bbox 2175 819 2220 876; x_wconf 75' lang='grc' dir='ltr'><strong>δι.</strong></span> <span class='ocrx_word' id='word_1_62' title='bbox 2244 812 2541 898; x_wconf 78' lang='lat' dir='ltr'><strong>politiciS,</strong></span> <span class='ocrx_word' id='word_1_63' title='bbox 2576 813 2796 878; x_wconf 86' lang='lat' dir='ltr'><strong>eadem</strong></span> <span class='ocrx_word' id='word_1_64' title='bbox 2819 814 3016 880; x_wconf 79' lang='lat' dir='ltr'><strong>etiam</strong></span> <span class='ocrx_word' id='word_1_65' title='bbox 3039 819 3138 882; x_wconf 85' lang='lat' dir='ltr'><strong>est</strong></span> 
     </span>
     <span class='ocr_line' id='line_1_7' title="bbox 180 900 3136 989; baseline 0.001 -23"><span class='ocrx_word' id='word_1_66' title='bbox 180 901 381 968; x_wconf 81' lang='lat' dir='ltr'><strong>verbi</strong></span> <span class='ocrx_word' id='word_1_67' title='bbox 413 901 612 966; x_wconf 85' lang='lat' dir='ltr'><strong>divini</strong></span> <span class='ocrx_word' id='word_1_68' title='bbox 632 925 646 978; x_wconf 91' lang='lat'><strong>;</strong></span> <span class='ocrx_word' id='word_1_69' title='bbox 672 903 851 986; x_wconf 88' lang='lat' dir='ltr'><strong>atqui</strong></span> <span class='ocrx_word' id='word_1_70' title='bbox 876 902 968 966; x_wconf 88' lang='lat' dir='ltr'><strong>ibi</strong></span> <span class='ocrx_word' id='word_1_71' title='bbox 992 925 1068 966; x_wconf 85' lang='lat' dir='ltr'><strong>ex</strong></span> <span class='ocrx_word' id='word_1_72' title='bbox 1093 901 1302 967; x_wconf 82' lang='lat' dir='ltr'><strong>verbis</strong></span> <span class='ocrx_word' id='word_1_73' title='bbox 1324 924 1453 965; x_wconf 88' lang='lat' dir='ltr'><strong>non</strong></span> <span class='ocrx_word' id='word_1_74' title='bbox 1476 904 1728 989; x_wconf 83' lang='lat' dir='ltr'><strong>tantum</strong></span> <span class='ocrx_word' id='word_1_75' title='bbox 1753 900 1865 966; x_wconf 91' lang='lat' dir='ltr'><strong>sed</strong></span> <span class='ocrx_word' id='word_1_76' title='bbox 1888 901 2083 966; x_wconf 78' lang='lat' dir='ltr'><strong>etiam</strong></span> <span class='ocrx_word' id='word_1_77' title='bbox 2107 924 2186 968; x_wconf 81' lang='lat' dir='ltr'><strong>ex</strong></span> <span class='ocrx_word' id='word_1_78' title='bbox 2209 923 2399 968; x_wconf 89' lang='grc'>8611811</span> <span class='ocrx_word' id='word_1_79' title='bbox 2422 923 2536 986; x_wconf 91' lang='lat' dir='ltr'><strong>per</strong></span> <span class='ocrx_word' id='word_1_80' title='bbox 2560 902 2914 968; x_wconf 72' lang='lat' dir='ltr'><strong>evidentem</strong></span> <span class='ocrx_word' id='word_1_81' title='bbox 2937 904 3136 969; x_wconf 88' lang='lat' dir='ltr'><strong>ratio-</strong></span> 
     </span>
     <span class='ocr_line' id='line_1_8' title="bbox 180 988 3134 1074; baseline 0.002 -20"><span class='ocrx_word' id='word_1_82' title='bbox 180 1013 350 1056; x_wconf 86' lang='lat' dir='ltr'><strong>nem</strong></span> <span class='ocrx_word' id='word_1_83' title='bbox 374 991 419 1056; x_wconf 74' lang='lat' dir='ltr'><strong>a</strong></span> <span class='ocrx_word' id='word_1_84' title='bbox 443 991 961 1074; x_wconf 75' lang='lat' dir='ltr'><strong>consequentiam</strong></span> <span class='ocrx_word' id='word_1_85' title='bbox 992 990 1235 1074; x_wconf 87' lang='lat' dir='ltr'><strong>aliquid</strong></span> <span class='ocrx_word' id='word_1_86' title='bbox 1258 989 1563 1055; x_wconf 86' lang='lat' dir='ltr'><strong>statuitur</strong></span> <span class='ocrx_word' id='word_1_87' title='bbox 1585 989 1632 1054; x_wconf 75' lang='lat' dir='ltr'><strong>8t</strong></span> <span class='ocrx_word' id='word_1_88' title='bbox 1663 988 2057 1072; x_wconf 74' lang='lat' dir='ltr'><strong>dijudicatur.</strong></span> <span class='ocrx_word' id='word_1_89' title='bbox 2105 988 2221 1056; x_wconf 91' lang='lat' dir='ltr'><strong>VI.</strong></span> <span class='ocrx_word' id='word_1_90' title='bbox 2271 989 2434 1066; x_wconf 85' lang='lat' dir='ltr'><strong>Quia</strong></span> <span class='ocrx_word' id='word_1_91' title='bbox 2458 991 2637 1056; x_wconf 86' lang='lat' dir='ltr'><strong>nulla</strong></span> <span class='ocrx_word' id='word_1_92' title='bbox 2660 989 3010 1074; x_wconf 89' lang='lat' dir='ltr'><strong>disputatio</strong></span> <span class='ocrx_word' id='word_1_93' title='bbox 3035 997 3134 1059; x_wconf 89' lang='lat' dir='ltr'><strong>est</strong></span> 
     </span>
     <span class='ocr_line' id='line_1_9' title="bbox 181 1078 3133 1164; baseline 0.001 -21"><span class='ocrx_word' id='word_1_94' title='bbox 181 1079 441 1163; x_wconf 83' lang='lat' dir='ltr'><strong>absque</strong></span> <span class='ocrx_word' id='word_1_95' title='bbox 488 1079 751 1145; x_wconf 86' lang='lat' dir='ltr'><strong>elencho</strong></span> <span class='ocrx_word' id='word_1_96' title='bbox 792 1081 839 1147; x_wconf 83' lang='lat'><strong>&amp;</strong></span> <span class='ocrx_word' id='word_1_97' title='bbox 876 1079 1389 1159; x_wconf 84' lang='lat' dir='ltr'><strong>contradictione,</strong></span> <span class='ocrx_word' id='word_1_98' title='bbox 1431 1079 1679 1144; x_wconf 89' lang='lat' dir='ltr'><strong>nullum</strong></span> <span class='ocrx_word' id='word_1_99' title='bbox 1704 1082 1920 1143; x_wconf 88' lang='lat' dir='ltr'><strong>autem</strong></span> <span class='ocrx_word' id='word_1_100' title='bbox 1945 1079 2020 1143; x_wconf 89' lang='lat' dir='ltr'><strong>de</strong></span> <span class='ocrx_word' id='word_1_101' title='bbox 2044 1079 2536 1144; x_wconf 83' lang='lat' dir='ltr'><strong>contradictione</strong></span> <span class='ocrx_word' id='word_1_102' title='bbox 2556 1078 2869 1161; x_wconf 90' lang='lat' dir='ltr'><strong>judicium</strong></span> <span class='ocrx_word' id='word_1_103' title='bbox 2893 1079 3133 1164; x_wconf 83' lang='lat' dir='ltr'><strong>absque</strong></span> 
     </span>
     <span class='ocr_line' id='line_1_10' title="bbox 182 1166 3129 1253; baseline 0.001 -22"><span class='ocrx_word' id='word_1_104' title='bbox 182 1168 442 1253; x_wconf 86' lang='lat' dir='ltr'><strong>regulis</strong></span> <span class='ocrx_word' id='word_1_105' title='bbox 464 1169 1078 1252; x_wconf 82' lang='lat' dir='ltr'><strong>consequentiarum,</strong></span> <span class='ocrx_word' id='word_1_106' title='bbox 1112 1167 1351 1252; x_wconf 87' lang='lat' dir='ltr'><strong>absque</strong></span> <span class='ocrx_word' id='word_1_107' title='bbox 1375 1167 1705 1251; x_wconf 86' lang='lat' dir='ltr'><strong>principiis</strong></span> <span class='ocrx_word' id='word_1_108' title='bbox 1736 1166 2023 1247; x_wconf 89' lang='lat' dir='ltr'><strong>rationis,</strong></span> <span class='ocrx_word' id='word_1_109' title='bbox 2050 1190 2212 1251; x_wconf 91' lang='lat' dir='ltr'><strong>quae</strong></span> <span class='ocrx_word' id='word_1_110' title='bbox 2231 1170 2270 1232; x_wconf 73' lang='lat' dir='ltr'><strong>a</strong></span> <span class='ocrx_word' id='word_1_111' title='bbox 2293 1167 2432 1232; x_wconf 89' lang='lat' dir='ltr'><strong>Deo</strong></span> <span class='ocrx_word' id='word_1_112' title='bbox 2456 1171 2604 1232; x_wconf 91' lang='lat' dir='ltr'><strong>sunt</strong></span> <span class='ocrx_word' id='word_1_113' title='bbox 2628 1188 2756 1231; x_wconf 87' lang='lat' dir='ltr'><strong>non</strong></span> <span class='ocrx_word' id='word_1_114' title='bbox 2772 1167 2852 1232; x_wconf 86' lang='lat' dir='ltr'><strong>ab</strong></span> <span class='ocrx_word' id='word_1_115' title='bbox 2869 1167 3129 1236; x_wconf 89' lang='lat' dir='ltr'><strong>homine</strong></span> 
     </span>
     <span class='ocr_line' id='line_1_11' title="bbox 182 1255 3134 1342; baseline 0.001 -22"><span class='ocrx_word' id='word_1_116' title='bbox 182 1257 333 1321; x_wconf 87' lang='lat' dir='ltr'><strong>sive</strong></span> <span class='ocrx_word' id='word_1_117' title='bbox 376 1255 745 1336; x_wconf 88' lang='lat' dir='ltr'><strong>Aristotele,</strong></span> <span class='ocrx_word' id='word_1_118' title='bbox 786 1257 918 1322; x_wconf 86' lang='lat' dir='ltr'><strong>sive</strong></span> <span class='ocrx_word' id='word_1_119' title='bbox 957 1257 1104 1337; x_wconf 79' lang='lat' dir='ltr'><strong>alio,</strong></span> <span class='ocrx_word' id='word_1_120' title='bbox 1144 1279 1271 1322; x_wconf 91' lang='lat' dir='ltr'><strong>non</strong></span> <span class='ocrx_word' id='word_1_121' title='bbox 1303 1256 1511 1342; x_wconf 81' lang='lat' dir='ltr'><strong>magis</strong></span> <span class='ocrx_word' id='word_1_122' title='bbox 1553 1278 1746 1340; x_wconf 85' lang='lat' dir='ltr'><strong>quam</strong></span> <span class='ocrx_word' id='word_1_123' title='bbox 1776 1278 1930 1321; x_wconf 90' lang='lat' dir='ltr'><strong>usus</strong></span> <span class='ocrx_word' id='word_1_124' title='bbox 1954 1257 2203 1321; x_wconf 88' lang='lat' dir='ltr'><strong>aurium</strong></span> <span class='ocrx_word' id='word_1_125' title='bbox 2229 1255 2393 1340; x_wconf 89' lang='lat' dir='ltr'><strong>(sine</strong></span> <span class='ocrx_word' id='word_1_126' title='bbox 2419 1278 2544 1340; x_wconf 91' lang='lat' dir='ltr'><strong>quo</strong></span> <span class='ocrx_word' id='word_1_127' title='bbox 2574 1277 2691 1321; x_wconf 90' lang='lat' dir='ltr'><strong>nec</strong></span> <span class='ocrx_word' id='word_1_128' title='bbox 2722 1255 2876 1322; x_wconf 89' lang='lat' dir='ltr'><strong>fides</strong></span> <span class='ocrx_word' id='word_1_129' title='bbox 2906 1256 3134 1324; x_wconf 87' lang='lat' dir='ltr'><strong>haberi</strong></span> 
     </span>
     <span class='ocr_line' id='line_1_12' title="bbox 184 1343 3130 1430; baseline 0.001 -19"><span class='ocrx_word' id='word_1_130' title='bbox 184 1368 317 1411; x_wconf 89' lang='lat' dir='ltr'><strong>nec</strong></span> <span class='ocrx_word' id='word_1_131' title='bbox 358 1349 579 1412; x_wconf 87' lang='lat' dir='ltr'><strong>contra</strong></span> <span class='ocrx_word' id='word_1_132' title='bbox 614 1346 909 1410; x_wconf 88' lang='lat' dir='ltr'><strong>haereses</strong></span> <span class='ocrx_word' id='word_1_133' title='bbox 944 1345 1195 1410; x_wconf 88' lang='lat' dir='ltr'><strong>defendi</strong></span> <span class='ocrx_word' id='word_1_134' title='bbox 1240 1345 1479 1430; x_wconf 87' lang='lat' dir='ltr'><strong>potest)</strong></span> <span class='ocrx_word' id='word_1_135' title='bbox 1514 1345 1593 1410; x_wconf 89' lang='lat' dir='ltr'><strong>ab</strong></span> <span class='ocrx_word' id='word_1_136' title='bbox 1622 1343 1972 1410; x_wconf 90' lang='lat' dir='ltr'><strong>Aristotele</strong></span> <span class='ocrx_word' id='word_1_137' title='bbox 1996 1348 2112 1410; x_wconf 90' lang='lat' dir='ltr'><strong>est.</strong></span> <span class='ocrx_word' id='word_1_138' title='bbox 2162 1343 2309 1410; x_wconf 86' lang='lat' dir='ltr'><strong>VII.</strong></span> <span class='ocrx_word' id='word_1_139' title='bbox 2358 1344 2458 1410; x_wconf 81' lang='lat' dir='ltr'><strong>Ex</strong></span> <span class='ocrx_word' id='word_1_140' title='bbox 2482 1344 2801 1410; x_wconf 88' lang='lat' dir='ltr'><strong>communi</strong></span> <span class='ocrx_word' id='word_1_141' title='bbox 2825 1368 3130 1413; x_wconf 88' lang='lat' dir='ltr'><strong>consensu</strong></span> 
     </span>
     <span class='ocr_line' id='line_1_13' title="bbox 186 1433 3130 1520; baseline 0 -18"><span class='ocrx_word' id='word_1_142' title='bbox 186 1437 242 1502; x_wconf 63' lang='grc' dir='ltr'>ἃ</span> <span class='ocrx_word' id='word_1_143' title='bbox 291 1433 477 1517; x_wconf 84' lang='lat' dir='ltr'><strong>praxi</strong></span> <span class='ocrx_word' id='word_1_144' title='bbox 507 1437 783 1518; x_wconf 86' lang='lat' dir='ltr'><strong>patrum,</strong></span> <span class='ocrx_word' id='word_1_145' title='bbox 810 1435 1239 1514; x_wconf 78' lang='lat' dir='ltr'><strong>con‘ciliorum,</strong></span> <span class='ocrx_word' id='word_1_146' title='bbox 1266 1434 1809 1510; x_wconf 87' lang='lat' dir='ltr'><strong>scholasticorum,</strong></span> <span class='ocrx_word' id='word_1_147' title='bbox 1836 1434 2034 1498; x_wconf 81' lang='lat' dir='ltr'><strong>etiam</strong></span> <span class='ocrx_word' id='word_1_148' title='bbox 2056 1434 2479 1500; x_wconf 87' lang='lat' dir='ltr'><strong>recentiorum</strong></span> <span class='ocrx_word' id='word_1_149' title='bbox 2503 1433 2993 1518; x_wconf 84' lang='lat' dir='ltr'><strong>pontificiorum,</strong></span> <span class='ocrx_word' id='word_1_150' title='bbox 3019 1437 3130 1520; x_wconf 90' lang='lat' dir='ltr'><strong>qui</strong></span> 
     </span>
     <span class='ocr_line' id='line_1_14' title="bbox 188 1522 3129 1608; baseline 0.001 -22"><span class='ocrx_word' id='word_1_151' title='bbox 188 1523 449 1602; x_wconf 80' lang='lat' dir='ltr'><strong>atheOS,</strong></span> <span class='ocrx_word' id='word_1_152' title='bbox 498 1522 793 1608; x_wconf 78' lang='lat' dir='ltr'><strong>gentileS,</strong></span> <span class='ocrx_word' id='word_1_153' title='bbox 811 1523 1096 1608; x_wconf 81' lang='lat' dir='ltr'><strong>judaeos,</strong></span> <span class='ocrx_word' id='word_1_154' title='bbox 1122 1523 1495 1602; x_wconf 88' lang='lat' dir='ltr'><strong>haereticos,</strong></span> <span class='ocrx_word' id='word_1_155' title='bbox 1523 1522 1916 1588; x_wconf 83' lang='lat' dir='ltr'><strong>adversarios</strong></span> <span class='ocrx_word' id='word_1_156' title='bbox 1943 1545 2351 1607; x_wconf 88' lang='lat' dir='ltr'><strong>quoscunque</strong></span> <span class='ocrx_word' id='word_1_157' title='bbox 2376 1523 2684 1588; x_wconf 88' lang='lat' dir='ltr'><strong>hactenus</strong></span> <span class='ocrx_word' id='word_1_158' title='bbox 2710 1522 3000 1588; x_wconf 86' lang='lat' dir='ltr'><strong>adhibita</strong></span> <span class='ocrx_word' id='word_1_159' title='bbox 3025 1546 3129 1589; x_wconf 86' lang='lat' dir='ltr'><strong>ra-</strong></span> 
     </span>
     <span class='ocr_line' id='line_1_15' title="bbox 188 1611 3129 1698; baseline 0.001 -22"><span class='ocrx_word' id='word_1_160' title='bbox 188 1612 610 1676; x_wconf 88' lang='lat' dir='ltr'><strong>tiocinatione</strong></span> <span class='ocrx_word' id='word_1_161' title='bbox 634 1613 681 1678; x_wconf 73' lang='grc'><strong>81</strong></span> <span class='ocrx_word' id='word_1_162' title='bbox 704 1611 1171 1695; x_wconf 88' lang='lat' dir='ltr'><strong>consequentiis</strong></span> <span class='ocrx_word' id='word_1_163' title='bbox 1201 1612 1592 1676; x_wconf 75' lang='lat' dir='ltr'><strong>refutarunt:</strong></span> <span class='ocrx_word' id='word_1_164' title='bbox 1623 1611 1941 1677; x_wconf 84' lang='lat' dir='ltr'><strong>contraria</strong></span> <span class='ocrx_word' id='word_1_165' title='bbox 1965 1611 2286 1678; x_wconf 85' lang='lat' dir='ltr'><strong>sententia</strong></span> <span class='ocrx_word' id='word_1_166' title='bbox 2309 1611 2492 1698; x_wconf 89' lang='lat' dir='ltr'><strong>[pag.</strong></span> <span class='ocrx_word' id='word_1_167' title='bbox 2520 1611 2591 1697; x_wconf 86' lang='lat'><strong>9]</strong></span> <span class='ocrx_word' id='word_1_168' title='bbox 2619 1611 2666 1676; x_wconf 62' lang='lat'><strong>&amp;0</strong></span> <span class='ocrx_word' id='word_1_169' title='bbox 2682 1611 2917 1694; x_wconf 82' lang='lat' dir='ltr'><strong>praxis,</strong></span> <span class='ocrx_word' id='word_1_170' title='bbox 2937 1634 3129 1697; x_wconf 87' lang='lat' dir='ltr'><strong>quam</strong></span> 
     </span>
     <span class='ocr_line' id='line_1_16' title="bbox 190 1698 3129 1782; baseline 0.001 -18"><span class='ocrx_word' id='word_1_171' title='bbox 190 1723 369 1765; x_wconf 87' lang='lat' dir='ltr'><strong>nuuc</strong></span> <span class='ocrx_word' id='word_1_172' title='bbox 409 1704 715 1765; x_wconf 84' lang='lat' dir='ltr'><strong>renovant</strong></span> <span class='ocrx_word' id='word_1_173' title='bbox 752 1699 1106 1778; x_wconf 90' lang='lat' dir='ltr'><strong>Verronici,</strong></span> <span class='ocrx_word' id='word_1_174' title='bbox 1150 1699 1275 1764; x_wconf 83' lang='lat' dir='ltr'><strong>fuit</strong></span> <span class='ocrx_word' id='word_1_175' title='bbox 1314 1704 1601 1765; x_wconf 82' lang='lat' dir='ltr'><strong>veterum</strong></span> <span class='ocrx_word' id='word_1_176' title='bbox 1623 1699 2090 1764; x_wconf 74' lang='lat' dir='ltr'><strong>haereticoriun</strong></span> <span class='ocrx_word' id='word_1_177' title='bbox 2115 1700 2554 1781; x_wconf 79' lang='lat' dir='ltr'><strong>Atrianorum,</strong></span> <span class='ocrx_word' id='word_1_178' title='bbox 2579 1698 3129 1782; x_wconf 84' lang='lat' dir='ltr'><strong>Nestorianorum,</strong></span> 
     </span>
     <span class='ocr_line' id='line_1_17' title="bbox 192 1787 3128 1873; baseline 0 -20"><span class='ocrx_word' id='word_1_179' title='bbox 192 1789 799 1873; x_wconf 82' lang='lat' dir='ltr'><strong>Monophysitarum</strong></span> <span class='ocrx_word' id='word_1_180' title='bbox 816 1789 916 1853; x_wconf 78' lang='grc'>816.</span> <span class='ocrx_word' id='word_1_181' title='bbox 930 1789 1040 1872; x_wconf 91' lang='lat' dir='ltr'><strong>qui</strong></span> <span class='ocrx_word' id='word_1_182' title='bbox 1058 1789 1407 1872; x_wconf 87' lang='lat' dir='ltr'><strong>scripturae</strong></span> <span class='ocrx_word' id='word_1_183' title='bbox 1426 1811 1723 1872; x_wconf 85' lang='lat' dir='ltr'><strong>expressa</strong></span> <span class='ocrx_word' id='word_1_184' title='bbox 1742 1788 1936 1854; x_wconf 84' lang='lat' dir='ltr'><strong>verba</strong></span> <span class='ocrx_word' id='word_1_185' title='bbox 1955 1791 1993 1853; x_wconf 71' lang='lat' dir='ltr'><strong>a</strong></span> <span class='ocrx_word' id='word_1_186' title='bbox 2010 1787 2354 1854; x_wconf 86' lang='lat' dir='ltr'><strong>Catholicis</strong></span> <span class='ocrx_word' id='word_1_187' title='bbox 2371 1791 2679 1873; x_wconf 89' lang='lat' dir='ltr'><strong>perpetuo</strong></span> <span class='ocrx_word' id='word_1_188' title='bbox 2697 1789 3128 1873; x_wconf 85' lang='lat' dir='ltr'><strong>postulabant.</strong></span> 
     </span>
     <span class='ocr_line' id='line_1_18' title="bbox 192 1875 3130 1962; baseline 0.001 -21"><span class='ocrx_word' id='word_1_189' title='bbox 192 1875 384 1942; x_wconf 85' lang='lat' dir='ltr'><strong>VIII.</strong></span> <span class='ocrx_word' id='word_1_190' title='bbox 412 1876 740 1942; x_wconf 90' lang='lat' dir='ltr'><strong>Accedunt</strong></span> <span class='ocrx_word' id='word_1_191' title='bbox 762 1876 1130 1942; x_wconf 87' lang='lat' dir='ltr'><strong>testimonia</strong></span> <span class='ocrx_word' id='word_1_192' title='bbox 1154 1882 1429 1960; x_wconf 88' lang='lat' dir='ltr'><strong>patrum,</strong></span> <span class='ocrx_word' id='word_1_193' title='bbox 1448 1878 1681 1961; x_wconf 85' lang='lat' dir='ltr'><strong>quibus</strong></span> <span class='ocrx_word' id='word_1_194' title='bbox 1706 1899 1892 1942; x_wconf 88' lang='lat' dir='ltr'><strong>usum</strong></span> <span class='ocrx_word' id='word_1_195' title='bbox 1918 1877 2372 1962; x_wconf 89' lang='lat' dir='ltr'><strong>principiorum</strong></span> <span class='ocrx_word' id='word_1_196' title='bbox 2395 1877 2665 1943; x_wconf 87' lang='lat' dir='ltr'><strong>rationis</strong></span> <span class='ocrx_word' id='word_1_197' title='bbox 2683 1878 3130 1944; x_wconf 87' lang='lat' dir='ltr'><strong>commendant</strong></span> 
     </span>
     <span class='ocr_line' id='line_1_19' title="bbox 194 1963 3125 2050; baseline 0.001 -21"><span class='ocrx_word' id='word_1_198' title='bbox 194 1963 507 2030; x_wconf 83' lang='lat' dir='ltr'><strong>Nazianz.</strong></span> <span class='ocrx_word' id='word_1_199' title='bbox 531 1969 689 2030; x_wconf 85' lang='lat' dir='ltr'><strong>orat.</strong></span> <span class='ocrx_word' id='word_1_200' title='bbox 726 1966 787 2030; x_wconf 80' lang='lat'><strong>6.</strong></span> <span class='ocrx_word' id='word_1_201' title='bbox 815 1966 890 2030; x_wconf 90' lang='lat' dir='ltr'><strong>de</strong></span> <span class='ocrx_word' id='word_1_202' title='bbox 914 1963 1082 2050; x_wconf 88' lang='lat' dir='ltr'><strong>Spir.</strong></span> <span class='ocrx_word' id='word_1_203' title='bbox 1108 1964 1174 2030; x_wconf 85' lang='lat' dir='ltr'><strong>S.</strong></span> <span class='ocrx_word' id='word_1_204' title='bbox 1208 1967 1639 2032; x_wconf 85' lang='lat' dir='ltr'><strong>adversarium</strong></span> <span class='ocrx_word' id='word_1_205' title='bbox 1664 1973 1858 2031; x_wconf 62' lang='lat' dir='ltr'><strong>suum·</strong></span> <span class='ocrx_word' id='word_1_206' title='bbox 1880 1966 2032 2032; x_wconf 90' lang='lat' dir='ltr'><strong>dicit</strong></span> <span class='ocrx_word' id='word_1_207' title='bbox 2055 1967 2290 2033; x_wconf 83' lang='lat' dir='ltr'><strong>litterae</strong></span> <span class='ocrx_word' id='word_1_208' title='bbox 2310 1966 2558 2046; x_wconf 77' lang='lat' dir='ltr'><strong>seruire,</strong></span> <span class='ocrx_word' id='word_1_209' title='bbox 2589 1963 2654 2032; x_wconf 63' lang='lat' dir='ltr'><strong>a·</strong></span> <span class='ocrx_word' id='word_1_210' title='bbox 2683 1965 2868 2032; x_wconf 73' lang='lat' dir='ltr'><strong>rebus</strong></span> <span class='ocrx_word' id='word_1_211' title='bbox 2902 1967 3125 2033; x_wconf 75' lang='lat' dir='ltr'><strong>relictis</strong></span> 
     </span>
     <span class='ocr_line' id='line_1_20' title="bbox 194 2051 3130 2140; baseline 0.002 -22"><span class='ocrx_word' id='word_1_212' title='bbox 194 2055 471 2140; x_wconf 71' lang='lat' dir='ltr'><strong>syllabas</strong></span> <span class='ocrx_word' id='word_1_213' title='bbox 516 2055 870 2133; x_wconf 77' lang='lat' dir='ltr'><strong>consectari,</strong></span> <span class='ocrx_word' id='word_1_214' title='bbox 919 2057 1103 2119; x_wconf 86' lang='lat' dir='ltr'><strong>vocat</strong></span> <span class='ocrx_word' id='word_1_215' title='bbox 1148 2077 1295 2118; x_wconf 89' lang='lat' dir='ltr'><strong>eum</strong></span> <span class='ocrx_word' id='word_1_216' title='bbox 1339 2054 1831 2137; x_wconf 73' lang='lat' dir='ltr'><strong>alphabetarium</strong></span> <span class='ocrx_word' id='word_1_217' title='bbox 1872 2055 2237 2139; x_wconf 77' lang='lat' dir='ltr'><strong>sophistam,</strong></span> <span class='ocrx_word' id='word_1_218' title='bbox 2266 2054 2633 2136; x_wconf 69' lang='grc' dir='ltr'><em>συκοφάντην</em></span> <span class='ocrx_word' id='word_1_219' title='bbox 2675 2059 2797 2112; x_wconf 75' lang='grc' dir='ltr'><strong>τῶν</strong></span> <span class='ocrx_word' id='word_1_220' title='bbox 2825 2051 3130 2129; x_wconf 70' lang='grc' dir='ltr'><strong><em>ὃνομὰτων</em></strong></span> 
     </span>
     <span class='ocr_line' id='line_1_21' title="bbox 195 2139 3125 2227; baseline 0 -21"><span class='ocrx_word' id='word_1_221' title='bbox 195 2145 370 2226; x_wconf 92' lang='lat' dir='ltr'><strong>quod</strong></span> <span class='ocrx_word' id='word_1_222' title='bbox 408 2143 540 2208; x_wconf 88' lang='lat' dir='ltr'><strong>scil.</strong></span> <span class='ocrx_word' id='word_1_223' title='bbox 590 2142 1094 2227; x_wconf 81' lang='lat' dir='ltr'><strong>consequentiaS,</strong></span> <span class='ocrx_word' id='word_1_224' title='bbox 1142 2165 1257 2226; x_wconf 90' lang='lat' dir='ltr'><strong>per</strong></span> <span class='ocrx_word' id='word_1_225' title='bbox 1281 2166 1438 2226; x_wconf 87' lang='lat' dir='ltr'><strong>quas</strong></span> <span class='ocrx_word' id='word_1_226' title='bbox 1464 2165 1542 2208; x_wconf 85' lang='lat' dir='ltr'><strong>ex</strong></span> <span class='ocrx_word' id='word_1_227' title='bbox 1574 2142 1905 2226; x_wconf 77' lang='lat' dir='ltr'><strong>scripturis</strong></span> <span class='ocrx_word' id='word_1_228' title='bbox 1943 2143 2252 2227; x_wconf 86' lang='lat' dir='ltr'><strong>probatur</strong></span> <span class='ocrx_word' id='word_1_229' title='bbox 2282 2140 2449 2227; x_wconf 85' lang='lat' dir='ltr'><strong>Spir.</strong></span> <span class='ocrx_word' id='word_1_230' title='bbox 2488 2139 2554 2206; x_wconf 87' lang='lat' dir='ltr'><strong>S.</strong></span> <span class='ocrx_word' id='word_1_231' title='bbox 2582 2140 2805 2206; x_wconf 88' lang='lat' dir='ltr'><strong>Deitas</strong></span> <span class='ocrx_word' id='word_1_232' title='bbox 2844 2162 2971 2205; x_wconf 91' lang='lat' dir='ltr'><strong>non</strong></span> <span class='ocrx_word' id='word_1_233' title='bbox 3011 2143 3125 2207; x_wconf 84' lang='lat' dir='ltr'><strong>ad·</strong></span> 
     </span>
     <span class='ocr_line' id='line_1_22' title="bbox 194 2228 3124 2318; baseline 0 -23"><span class='ocrx_word' id='word_1_234' title='bbox 194 2231 503 2296; x_wconf 84' lang='lat' dir='ltr'><strong>mitteret.</strong></span> <span class='ocrx_word' id='word_1_235' title='bbox 523 2231 670 2296; x_wconf 90' lang='lat' dir='ltr'><strong>Vid.</strong></span> <span class='ocrx_word' id='word_1_236' title='bbox 692 2233 961 2296; x_wconf 87' lang='lat' dir='ltr'><strong>eundem</strong></span> <span class='ocrx_word' id='word_1_237' title='bbox 986 2232 1053 2296; x_wconf 85' lang='lat' dir='ltr'><strong>iu</strong></span> <span class='ocrx_word' id='word_1_238' title='bbox 1084 2234 1257 2298; x_wconf 90' lang='lat' dir='ltr'><strong>Orat.</strong></span> <span class='ocrx_word' id='word_1_239' title='bbox 1286 2232 1538 2317; x_wconf 72' lang='lat' dir='ltr'><strong>sunebr.</strong></span> <span class='ocrx_word' id='word_1_240' title='bbox 1564 2233 1635 2298; x_wconf 81' lang='lat' dir='ltr'><strong>in</strong></span> <span class='ocrx_word' id='word_1_241' title='bbox 1659 2232 1912 2297; x_wconf 86' lang='lat' dir='ltr'><strong>laudem</strong></span> <span class='ocrx_word' id='word_1_242' title='bbox 1941 2232 2168 2298; x_wconf 77' lang='lat' dir='ltr'><strong>Basilii</strong></span> <span class='ocrx_word' id='word_1_243' title='bbox 2190 2232 2427 2318; x_wconf 72' lang='lat' dir='ltr'><strong>Maqui.</strong></span> <span class='ocrx_word' id='word_1_244' title='bbox 2453 2228 2799 2314; x_wconf 83' lang='lat' dir='ltr'><strong>Augustin.</strong></span> <span class='ocrx_word' id='word_1_245' title='bbox 2827 2229 2904 2294; x_wconf 89' lang='lat' dir='ltr'><strong>de</strong></span> <span class='ocrx_word' id='word_1_246' title='bbox 2929 2228 3124 2296; x_wconf 86' lang='lat' dir='ltr'><strong>doctr.</strong></span> 
     </span>
     <span class='ocr_line' id='line_1_23' title="bbox 196 2317 3123 2406; baseline 0 -22"><span class='ocrx_word' id='word_1_247' title='bbox 196 2319 437 2385; x_wconf 85' lang='lat' dir='ltr'><strong>Christ.</strong></span> <span class='ocrx_word' id='word_1_248' title='bbox 464 2320 575 2384; x_wconf 88' lang='lat' dir='ltr'><strong>lib.</strong></span> <span class='ocrx_word' id='word_1_249' title='bbox 602 2321 663 2386; x_wconf 87' lang='grc'><strong>2.</strong></span> <span class='ocrx_word' id='word_1_250' title='bbox 688 2343 744 2386; x_wconf 89' lang='grc'><strong>6.</strong></span> <span class='ocrx_word' id='word_1_251' title='bbox 771 2321 873 2384; x_wconf 88' lang='lat'><strong>30.</strong></span> <span class='ocrx_word' id='word_1_252' title='bbox 900 2319 1101 2388; x_wconf 84' lang='lat' dir='ltr'><strong>Aliud</strong></span> <span class='ocrx_word' id='word_1_253' title='bbox 1121 2332 1207 2386; x_wconf 84' lang='lat' dir='ltr'><strong>est</strong></span> <span class='ocrx_word' id='word_1_254' title='bbox 1230 2342 1409 2387; x_wconf 74' lang='lat' dir='ltr'><strong>nosse</strong></span> <span class='ocrx_word' id='word_1_255' title='bbox 1437 2322 1689 2406; x_wconf 71' lang='lat' dir='ltr'><strong>reyulas</strong></span> <span class='ocrx_word' id='word_1_256' title='bbox 1712 2321 2196 2401; x_wconf 77' lang='lat' dir='ltr'><strong>connexionum,</strong></span> <span class='ocrx_word' id='word_1_257' title='bbox 2219 2321 2401 2387; x_wconf 80' lang='lat' dir='ltr'><strong>aliud</strong></span> <span class='ocrx_word' id='word_1_258' title='bbox 2423 2317 2874 2386; x_wconf 77' lang='lat' dir='ltr'><strong>sententiarum</strong></span> <span class='ocrx_word' id='word_1_259' title='bbox 2896 2319 3123 2385; x_wconf 85' lang='lat' dir='ltr'><strong>verita·</strong></span> 
     </span>
     <span class='ocr_line' id='line_1_24' title="bbox 194 2407 3123 2497; baseline 0.001 -24"><span class='ocrx_word' id='word_1_260' title='bbox 194 2421 355 2474; x_wconf 83' lang='lat' dir='ltr'><strong>tem:</strong></span> <span class='ocrx_word' id='word_1_261' title='bbox 402 2409 472 2475; x_wconf 81' lang='lat' dir='ltr'><strong>in</strong></span> <span class='ocrx_word' id='word_1_262' title='bbox 505 2410 626 2477; x_wconf 83' lang='lat' dir='ltr'><strong>illis</strong></span> <span class='ocrx_word' id='word_1_263' title='bbox 658 2410 917 2476; x_wconf 75' lang='lat' dir='ltr'><strong>discitur</strong></span> <span class='ocrx_word' id='word_1_264' title='bbox 942 2410 1099 2495; x_wconf 83' lang='lat' dir='ltr'><strong>quid</strong></span> <span class='ocrx_word' id='word_1_265' title='bbox 1128 2411 1207 2475; x_wconf 77' lang='lat' dir='ltr'><strong>sit</strong></span> <span class='ocrx_word' id='word_1_266' title='bbox 1230 2430 1627 2497; x_wconf 75' lang='lat' dir='ltr'><strong>consequeus,</strong></span> <span class='ocrx_word' id='word_1_267' title='bbox 1652 2409 1808 2497; x_wconf 84' lang='lat' dir='ltr'><strong>quid</strong></span> <span class='ocrx_word' id='word_1_268' title='bbox 1829 2429 2214 2495; x_wconf 73' lang='lat' dir='ltr'><strong>repuquam.</strong></span> <span class='ocrx_word' id='word_1_269' title='bbox 2266 2407 2679 2497; x_wconf 75' lang='lat' dir='ltr'><strong>Consequens,</strong></span> <span class='ocrx_word' id='word_1_270' title='bbox 2705 2408 2762 2473; x_wconf 78' lang='lat' dir='ltr'><strong>si</strong></span> <span class='ocrx_word' id='word_1_271' title='bbox 2783 2419 2996 2474; x_wconf 85' lang='lat' dir='ltr'><strong>orator</strong></span> <span class='ocrx_word' id='word_1_272' title='bbox 3015 2420 3123 2490; x_wconf 75' lang='lat' dir='ltr'><strong>est,</strong></span> 
     </span>
     <span class='ocr_line' id='line_1_25' title="bbox 192 2497 3123 2591; baseline 0 -28"><span class='ocrx_word' id='word_1_273' title='bbox 192 2499 381 2563; x_wconf 80' lang='lat' dir='ltr'><strong>homo</strong></span> <span class='ocrx_word' id='word_1_274' title='bbox 402 2510 507 2564; x_wconf 79' lang='lat' dir='ltr'><strong>est.</strong></span> <span class='ocrx_word' id='word_1_275' title='bbox 534 2500 939 2584; x_wconf 70' lang='lat' dir='ltr'><strong>Repuqnam,</strong></span> <span class='ocrx_word' id='word_1_276' title='bbox 964 2500 1022 2565; x_wconf 74' lang='lat' dir='ltr'><strong>si</strong></span> <span class='ocrx_word' id='word_1_277' title='bbox 1044 2500 1228 2564; x_wconf 81' lang='lat' dir='ltr'><strong>homo</strong></span> <span class='ocrx_word' id='word_1_278' title='bbox 1249 2512 1354 2578; x_wconf 76' lang='lat' dir='ltr'><strong>eet,</strong></span> <span class='ocrx_word' id='word_1_279' title='bbox 1379 2500 1741 2585; x_wconf 81' lang='lat' dir='ltr'><strong>quadrupes</strong></span> <span class='ocrx_word' id='word_1_280' title='bbox 1764 2520 1896 2565; x_wconf 83' lang='lat' dir='ltr'><strong>uon</strong></span> <span class='ocrx_word' id='word_1_281' title='bbox 1911 2510 2016 2575; x_wconf 78' lang='lat' dir='ltr'><strong>est,</strong></span> <span class='ocrx_word' id='word_1_282' title='bbox 2034 2500 2135 2565; x_wconf 82' lang='lat' dir='ltr'><strong>hic</strong></span> <span class='ocrx_word' id='word_1_283' title='bbox 2151 2520 2295 2585; x_wconf 76' lang='lat' dir='ltr'><strong>erqo</strong></span> <span class='ocrx_word' id='word_1_284' title='bbox 2309 2500 2385 2565; x_wconf 87' lang='lat' dir='ltr'><strong>de</strong></span> <span class='ocrx_word' id='word_1_285' title='bbox 2399 2500 2542 2591; x_wconf 75' lang='lat' dir='ltr'><strong>ipsa</strong></span> <span class='ocrx_word' id='word_1_286' title='bbox 2555 2497 3123 2581; x_wconf 77' lang='lat' dir='ltr'><strong>couneaeiouejudi·</strong></span> 
     </span>
     <span class='ocr_line' id='line_1_26' title="bbox 188 2584 3121 2673; baseline -0.001 -20"><span class='ocrx_word' id='word_1_287' title='bbox 188 2598 391 2653; x_wconf 74' lang='lat' dir='ltr'><strong>eatttr.</strong></span> <span class='ocrx_word' id='word_1_288' title='bbox 416 2585 567 2653; x_wconf 91' lang='lat' dir='ltr'><strong>Vid.</strong></span> <span class='ocrx_word' id='word_1_289' title='bbox 592 2588 861 2653; x_wconf 88' lang='lat' dir='ltr'><strong>eundem</strong></span> <span class='ocrx_word' id='word_1_290' title='bbox 884 2610 1018 2673; x_wconf 88' lang='lat' dir='ltr'><strong>cap.</strong></span> <span class='ocrx_word' id='word_1_291' title='bbox 1045 2589 1150 2652; x_wconf 88' lang='lat'><strong>31.</strong></span> <span class='ocrx_word' id='word_1_292' title='bbox 1179 2588 1283 2653; x_wconf 86' lang='lat'><strong>35.</strong></span> <span class='ocrx_word' id='word_1_293' title='bbox 1309 2588 1415 2653; x_wconf 88' lang='lat'><strong>37.</strong></span> <span class='ocrx_word' id='word_1_294' title='bbox 1442 2589 1719 2673; x_wconf 73' lang='lat' dir='ltr'><strong>ejusdem</strong></span> <span class='ocrx_word' id='word_1_295' title='bbox 1741 2588 1880 2655; x_wconf 83' lang='lat' dir='ltr'><strong>libr.</strong></span> <span class='ocrx_word' id='word_1_296' title='bbox 1906 2590 1954 2656; x_wconf 62' lang='lat'><strong>8⁶</strong></span> <span class='ocrx_word' id='word_1_297' title='bbox 1975 2600 2188 2655; x_wconf 80' lang='lat' dir='ltr'><strong>contra</strong></span> <span class='ocrx_word' id='word_1_298' title='bbox 2216 2591 2408 2655; x_wconf 69' lang='lat' dir='ltr'><strong>Creee.</strong></span> <span class='ocrx_word' id='word_1_299' title='bbox 2434 2586 2538 2655; x_wconf 82' lang='lat' dir='ltr'><strong>lib.</strong></span> <span class='ocrx_word' id='word_1_300' title='bbox 2570 2588 2601 2649; x_wconf 92' lang='lat'><strong>1</strong></span> <span class='ocrx_word' id='word_1_301' title='bbox 2623 2607 2758 2671; x_wconf 82' lang='lat' dir='ltr'><strong>cap.</strong></span> <span class='ocrx_word' id='word_1_302' title='bbox 2788 2586 2893 2650; x_wconf 84' lang='lat'><strong>15.</strong></span> <span class='ocrx_word' id='word_1_303' title='bbox 2911 2584 3121 2652; x_wconf 79' lang='lat' dir='ltr'><strong>Atha-</strong></span> 
     </span>
     <span class='ocr_line' id='line_1_27' title="bbox 190 2675 3123 2762; baseline 0.001 -23"><span class='ocrx_word' id='word_1_304' title='bbox 190 2676 411 2741; x_wconf 84' lang='lat' dir='ltr'><strong>nasius</strong></span> <span class='ocrx_word' id='word_1_305' title='bbox 438 2676 507 2740; x_wconf 89' lang='lat' dir='ltr'><strong>in</strong></span> <span class='ocrx_word' id='word_1_306' title='bbox 531 2677 713 2759; x_wconf 85' lang='lat' dir='ltr'><strong>epist.</strong></span> <span class='ocrx_word' id='word_1_307' title='bbox 742 2677 817 2741; x_wconf 90' lang='lat' dir='ltr'><strong>de</strong></span> <span class='ocrx_word' id='word_1_308' title='bbox 850 2676 1079 2742; x_wconf 88' lang='lat' dir='ltr'><strong>decret.</strong></span> <span class='ocrx_word' id='word_1_309' title='bbox 1105 2675 1255 2761; x_wconf 84' lang='lat' dir='ltr'><strong>Syn.</strong></span> <span class='ocrx_word' id='word_1_310' title='bbox 1280 2675 1506 2743; x_wconf 87' lang='lat' dir='ltr'><strong>Nicen.</strong></span> <span class='ocrx_word' id='word_1_311' title='bbox 1532 2679 1882 2743; x_wconf 78' lang='lat' dir='ltr'><strong>Hominum</strong></span> <span class='ocrx_word' id='word_1_312' title='bbox 1899 2677 2357 2762; x_wconf 75' lang='lat' dir='ltr'><strong>perspicaciam</strong></span> <span class='ocrx_word' id='word_1_313' title='bbox 2379 2688 2486 2756; x_wconf 76' lang='lat' dir='ltr'><strong>est,</strong></span> <span class='ocrx_word' id='word_1_314' title='bbox 2511 2686 2582 2743; x_wconf 74' lang='lat' dir='ltr'><strong>ul</strong></span> <span class='ocrx_word' id='word_1_315' title='bbox 2606 2676 2859 2743; x_wconf 75' lang='lat' dir='ltr'><strong>Paulus</strong></span> <span class='ocrx_word' id='word_1_316' title='bbox 2881 2676 3123 2760; x_wconf 79' lang='lat' dir='ltr'><strong>praeci·</strong></span> 
     </span>
     <span class='ocr_line' id='line_1_28' title="bbox 190 2763 3121 2852; baseline 0 -23"><span class='ocrx_word' id='word_1_317' title='bbox 190 2765 307 2850; x_wconf 86' lang='lat' dir='ltr'><strong>pit,</strong></span> <span class='ocrx_word' id='word_1_318' title='bbox 331 2764 571 2831; x_wconf 83' lang='lat' dir='ltr'><strong>lectioni</strong></span> <span class='ocrx_word' id='word_1_319' title='bbox 592 2766 924 2845; x_wconf 85' lang='lat' dir='ltr'><strong>attendere,</strong></span> <span class='ocrx_word' id='word_1_320' title='bbox 948 2776 1019 2833; x_wconf 91' lang='lat' dir='ltr'><strong>ut</strong></span> <span class='ocrx_word' id='word_1_321' title='bbox 1040 2786 1175 2831; x_wconf 85' lang='lat' dir='ltr'><strong>rem</strong></span> <span class='ocrx_word' id='word_1_322' title='bbox 1185 2766 1427 2848; x_wconf 83' lang='lat' dir='ltr'><strong>judicio</strong></span> <span class='ocrx_word' id='word_1_323' title='bbox 1438 2767 1815 2833; x_wconf 68' lang='lat' dir='ltr'><strong>diseamut.</strong></span> <span class='ocrx_word' id='word_1_324' title='bbox 1838 2764 1903 2832; x_wconf 72' lang='grc' dir='ltr'><strong>ἃ·</strong></span> <span class='ocrx_word' id='word_1_325' title='bbox 1918 2787 2040 2852; x_wconf 81' lang='lat' dir='ltr'><strong>pro</strong></span> <span class='ocrx_word' id='word_1_326' title='bbox 2059 2778 2292 2832; x_wconf 79' lang='lat' dir='ltr'><strong>natura</strong></span> <span class='ocrx_word' id='word_1_327' title='bbox 2305 2787 2542 2844; x_wconf 81' lang='lat' dir='ltr'><strong>rerum,</strong></span> <span class='ocrx_word' id='word_1_328' title='bbox 2564 2764 2824 2851; x_wconf 85' lang='lat' dir='ltr'><strong>quaeibi</strong></span> <span class='ocrx_word' id='word_1_329' title='bbox 2834 2763 3121 2832; x_wconf 73' lang='lat' dir='ltr'><strong>scribun-</strong></span> 
     </span>
     <span class='ocr_line' id='line_1_29' title="bbox 193 2852 3124 2939; baseline 0 -21"><span class='ocrx_word' id='word_1_330' title='bbox 193 2866 323 2931; x_wconf 88' lang='lat' dir='ltr'><strong>tur,</strong></span> <span class='ocrx_word' id='word_1_331' title='bbox 360 2853 657 2919; x_wconf 84' lang='lat' dir='ltr'><strong>vocabu-la</strong></span> <span class='ocrx_word' id='word_1_332' title='bbox 680 2854 1005 2939; x_wconf 78' lang='lat' dir='ltr'><strong>accipiant.</strong></span> <span class='ocrx_word' id='word_1_333' title='bbox 1032 2855 1167 2919; x_wconf 82' lang='lat' dir='ltr'><strong>siue</strong></span> <span class='ocrx_word' id='word_1_334' title='bbox 1190 2856 1556 2939; x_wconf 73' lang='lat' dir='ltr'><strong>confusione</strong></span> <span class='ocrx_word' id='word_1_335' title='bbox 1585 2856 1946 2922; x_wconf 76' lang='lat' dir='ltr'><strong>intellectus.</strong></span> <span class='ocrx_word' id='word_1_336' title='bbox 1976 2853 2148 2939; x_wconf 87' lang='lat' dir='ltr'><strong>Aug.</strong></span> <span class='ocrx_word' id='word_1_337' title='bbox 2175 2854 2290 2922; x_wconf 92' lang='lat' dir='ltr'><strong>lib.</strong></span> <span class='ocrx_word' id='word_1_338' title='bbox 2321 2855 2384 2919; x_wconf 86' lang='lat'><strong>2.</strong></span> <span class='ocrx_word' id='word_1_339' title='bbox 2410 2857 2628 2919; x_wconf 88' lang='lat' dir='ltr'><strong>contra</strong></span> <span class='ocrx_word' id='word_1_340' title='bbox 2661 2852 2866 2919; x_wconf 88' lang='lat' dir='ltr'><strong>Cresc.</strong></span> <span class='ocrx_word' id='word_1_341' title='bbox 2894 2874 3036 2939; x_wconf 74' lang='lat' dir='ltr'><strong>cap.</strong></span> <span class='ocrx_word' id='word_1_342' title='bbox 3061 2854 3124 2919; x_wconf 89' lang='lat'><strong>2.</strong></span> 
     </span>
     <span class='ocr_line' id='line_1_30' title="bbox 194 2942 3124 3030; baseline -0 -22"><span class='ocrx_word' id='word_1_343' title='bbox 194 2942 340 3008; x_wconf 81' lang='lat' dir='ltr'><strong>Nou</strong></span> <span class='ocrx_word' id='word_1_344' title='bbox 361 2962 513 3007; x_wconf 83' lang='lat' dir='ltr'><strong>euro</strong></span> <span class='ocrx_word' id='word_1_345' title='bbox 534 2953 759 3008; x_wconf 86' lang='lat' dir='ltr'><strong>utrum</strong></span> <span class='ocrx_word' id='word_1_346' title='bbox 782 2944 922 3026; x_wconf 74' lang='lat' dir='ltr'><strong>ipsa</strong></span> <span class='ocrx_word' id='word_1_347' title='bbox 944 2964 1017 3009; x_wconf 89' lang='lat' dir='ltr'><strong>ea</strong></span> <span class='ocrx_word' id='word_1_348' title='bbox 1039 2943 1352 3009; x_wconf 87' lang='lat' dir='ltr'><strong>dialectiea</strong></span> <span class='ocrx_word' id='word_1_349' title='bbox 1381 2956 1647 3023; x_wconf 83' lang='lat' dir='ltr'><strong>vocetur,</strong></span> <span class='ocrx_word' id='word_1_350' title='bbox 1672 2964 1821 3011; x_wconf 89' lang='lat' dir='ltr'><strong>curo</strong></span> <span class='ocrx_word' id='word_1_351' title='bbox 1844 2955 2054 3010; x_wconf 79' lang='lat' dir='ltr'><strong>tamen</strong></span> <span class='ocrx_word' id='word_1_352' title='bbox 2077 2955 2390 3030; x_wconf 81' lang='lat' dir='ltr'><strong>quantum</strong></span> <span class='ocrx_word' id='word_1_353' title='bbox 2417 2944 2591 3009; x_wconf 88' lang='lat' dir='ltr'><strong>valeo</strong></span> <span class='ocrx_word' id='word_1_354' title='bbox 2621 2962 2803 3007; x_wconf 73' lang='lat' dir='ltr'><strong>nosse</strong></span> <span class='ocrx_word' id='word_1_355' title='bbox 2838 2962 2913 3007; x_wconf 86' lang='grc'><strong>06</strong></span> <span class='ocrx_word' id='word_1_356' title='bbox 2943 2962 3124 3026; x_wconf 74' lang='lat' dir='ltr'><strong>posse</strong></span> 
     </span>
     <span class='ocr_line' id='line_1_31' title="bbox 192 3029 3120 3119; baseline 0 -24"><span class='ocrx_word' id='word_1_357' title='bbox 192 3029 536 3113; x_wconf 69' lang='lat' dir='ltr'><strong>disputare,</strong></span> <span class='ocrx_word' id='word_1_358' title='bbox 560 3030 623 3095; x_wconf 80' lang='grc'><strong>11.</strong></span> <span class='ocrx_word' id='word_1_359' title='bbox 648 3054 699 3095; x_wconf 88' lang='grc'><strong>6.</strong></span> <span class='ocrx_word' id='word_1_360' title='bbox 716 3032 1031 3097; x_wconf 84' lang='lat' dir='ltr'><strong>veritatem</strong></span> <span class='ocrx_word' id='word_1_361' title='bbox 1054 3032 1095 3096; x_wconf 83' lang='grc' dir='ltr'><em>ὰ</em></span> <span class='ocrx_word' id='word_1_362' title='bbox 1106 3032 1377 3117; x_wconf 75' lang='lat' dir='ltr'><strong>sals-itate</strong></span> <span class='ocrx_word' id='word_1_363' title='bbox 1397 3034 1469 3099; x_wconf 84' lang='lat' dir='ltr'><strong>in</strong></span> <span class='ocrx_word' id='word_1_364' title='bbox 1492 3034 1799 3119; x_wconf 80' lang='lat' dir='ltr'><strong>loquendo</strong></span> <span class='ocrx_word' id='word_1_365' title='bbox 1824 3034 2185 3111; x_wconf 72' lang='lat' dir='ltr'><strong>discernere,</strong></span> <span class='ocrx_word' id='word_1_366' title='bbox 2209 3033 2322 3119; x_wconf 84' lang='lat' dir='ltr'><strong>qui</strong></span> <span class='ocrx_word' id='word_1_367' title='bbox 2341 3032 2474 3097; x_wconf 74' lang='lat' dir='ltr'><strong>uisi</strong></span> <span class='ocrx_word' id='word_1_368' title='bbox 2495 3032 2607 3097; x_wconf 82' lang='lat' dir='ltr'><strong>hoe</strong></span> <span class='ocrx_word' id='word_1_369' title='bbox 2630 3049 2952 3109; x_wconf 81' lang='lat' dir='ltr'><strong>curavero,</strong></span> <span class='ocrx_word' id='word_1_370' title='bbox 2971 3050 3120 3115; x_wconf 79' lang='lat' dir='ltr'><strong>per·</strong></span> 
     </span>
     <span class='ocr_line' id='line_1_32' title="bbox 194 3118 3120 3206; baseline 0 -23"><span class='ocrx_word' id='word_1_371' title='bbox 194 3120 419 3183; x_wconf 74' lang='lat' dir='ltr'><strong>niciose</strong></span> <span class='ocrx_word' id='word_1_372' title='bbox 436 3119 671 3185; x_wconf 80' lang='lat' dir='ltr'><strong>errabo.</strong></span> <span class='ocrx_word' id='word_1_373' title='bbox 699 3118 1072 3205; x_wconf 84' lang='lat' dir='ltr'><strong>Hieronym.</strong></span> <span class='ocrx_word' id='word_1_374' title='bbox 1099 3121 1167 3185; x_wconf 90' lang='lat' dir='ltr'><strong>in</strong></span> <span class='ocrx_word' id='word_1_375' title='bbox 1201 3119 1408 3187; x_wconf 84' lang='lat' dir='ltr'><strong>Galat.</strong></span> <span class='ocrx_word' id='word_1_376' title='bbox 1447 3122 1505 3187; x_wconf 89' lang='lat'><strong>1.</strong></span> <span class='ocrx_word' id='word_1_377' title='bbox 1542 3124 1601 3186; x_wconf 85' lang='lat'><strong>2.</strong></span> <span class='ocrx_word' id='word_1_378' title='bbox 1636 3122 1747 3189; x_wconf 84' lang='lat' dir='ltr'><strong>ait.</strong></span> <span class='ocrx_word' id='word_1_379' title='bbox 1776 3122 1918 3189; x_wconf 86' lang='lat' dir='ltr'><strong>Non</strong></span> <span class='ocrx_word' id='word_1_380' title='bbox 1943 3121 2010 3185; x_wconf 76' lang='lat' dir='ltr'><strong>iu</strong></span> <span class='ocrx_word' id='word_1_381' title='bbox 2035 3120 2236 3187; x_wconf 79' lang='lat' dir='ltr'><strong>verbis</strong></span> <span class='ocrx_word' id='word_1_382' title='bbox 2259 3122 2728 3206; x_wconf 77' lang='lat' dir='ltr'><strong>seripturarum</strong></span> <span class='ocrx_word' id='word_1_383' title='bbox 2757 3139 2886 3185; x_wconf 78' lang='lat' dir='ltr'><strong>esse</strong></span> <span class='ocrx_word' id='word_1_384' title='bbox 2905 3120 3120 3185; x_wconf 84' lang='lat' dir='ltr'><strong>Evau-</strong></span> 
     </span>
     <span class='ocr_line' id='line_1_33' title="bbox 191 3206 3123 3298; baseline 0 -26"><span class='ocrx_word' id='word_1_385' title='bbox 191 3206 445 3293; x_wconf 82' lang='lat' dir='ltr'><strong>9elium,</strong></span> <span class='ocrx_word' id='word_1_386' title='bbox 478 3208 585 3273; x_wconf 79' lang='lat' dir='ltr'><strong>sed</strong></span> <span class='ocrx_word' id='word_1_387' title='bbox 622 3209 693 3273; x_wconf 80' lang='lat' dir='ltr'><strong>iu</strong></span> <span class='ocrx_word' id='word_1_388' title='bbox 722 3228 929 3281; x_wconf 74' lang='lat' dir='ltr'><strong>sens-u,</strong></span> <span class='ocrx_word' id='word_1_389' title='bbox 960 3230 1093 3274; x_wconf 82' lang='lat' dir='ltr'><strong>uon</strong></span> <span class='ocrx_word' id='word_1_390' title='bbox 1116 3209 1187 3274; x_wconf 85' lang='lat' dir='ltr'><strong>iu</strong></span> <span class='ocrx_word' id='word_1_391' title='bbox 1216 3210 1557 3298; x_wconf 78' lang='lat' dir='ltr'><strong>superficie,</strong></span> <span class='ocrx_word' id='word_1_392' title='bbox 1591 3208 1789 3275; x_wconf 80' lang='lat' dir='ltr'><strong>sedin</strong></span> <span class='ocrx_word' id='word_1_393' title='bbox 1817 3209 2113 3289; x_wconf 81' lang='lat' dir='ltr'><strong>medulla,</strong></span> <span class='ocrx_word' id='word_1_394' title='bbox 2145 3209 2370 3275; x_wconf 81' lang='lat' dir='ltr'><strong>nonin</strong></span> <span class='ocrx_word' id='word_1_395' title='bbox 2390 3228 2758 3275; x_wconf 74' lang='lat' dir='ltr'><strong>sermonum</strong></span> <span class='ocrx_word' id='word_1_396' title='bbox 2789 3206 2982 3290; x_wconf 68' lang='lat' dir='ltr'><strong>foliis,</strong></span> <span class='ocrx_word' id='word_1_397' title='bbox 3015 3208 3123 3273; x_wconf 78' lang='lat' dir='ltr'><strong>sed</strong></span> 
     </span>
     <span class='ocr_line' id='line_1_34' title="bbox 194 3294 3120 3379; baseline 0 -18"><span class='ocrx_word' id='word_1_398' title='bbox 194 3297 268 3361; x_wconf 79' lang='lat' dir='ltr'><strong>iu</strong></span> <span class='ocrx_word' id='word_1_399' title='bbox 302 3296 508 3361; x_wconf 78' lang='lat' dir='ltr'><strong>radice</strong></span> <span class='ocrx_word' id='word_1_400' title='bbox 542 3296 827 3362; x_wconf 59' lang='lat' dir='ltr'><strong>rationi&amp;</strong></span> <span class='ocrx_word' id='word_1_401' title='bbox 874 3296 1033 3362; x_wconf 86' lang='lat' dir='ltr'><strong>Cum</strong></span> <span class='ocrx_word' id='word_1_402' title='bbox 1064 3298 1165 3361; x_wconf 89' lang='lat' dir='ltr'><strong>his</strong></span> <span class='ocrx_word' id='word_1_403' title='bbox 1196 3298 1489 3363; x_wconf 86' lang='lat' dir='ltr'><strong>convenit</strong></span> <span class='ocrx_word' id='word_1_404' title='bbox 1527 3299 1765 3364; x_wconf 89' lang='lat' dir='ltr'><strong>dictum</strong></span> <span class='ocrx_word' id='word_1_405' title='bbox 1790 3296 2084 3363; x_wconf 86' lang='lat' dir='ltr'><strong>Anselmi</strong></span> <span class='ocrx_word' id='word_1_406' title='bbox 2105 3298 2174 3362; x_wconf 92' lang='lat' dir='ltr'><strong>in</strong></span> <span class='ocrx_word' id='word_1_407' title='bbox 2203 3298 2314 3363; x_wconf 90' lang='lat' dir='ltr'><strong>lib.</strong></span> <span class='ocrx_word' id='word_1_408' title='bbox 2342 3298 2418 3362; x_wconf 91' lang='lat' dir='ltr'><strong>de</strong></span> <span class='ocrx_word' id='word_1_409' title='bbox 2442 3295 2772 3362; x_wconf 66' lang='lat' dir='ltr'><strong>concordia</strong></span> <span class='ocrx_word' id='word_1_410' title='bbox 2791 3294 3041 3379; x_wconf 80' lang='lat' dir='ltr'><strong>gratiae</strong></span> <span class='ocrx_word' id='word_1_411' title='bbox 3073 3296 3120 3362; x_wconf 68' lang='lat'><strong>85</strong></span> 
     </span>
     <span class='ocr_line' id='line_1_35' title="bbox 196 3382 3116 3473; baseline 0.001 -26"><span class='ocrx_word' id='word_1_412' title='bbox 196 3384 307 3449; x_wconf 90' lang='lat' dir='ltr'><strong>lib.</strong></span> <span class='ocrx_word' id='word_1_413' title='bbox 342 3384 563 3449; x_wconf 85' lang='lat' dir='ltr'><strong>arbitr.</strong></span> <span class='ocrx_word' id='word_1_414' title='bbox 597 3385 701 3451; x_wconf 83' lang='lat' dir='ltr'><strong>Sic</strong></span> <span class='ocrx_word' id='word_1_415' title='bbox 730 3386 939 3471; x_wconf 86' lang='lat' dir='ltr'><strong>itaque</strong></span> <span class='ocrx_word' id='word_1_416' title='bbox 960 3406 1140 3451; x_wconf 76' lang='lat' dir='ltr'><strong>saera·</strong></span> <span class='ocrx_word' id='word_1_417' title='bbox 1161 3387 1475 3471; x_wconf 80' lang='lat' dir='ltr'><strong>scriptura</strong></span> <span class='ocrx_word' id='word_1_418' title='bbox 1496 3388 1705 3453; x_wconf 82' lang='lat' dir='ltr'><strong>omnis</strong></span> <span class='ocrx_word' id='word_1_419' title='bbox 1726 3386 2020 3467; x_wconf 78' lang='lat' dir='ltr'><strong>veritatis,</strong></span> <span class='ocrx_word' id='word_1_420' title='bbox 2046 3407 2240 3473; x_wconf 89' lang='lat' dir='ltr'><strong>quam</strong></span> <span class='ocrx_word' id='word_1_421' title='bbox 2265 3385 2429 3452; x_wconf 86' lang='lat' dir='ltr'><strong>ratio</strong></span> <span class='ocrx_word' id='word_1_422' title='bbox 2451 3385 2698 3471; x_wconf 74' lang='lat' dir='ltr'><strong>colliyit,</strong></span> <span class='ocrx_word' id='word_1_423' title='bbox 2723 3382 3116 3451; x_wconf 74' lang='lat' dir='ltr'><strong>autoritatem</strong></span> 
     </span>
     <span class='ocr_line' id='line_1_36' title="bbox 196 3472 3116 3563; baseline -0.001 -24"><span class='ocrx_word' id='word_1_424' title='bbox 196 3474 479 3552; x_wconf 81' lang='lat' dir='ltr'><strong>eontinet,</strong></span> <span class='ocrx_word' id='word_1_425' title='bbox 496 3494 643 3539; x_wconf 84' lang='lat' dir='ltr'><strong>eum</strong></span> <span class='ocrx_word' id='word_1_426' title='bbox 666 3476 849 3539; x_wconf 86' lang='lat' dir='ltr'><strong>illum</strong></span> <span class='ocrx_word' id='word_1_427' title='bbox 870 3486 984 3540; x_wconf 87' lang='lat' dir='ltr'><strong>aut</strong></span> <span class='ocrx_word' id='word_1_428' title='bbox 1006 3477 1214 3559; x_wconf 79' lang='lat' dir='ltr'><strong>aperte</strong></span> <span class='ocrx_word' id='word_1_429' title='bbox 1233 3476 1540 3563; x_wconf 81' lang='lat' dir='ltr'><strong>affirmat,</strong></span> <span class='ocrx_word' id='word_1_430' title='bbox 1563 3488 1677 3542; x_wconf 85' lang='lat' dir='ltr'><strong>aut</strong></span> <span class='ocrx_word' id='word_1_431' title='bbox 1698 3476 2062 3542; x_wconf 79' lang='lat' dir='ltr'><strong>nullatenus</strong></span> <span class='ocrx_word' id='word_1_432' title='bbox 2085 3487 2282 3561; x_wconf 73' lang='lat' dir='ltr'><strong>neyat.</strong></span> <span class='ocrx_word' id='word_1_433' title='bbox 2313 3474 2496 3558; x_wconf 86' lang='lat' dir='ltr'><strong>Quod</strong></span> <span class='ocrx_word' id='word_1_434' title='bbox 2516 3474 2686 3541; x_wconf 85' lang='lat' dir='ltr'><strong>enim</strong></span> <span class='ocrx_word' id='word_1_435' title='bbox 2715 3472 2934 3557; x_wconf 78' lang='lat' dir='ltr'><strong>aperta</strong></span> <span class='ocrx_word' id='word_1_436' title='bbox 2957 3472 3116 3537; x_wconf 84' lang='lat' dir='ltr'><strong>rati-</strong></span> 
     </span>
     <span class='ocr_line' id='line_1_37' title="bbox 196 3560 3120 3650; baseline -0.001 -23"><span class='ocrx_word' id='word_1_437' title='bbox 196 3581 311 3627; x_wconf 82' lang='lat' dir='ltr'><strong>one</strong></span> <span class='ocrx_word' id='word_1_438' title='bbox 331 3562 667 3646; x_wconf 73' lang='lat' dir='ltr'><strong>eolliqitur,</strong></span> <span class='ocrx_word' id='word_1_439' title='bbox 696 3560 761 3629; x_wconf 65' lang='lat' dir='ltr'><strong>a·</strong></span> <span class='ocrx_word' id='word_1_440' title='bbox 792 3563 903 3641; x_wconf 87' lang='lat' dir='ltr'><strong>illi,</strong></span> <span class='ocrx_word' id='word_1_441' title='bbox 933 3584 1010 3627; x_wconf 72' lang='lat' dir='ltr'><strong>ex</strong></span> <span class='ocrx_word' id='word_1_442' title='bbox 1029 3564 1213 3631; x_wconf 70' lang='lat' dir='ltr'><strong>nulla</strong></span> <span class='ocrx_word' id='word_1_443' title='bbox 1236 3565 1581 3648; x_wconf 78' lang='lat' dir='ltr'><strong>scripturae</strong></span> <span class='ocrx_word' id='word_1_444' title='bbox 1598 3575 1777 3650; x_wconf 80' lang='lat' dir='ltr'><strong>parte</strong></span> <span class='ocrx_word' id='word_1_445' title='bbox 1799 3564 2260 3643; x_wconf 78' lang='lat' dir='ltr'><strong>contradicitur,</strong></span> <span class='ocrx_word' id='word_1_446' title='bbox 2287 3562 2590 3650; x_wconf 83' lang='lat' dir='ltr'><strong>quoniam</strong></span> <span class='ocrx_word' id='word_1_447' title='bbox 2611 3562 2751 3647; x_wconf 77' lang='lat' dir='ltr'><strong>ipsa</strong></span> <span class='ocrx_word' id='word_1_448' title='bbox 2773 3560 2930 3626; x_wconf 77' lang='lat' dir='ltr'><strong>sieut</strong></span> <span class='ocrx_word' id='word_1_449' title='bbox 2950 3560 3120 3627; x_wconf 78' lang='lat' dir='ltr'><strong>nulli</strong></span> 
     </span>
     <span class='ocr_line' id='line_1_38' title="bbox 196 3648 3119 3740; baseline -0.001 -24"><span class='ocrx_word' id='word_1_450' title='bbox 196 3650 564 3718; x_wconf 79' lang='lat' dir='ltr'><strong>adversat-ur</strong></span> <span class='ocrx_word' id='word_1_451' title='bbox 598 3650 861 3729; x_wconf 87' lang='lat' dir='ltr'><strong>veritati,</strong></span> <span class='ocrx_word' id='word_1_452' title='bbox 905 3651 994 3716; x_wconf 87' lang='lat' dir='ltr'><strong>ita</strong></span> <span class='ocrx_word' id='word_1_453' title='bbox 1016 3653 1199 3718; x_wconf 78' lang='lat' dir='ltr'><strong>nulla</strong></span> <span class='ocrx_word' id='word_1_454' title='bbox 1222 3652 1385 3736; x_wconf 81' lang='lat' dir='ltr'><strong>favet</strong></span> <span class='ocrx_word' id='word_1_455' title='bbox 1408 3654 1693 3737; x_wconf 74' lang='lat' dir='ltr'><strong>falsitati,</strong></span> <span class='ocrx_word' id='word_1_456' title='bbox 1718 3653 1831 3718; x_wconf 81' lang='lat' dir='ltr'><strong>hoe</strong></span> <span class='ocrx_word' id='word_1_457' title='bbox 1855 3653 1990 3737; x_wconf 80' lang='lat' dir='ltr'><strong>ipso</strong></span> <span class='ocrx_word' id='word_1_458' title='bbox 2012 3654 2165 3740; x_wconf 84' lang='lat' dir='ltr'><strong>quia</strong></span> <span class='ocrx_word' id='word_1_459' title='bbox 2188 3672 2321 3718; x_wconf 75' lang='lat' dir='ltr'><strong>nou</strong></span> <span class='ocrx_word' id='word_1_460' title='bbox 2343 3662 2526 3736; x_wconf 76' lang='lat' dir='ltr'><strong>neqat</strong></span> <span class='ocrx_word' id='word_1_461' title='bbox 2551 3650 2721 3737; x_wconf 87' lang='lat' dir='ltr'><strong>quod</strong></span> <span class='ocrx_word' id='word_1_462' title='bbox 2748 3648 2991 3715; x_wconf 79' lang='lat' dir='ltr'><strong>ratione</strong></span> <span class='ocrx_word' id='word_1_463' title='bbox 3019 3648 3119 3713; x_wconf 78' lang='lat' dir='ltr'><strong>cli-</strong></span> 
     </span>
     <span class='ocr_line' id='line_1_39' title="bbox 196 3736 3120 3825; baseline -0 -21"><span class='ocrx_word' id='word_1_464' title='bbox 196 3739 373 3819; x_wconf 88' lang='lat' dir='ltr'><strong>eitur,</strong></span> <span class='ocrx_word' id='word_1_465' title='bbox 410 3739 545 3823; x_wconf 75' lang='lat' dir='ltr'><strong>ejus</strong></span> <span class='ocrx_word' id='word_1_466' title='bbox 580 3741 913 3805; x_wconf 84' lang='lat' dir='ltr'><strong>autoritate</strong></span> <span class='ocrx_word' id='word_1_467' title='bbox 947 3741 1307 3825; x_wconf 79' lang='lat' dir='ltr'><strong>suscipitur.</strong></span> <span class='ocrx_word' id='word_1_468' title='bbox 1350 3740 1509 3807; x_wconf 88' lang='lat' dir='ltr'><strong>Cum</strong></span> <span class='ocrx_word' id='word_1_469' title='bbox 1540 3742 1671 3807; x_wconf 87' lang='lat' dir='ltr'><strong>illis</strong></span> <span class='ocrx_word' id='word_1_470' title='bbox 1701 3741 1949 3807; x_wconf 86' lang='lat' dir='ltr'><strong>faciunt</strong></span> <span class='ocrx_word' id='word_1_471' title='bbox 1979 3740 2296 3806; x_wconf 88' lang='lat' dir='ltr'><strong>Pontificii</strong></span> <span class='ocrx_word' id='word_1_472' title='bbox 2327 3739 2688 3807; x_wconf 71' lang='lat' dir='ltr'><strong>Scholastici</strong></span> <span class='ocrx_word' id='word_1_473' title='bbox 2729 3736 2816 3803; x_wconf 82' lang='lat' dir='ltr'><strong>ad</strong></span> <span class='ocrx_word' id='word_1_474' title='bbox 2849 3736 3120 3803; x_wconf 78' lang='lat' dir='ltr'><strong>Thomae</strong></span> 
     </span>
     <span class='ocr_line' id='line_1_40' title="bbox 198 3827 3120 3917; baseline -0.001 -24"><span class='ocrx_word' id='word_1_475' title='bbox 198 3828 393 3893; x_wconf 75' lang='lat' dir='ltr'><strong>locum</strong></span> <span class='ocrx_word' id='word_1_476' title='bbox 410 3847 613 3913; x_wconf 72' lang='lat' dir='ltr'><strong>supra</strong></span> <span class='ocrx_word' id='word_1_477' title='bbox 637 3828 989 3893; x_wconf 85' lang='lat' dir='ltr'><strong>laudatum.</strong></span> <span class='ocrx_word' id='word_1_478' title='bbox 1012 3828 1291 3895; x_wconf 87' lang='lat' dir='ltr'><strong>Sal-mero</strong></span> <span class='ocrx_word' id='word_1_479' title='bbox 1318 3840 1466 3895; x_wconf 84' lang='lat' dir='ltr'><strong>tom.</strong></span> <span class='ocrx_word' id='word_1_480' title='bbox 1488 3832 1543 3911; x_wconf 74' lang='lat'><strong>1.</strong></span> <span class='ocrx_word' id='word_1_481' title='bbox 1566 3832 1805 3917; x_wconf 76' lang='lat' dir='ltr'><strong>proleq.</strong></span> <span class='ocrx_word' id='word_1_482' title='bbox 1828 3830 1891 3893; x_wconf 82' lang='lat'><strong>9.</strong></span> <span class='ocrx_word' id='word_1_483' title='bbox 1914 3850 2053 3895; x_wconf 83' lang='lat' dir='ltr'><strong>can.</strong></span> <span class='ocrx_word' id='word_1_484' title='bbox 2081 3830 2140 3896; x_wconf 81' lang='lat'><strong>7.</strong></span> <span class='ocrx_word' id='word_1_485' title='bbox 2169 3843 2314 3895; x_wconf 85' lang='lat' dir='ltr'><strong>tom.</strong></span> <span class='ocrx_word' id='word_1_486' title='bbox 2335 3832 2396 3895; x_wconf 89' lang='grc'>8.</span> <span class='ocrx_word' id='word_1_487' title='bbox 2423 3838 2599 3895; x_wconf 85' lang='lat' dir='ltr'><strong>tract.</strong></span> <span class='ocrx_word' id='word_1_488' title='bbox 2625 3827 2729 3892; x_wconf 88' lang='grc'><strong>61.</strong></span> <span class='ocrx_word' id='word_1_489' title='bbox 2749 3828 2904 3911; x_wconf 75' lang='lat' dir='ltr'><strong>Veqa</strong></span> <span class='ocrx_word' id='word_1_490' title='bbox 2925 3845 3120 3911; x_wconf 74' lang='lat' dir='ltr'><strong>super</strong></span> 
     </span>
     <span class='ocr_line' id='line_1_41' title="bbox 202 3914 3115 4001; baseline 0 -20"><span class='ocrx_word' id='word_1_491' title='bbox 202 3916 422 3981; x_wconf 80' lang='lat' dir='ltr'><strong>Concil.</strong></span> <span class='ocrx_word' id='word_1_492' title='bbox 474 3916 747 3983; x_wconf 69' lang='lat' dir='ltr'><strong>rridem.</strong></span> <span class='ocrx_word' id='word_1_493' title='bbox 788 3937 920 4001; x_wconf 82' lang='lat' dir='ltr'><strong>cap.</strong></span> <span class='ocrx_word' id='word_1_494' title='bbox 965 3918 1070 3981; x_wconf 88' lang='grc'><strong>39.</strong></span> <span class='ocrx_word' id='word_1_495' title='bbox 1106 3918 1534 3985; x_wconf 80' lang='lat' dir='ltr'><strong>Bellarmiuus</strong></span> <span class='ocrx_word' id='word_1_496' title='bbox 1581 3920 1683 3985; x_wconf 86' lang='lat' dir='ltr'><strong>lib.</strong></span> <span class='ocrx_word' id='word_1_497' title='bbox 1726 3920 1789 3984; x_wconf 91' lang='lat'><strong>4.</strong></span> <span class='ocrx_word' id='word_1_498' title='bbox 1826 3918 1903 3983; x_wconf 87' lang='lat' dir='ltr'><strong>de</strong></span> <span class='ocrx_word' id='word_1_499' title='bbox 1943 3918 2123 3985; x_wconf 83' lang='lat' dir='ltr'><strong>verbo</strong></span> <span class='ocrx_word' id='word_1_500' title='bbox 2159 3918 2300 3995; x_wconf 87' lang='lat' dir='ltr'><strong>Dei,</strong></span> <span class='ocrx_word' id='word_1_501' title='bbox 2338 3940 2388 3985; x_wconf 91' lang='grc'><strong>6.</strong></span> <span class='ocrx_word' id='word_1_502' title='bbox 2423 3918 2484 3981; x_wconf 88' lang='grc'><strong>9.</strong></span> <span class='ocrx_word' id='word_1_503' title='bbox 2522 3914 2682 3983; x_wconf 64' lang='lat' dir='ltr'><strong>&amp;de</strong></span> <span class='ocrx_word' id='word_1_504' title='bbox 2705 3914 2871 3983; x_wconf 71' lang='lat' dir='ltr'><strong>notis</strong></span> <span class='ocrx_word' id='word_1_505' title='bbox 2893 3916 3115 3981; x_wconf 74' lang='lat' dir='ltr'><strong>Eccles-</strong></span> 
     </span>
     <span class='ocr_line' id='line_1_42' title="bbox 196 4001 3114 4093; baseline -0.001 -25"><span class='ocrx_word' id='word_1_506' title='bbox 196 4024 325 4089; x_wconf 80' lang='lat' dir='ltr'><strong>cap.</strong></span> <span class='ocrx_word' id='word_1_507' title='bbox 352 4006 414 4070; x_wconf 90' lang='lat'><strong>3.</strong></span> <span class='ocrx_word' id='word_1_508' title='bbox 442 4002 506 4070; x_wconf 69' lang='grc' dir='ltr'><strong>ἃ·</strong></span> <span class='ocrx_word' id='word_1_509' title='bbox 529 4004 587 4069; x_wconf 63' lang='grc' dir='ltr'><strong>ἀι</strong></span> <span class='ocrx_word' id='word_1_510' title='bbox 614 4006 873 4093; x_wconf 81' lang='lat' dir='ltr'><strong>justifie.</strong></span> <span class='ocrx_word' id='word_1_511' title='bbox 892 4005 996 4071; x_wconf 88' lang='lat' dir='ltr'><strong>lib.</strong></span> <span class='ocrx_word' id='word_1_512' title='bbox 1023 4006 1085 4072; x_wconf 89' lang='lat'><strong>3.</strong></span> <span class='ocrx_word' id='word_1_513' title='bbox 1108 4027 1158 4071; x_wconf 91' lang='grc'><strong>6.</strong></span> <span class='ocrx_word' id='word_1_514' title='bbox 1186 4008 1247 4071; x_wconf 88' lang='grc'>8.</span> <span class='ocrx_word' id='word_1_515' title='bbox 1280 4008 1493 4073; x_wconf 74' lang='lat' dir='ltr'><strong>Canus</strong></span> <span class='ocrx_word' id='word_1_516' title='bbox 1516 4010 1699 4093; x_wconf 69' lang='lat' dir='ltr'><strong>locor.</strong></span> <span class='ocrx_word' id='word_1_517' title='bbox 1735 4008 1938 4074; x_wconf 74' lang='lat' dir='ltr'><strong>Theoi.</strong></span> <span class='ocrx_word' id='word_1_518' title='bbox 1966 4006 2068 4073; x_wconf 83' lang='lat' dir='ltr'><strong>lib.</strong></span> <span class='ocrx_word' id='word_1_519' title='bbox 2099 4008 2200 4071; x_wconf 88' lang='lat'><strong>12.</strong></span> <span class='ocrx_word' id='word_1_520' title='bbox 2223 4028 2272 4072; x_wconf 92' lang='grc'><strong>6.</strong></span> <span class='ocrx_word' id='word_1_521' title='bbox 2300 4007 2362 4071; x_wconf 87' lang='grc'>6.</span> <span class='ocrx_word' id='word_1_522' title='bbox 2392 4004 2456 4073; x_wconf 73' lang='grc'>8,·</span> <span class='ocrx_word' id='word_1_523' title='bbox 2478 4004 2663 4072; x_wconf 60' lang='lat' dir='ltr'><strong>tiae.</strong></span> <span class='ocrx_word' id='word_1_524' title='bbox 2681 4024 2731 4069; x_wconf 92' lang='grc'><strong>6.</strong></span> <span class='ocrx_word' id='word_1_525' title='bbox 2757 4003 2818 4067; x_wconf 90' lang='grc'><strong>8.</strong></span> <span class='ocrx_word' id='word_1_526' title='bbox 2857 4001 2948 4067; x_wconf 85' lang='lat' dir='ltr'><strong>Et</strong></span> <span class='ocrx_word' id='word_1_527' title='bbox 2971 4002 3114 4087; x_wconf 89' lang='lat' dir='ltr'><strong>qui-</strong></span> 
     </span>
     <span class='ocr_line' id='line_1_43' title="bbox 197 4090 3110 4180; baseline -0.001 -22"><span class='ocrx_word' id='word_1_528' title='bbox 197 4114 435 4177; x_wconf 90' lang='lat' dir='ltr'><strong>cunque</strong></span> <span class='ocrx_word' id='word_1_529' title='bbox 480 4116 658 4158; x_wconf 89' lang='lat' dir='ltr'><strong>usum</strong></span> <span class='ocrx_word' id='word_1_530' title='bbox 690 4094 1165 4177; x_wconf 86' lang='lat' dir='ltr'><strong>Philosophiae,</strong></span> <span class='ocrx_word' id='word_1_531' title='bbox 1199 4094 1497 4180; x_wconf 86' lang='lat' dir='ltr'><strong>Logicae,</strong></span> <span class='ocrx_word' id='word_1_532' title='bbox 1522 4098 1567 4163; x_wconf 78' lang='grc'><strong>81</strong></span> <span class='ocrx_word' id='word_1_533' title='bbox 1591 4094 1983 4180; x_wconf 85' lang='lat' dir='ltr'><strong>Theologiae</strong></span> <span class='ocrx_word' id='word_1_534' title='bbox 2005 4093 2455 4173; x_wconf 86' lang='lat' dir='ltr'><strong>Scholasticae,</strong></span> <span class='ocrx_word' id='word_1_535' title='bbox 2481 4115 2645 4179; x_wconf 83' lang='lat' dir='ltr'><strong>quae</strong></span> <span class='ocrx_word' id='word_1_536' title='bbox 2667 4092 2857 4158; x_wconf 86' lang='lat' dir='ltr'><strong>hodie</strong></span> <span class='ocrx_word' id='word_1_537' title='bbox 2881 4090 2950 4157; x_wconf 87' lang='grc'><strong>111</strong></span> <span class='ocrx_word' id='word_1_538' title='bbox 2972 4112 3110 4155; x_wconf 91' lang='lat' dir='ltr'><strong>om·</strong></span> 
     </span>
     <span class='ocr_line' id='line_1_44' title="bbox 198 4180 3114 4269; baseline -0 -23"><span class='ocrx_word' id='word_1_539' title='bbox 198 4180 377 4247; x_wconf 87' lang='lat' dir='ltr'><strong>nibus</strong></span> <span class='ocrx_word' id='word_1_540' title='bbox 414 4182 696 4265; x_wconf 88' lang='lat' dir='ltr'><strong>ipsorum</strong></span> <span class='ocrx_word' id='word_1_541' title='bbox 730 4182 1091 4248; x_wconf 86' lang='lat' dir='ltr'><strong>Academiis</strong></span> <span class='ocrx_word' id='word_1_542' title='bbox 1128 4184 1478 4250; x_wconf 89' lang='lat' dir='ltr'><strong>etiamnum</strong></span> <span class='ocrx_word' id='word_1_543' title='bbox 1511 4185 1886 4269; x_wconf 81' lang='lat' dir='ltr'><strong>explicatur,</strong></span> <span class='ocrx_word' id='word_1_544' title='bbox 1911 4184 2274 4249; x_wconf 87' lang='lat' dir='ltr'><strong>defendunt.</strong></span> <span class='ocrx_word' id='word_1_545' title='bbox 2305 4182 2523 4249; x_wconf 82' lang='lat' dir='ltr'><strong>Etiam</strong></span> <span class='ocrx_word' id='word_1_546' title='bbox 2555 4184 2840 4251; x_wconf 71' lang='lat' dir='ltr'><strong>costerus</strong></span> <span class='ocrx_word' id='word_1_547' title='bbox 2863 4180 2934 4246; x_wconf 81' lang='lat' dir='ltr'><strong>in</strong></span> <span class='ocrx_word' id='word_1_548' title='bbox 2959 4199 3114 4265; x_wconf 78' lang='lat' dir='ltr'><strong>pro-</strong></span> 
     </span>
     <span class='ocr_line' id='line_1_45' title="bbox 198 4267 3116 4355; baseline -0.001 -20"><span class='ocrx_word' id='word_1_549' title='bbox 198 4270 407 4355; x_wconf 73' lang='lat' dir='ltr'><strong>leyom.</strong></span> <span class='ocrx_word' id='word_1_550' title='bbox 439 4270 791 4337; x_wconf 78' lang='lat' dir='ltr'><strong>Erwhiridii</strong></span> <span class='ocrx_word' id='word_1_551' title='bbox 827 4274 874 4337; x_wconf 70' lang='lat' dir='ltr'><strong>a</strong></span> <span class='ocrx_word' id='word_1_552' title='bbox 904 4272 1037 4350; x_wconf 89' lang='lat' dir='ltr'><strong>alii,</strong></span> <span class='ocrx_word' id='word_1_553' title='bbox 1078 4271 1191 4355; x_wconf 81' lang='lat' dir='ltr'><strong>qui</strong></span> <span class='ocrx_word' id='word_1_554' title='bbox 1218 4294 1345 4338; x_wconf 89' lang='lat' dir='ltr'><strong>non</strong></span> <span class='ocrx_word' id='word_1_555' title='bbox 1368 4273 1495 4341; x_wconf 87' lang='grc'>11181</span> <span class='ocrx_word' id='word_1_556' title='bbox 1533 4296 1605 4341; x_wconf 85' lang='lat' dir='ltr'><strong>ar</strong></span> <span class='ocrx_word' id='word_1_557' title='bbox 1714 4298 1719 4303; x_wconf 91' lang='lat'><strong>·</strong></span> <span class='ocrx_word' id='word_1_558' title='bbox 1764 4272 1929 4339; x_wconf 88' lang='lat' dir='ltr'><strong>entis</strong></span> <span class='ocrx_word' id='word_1_559' title='bbox 1965 4272 2035 4337; x_wconf 91' lang='lat' dir='ltr'><strong>in</strong></span> <span class='ocrx_word' id='word_1_560' title='bbox 2072 4272 2280 4337; x_wconf 72' lang='lat' dir='ltr'><strong>forma</strong></span> <span class='ocrx_word' id='word_1_561' title='bbox 2307 4272 2640 4338; x_wconf 87' lang='lat' dir='ltr'><strong>nobiscum</strong></span> <span class='ocrx_word' id='word_1_562' title='bbox 2661 4267 3116 4354; x_wconf 86' lang='lat' dir='ltr'><strong>disputandum</strong></span> 
     </span>
     <span class='ocr_line' id='line_1_46' title="bbox 196 4355 3114 4508; baseline -0.001 -84"><span class='ocrx_word' id='word_1_563' title='bbox 196 4363 620 4444; x_wconf 85' lang='lat' dir='ltr'><strong>praemonent.</strong></span> <span class='ocrx_word' id='word_1_564' title='bbox 638 4358 741 4426; x_wconf 88' lang='lat' dir='ltr'><strong>Ita</strong></span> <span class='ocrx_word' id='word_1_565' title='bbox 754 4358 1048 4427; x_wconf 86' lang='lat' dir='ltr'><strong>ferebant</strong></span> <span class='ocrx_word' id='word_1_566' title='bbox 1072 4362 1247 4447; x_wconf 86' lang='lat' dir='ltr'><strong>leges</strong></span> <span class='ocrx_word' id='word_1_567' title='bbox 1271 4362 1572 4447; x_wconf 89' lang='lat' dir='ltr'><strong>colloquii</strong></span> <span class='ocrx_word' id='word_1_568' title='bbox 1656 4360 2079 4429; x_wconf 85' lang='lat' dir='ltr'><strong>atisbonensis</strong></span> <span class='ocrx_word' id='word_1_569' title='bbox 2103 4384 2268 4429; x_wconf 87' lang='grc'>611110</span> <span class='ocrx_word' id='word_1_570' title='bbox 2296 4360 2488 4428; x_wconf 90' lang='lat'><strong>1600.</strong></span> <span class='ocrx_word' id='word_1_571' title='bbox 2506 4360 2619 4427; x_wconf 90' lang='lat' dir='ltr'><strong>ubi</strong></span> <span class='ocrx_word' id='word_1_572' title='bbox 2636 4359 2830 4427; x_wconf 81' lang='lat' dir='ltr'><strong>etiam</strong></span> <span class='ocrx_word' id='word_1_573' title='bbox 2846 4355 3114 4508; x_wconf 67' lang='lat' dir='ltr'><strong>aubiplde</strong></span> 
     </span>
     <span class='ocr_line' id='line_1_47' title="bbox 2912 4465 3113 4511; baseline -0.005 0"><span class='ocrx_word' id='word_1_574' title='bbox 2912 4466 2986 4511; x_wconf 87' lang='lat' dir='ltr'><strong>co</strong></span> <span class='ocrx_word' id='word_1_575' title='bbox 3041 4465 3113 4510; x_wconf 95' lang='lat' dir='ltr'><strong>o-</strong></span> 
     </span>
    </p>
   </div>
  </div>
 </body>
</html>
