<?xml version="1.0" encoding="UTF-8"?>
<!DOCTYPE html PUBLIC "-//W3C//DTD XHTML 1.0 Transitional//EN"
    "http://www.w3.org/TR/xhtml1/DTD/xhtml1-transitional.dtd">
<html xmlns="http://www.w3.org/1999/xhtml" xml:lang="en" lang="en">
 <head>
  <title>
</title>
<meta http-equiv="Content-Type" content="text/html;charset=utf-8" />
  <meta name='ocr-system' content='tesseract 3.04.00' />
  <meta name='ocr-capabilities' content='ocr_page ocr_carea ocr_par ocr_line ocrx_word'/>
</head>
<body>
  <div class='ocr_page' id='page_1' title='image "./selectarumdispu00kuypgoog_0264.png"; bbox 0 0 3694 4871; ppageno 0'>
   <div class='ocr_carea' id='block_1_1' title="bbox 374 317 2999 386">
    <p class='ocr_par' dir='ltr' id='par_1_1' title="bbox 374 317 2999 386">
     <span class='ocr_line' id='line_1_1' title="bbox 374 317 2999 386; baseline -0.001 -1"><span class='ocrx_word' id='word_1_1' title='bbox 374 321 588 386; x_wconf 72' lang='lat' dir='ltr'><strong>D1sp.</strong></span> <span class='ocrx_word' id='word_1_2' title='bbox 637 319 818 386; x_wconf 89' lang='lat' dir='ltr'><strong>VIII.</strong></span> <span class='ocrx_word' id='word_1_3' title='bbox 866 320 976 385; x_wconf 70' lang='lat' dir='ltr'><strong>Da</strong></span> <span class='ocrx_word' id='word_1_4' title='bbox 1023 319 1382 384; x_wconf 63' lang='lat' dir='ltr'><strong>Psssolu</strong></span> <span class='ocrx_word' id='word_1_5' title='bbox 1431 319 1774 384; x_wconf 74' lang='lat' dir='ltr'><strong>Cumsrr</strong></span> <span class='ocrx_word' id='word_1_6' title='bbox 1821 317 2350 383; x_wconf 67' lang='lat' dir='ltr'><strong>Menuroals.</strong></span> <span class='ocrx_word' id='word_1_7' title='bbox 2398 317 2599 382; x_wconf 55' lang='lat' dir='ltr'><strong>Pras</strong></span> <span class='ocrx_word' id='word_1_8' title='bbox 2646 317 2730 383; x_wconf 90' lang='lat' dir='ltr'><strong>II.</strong></span> <span class='ocrx_word' id='word_1_9' title='bbox 2872 321 2999 383; x_wconf 88' lang='lat'><strong>233</strong></span> 
     </span>
    </p>
   </div>
   <div class='ocr_carea' id='block_1_2' title="bbox 106 503 3033 2180">
    <p class='ocr_par' dir='ltr' id='par_1_2' title="bbox 106 503 3033 2180">
     <span class='ocr_line' id='line_1_2' title="bbox 113 503 3024 591; baseline -0.001 -21"><span class='ocrx_word' id='word_1_10' title='bbox 113 510 356 570; x_wconf 81' lang='lat' dir='ltr'><strong>teneret</strong></span> <span class='ocrx_word' id='word_1_11' title='bbox 385 529 460 570; x_wconf 81' lang='lat' dir='ltr'><strong>ex</strong></span> <span class='ocrx_word' id='word_1_12' title='bbox 489 511 666 591; x_wconf 87' lang='lat' dir='ltr'><strong>parte</strong></span> <span class='ocrx_word' id='word_1_13' title='bbox 692 506 968 570; x_wconf 88' lang='lat' dir='ltr'><strong>hominis</strong></span> <span class='ocrx_word' id='word_1_14' title='bbox 1001 505 1322 570; x_wconf 87' lang='lat' dir='ltr'><strong>adorantis</strong></span> <span class='ocrx_word' id='word_1_15' title='bbox 1345 527 1470 569; x_wconf 91' lang='lat' dir='ltr'><strong>non</strong></span> <span class='ocrx_word' id='word_1_16' title='bbox 1497 527 1644 569; x_wconf 85' lang='lat' dir='ltr'><strong>vero</strong></span> <span class='ocrx_word' id='word_1_17' title='bbox 1669 527 1743 568; x_wconf 84' lang='lat' dir='ltr'><strong>ex</strong></span> <span class='ocrx_word' id='word_1_18' title='bbox 1771 509 1953 589; x_wconf 88' lang='lat' dir='ltr'><strong>parte</strong></span> <span class='ocrx_word' id='word_1_19' title='bbox 1979 503 2209 588; x_wconf 87' lang='lat' dir='ltr'><strong>objecti</strong></span> <span class='ocrx_word' id='word_1_20' title='bbox 2236 503 2557 582; x_wconf 88' lang='lat' dir='ltr'><strong>adorandi,</strong></span> <span class='ocrx_word' id='word_1_21' title='bbox 2594 503 2820 588; x_wconf 76' lang='lat' dir='ltr'><strong>qualis,</strong></span> <span class='ocrx_word' id='word_1_22' title='bbox 2847 527 2900 568; x_wconf 85' lang='lat' dir='ltr'><strong>e.</strong></span> <span class='ocrx_word' id='word_1_23' title='bbox 2928 525 3024 586; x_wconf 75' lang='lat' dir='ltr'><strong>gr.</strong></span> 
     </span>
     <span class='ocr_line' id='line_1_3' title="bbox 113 591 3024 679; baseline -0.001 -20"><span class='ocrx_word' id='word_1_24' title='bbox 113 599 235 678; x_wconf 74' lang='lat' dir='ltr'><strong>qua</strong></span> <span class='ocrx_word' id='word_1_25' title='bbox 287 594 344 658; x_wconf 82' lang='grc'><strong>’111</strong></span> <span class='ocrx_word' id='word_1_26' title='bbox 399 594 519 659; x_wconf 92' lang='lat' dir='ltr'><strong>fide</strong></span> <span class='ocrx_word' id='word_1_27' title='bbox 551 595 752 660; x_wconf 87' lang='lat' dir='ltr'><strong>autin</strong></span> <span class='ocrx_word' id='word_1_28' title='bbox 785 593 1016 679; x_wconf 83' lang='lat' dir='ltr'><strong>spiritu</strong></span> <span class='ocrx_word' id='word_1_29' title='bbox 1043 595 1088 660; x_wconf 64' lang='lat' dir='ltr'><strong>a</strong></span> <span class='ocrx_word' id='word_1_30' title='bbox 1114 593 1380 658; x_wconf 82' lang='lat' dir='ltr'><strong>veritate</strong></span> <span class='ocrx_word' id='word_1_31' title='bbox 1412 594 1695 658; x_wconf 87' lang='lat' dir='ltr'><strong>adoratio</strong></span> <span class='ocrx_word' id='word_1_32' title='bbox 1719 593 2083 678; x_wconf 83' lang='lat' dir='ltr'><strong>peragenda</strong></span> <span class='ocrx_word' id='word_1_33' title='bbox 2105 617 2119 666; x_wconf 78' lang='lat'>3</span> <span class='ocrx_word' id='word_1_34' title='bbox 2150 591 2281 656; x_wconf 90' lang='lat' dir='ltr'><strong>Aut</strong></span> <span class='ocrx_word' id='word_1_35' title='bbox 2304 593 2501 657; x_wconf 87' lang='lat' dir='ltr'><strong>talem</strong></span> <span class='ocrx_word' id='word_1_36' title='bbox 2526 593 2759 656; x_wconf 89' lang='lat' dir='ltr'><strong>dictam</strong></span> <span class='ocrx_word' id='word_1_37' title='bbox 2784 596 2895 661; x_wconf 84' lang='lat' dir='ltr'><strong>aut</strong></span> <span class='ocrx_word' id='word_1_38' title='bbox 2921 595 3024 656; x_wconf 85' lang='lat' dir='ltr'><strong>fic·</strong></span> 
     </span>
     <span class='ocr_line' id='line_1_4' title="bbox 114 680 3029 766; baseline -0.001 -19"><span class='ocrx_word' id='word_1_39' title='bbox 114 689 242 747; x_wconf 86' lang='lat' dir='ltr'><strong>tam</strong></span> <span class='ocrx_word' id='word_1_40' title='bbox 291 684 604 748; x_wconf 85' lang='lat' dir='ltr'><strong>rationem</strong></span> <span class='ocrx_word' id='word_1_41' title='bbox 657 682 1013 760; x_wconf 88' lang='lat' dir='ltr'><strong>formalem,</strong></span> <span class='ocrx_word' id='word_1_42' title='bbox 1061 705 1224 766; x_wconf 91' lang='lat' dir='ltr'><strong>quae</strong></span> <span class='ocrx_word' id='word_1_43' title='bbox 1271 705 1338 746; x_wconf 89' lang='lat' dir='ltr'><strong>se</strong></span> <span class='ocrx_word' id='word_1_44' title='bbox 1391 685 1637 746; x_wconf 87' lang='lat' dir='ltr'><strong>teneret</strong></span> <span class='ocrx_word' id='word_1_45' title='bbox 1684 681 1940 766; x_wconf 89' lang='lat' dir='ltr'><strong>quidem</strong></span> <span class='ocrx_word' id='word_1_46' title='bbox 1996 703 2072 744; x_wconf 80' lang='lat' dir='ltr'><strong>ex</strong></span> <span class='ocrx_word' id='word_1_47' title='bbox 2110 686 2291 763; x_wconf 89' lang='lat' dir='ltr'><strong>parte</strong></span> <span class='ocrx_word' id='word_1_48' title='bbox 2315 680 2545 764; x_wconf 87' lang='lat' dir='ltr'><strong>objecti</strong></span> <span class='ocrx_word' id='word_1_49' title='bbox 2575 681 2895 758; x_wconf 86' lang='lat' dir='ltr'><strong>adorandi,</strong></span> <span class='ocrx_word' id='word_1_50' title='bbox 2920 680 3029 744; x_wconf 90' lang='lat' dir='ltr'><strong>sed</strong></span> 
     </span>
     <span class='ocr_line' id='line_1_5' title="bbox 111 767 3030 855; baseline -0.001 -20"><span class='ocrx_word' id='word_1_51' title='bbox 111 775 364 835; x_wconf 83' lang='lat' dir='ltr'><strong>tantum</strong></span> <span class='ocrx_word' id='word_1_52' title='bbox 409 775 714 855; x_wconf 87' lang='lat' dir='ltr'><strong>tanquam</strong></span> <span class='ocrx_word' id='word_1_53' title='bbox 763 770 1037 835; x_wconf 82' lang='lat' dir='ltr'><strong>conditio</strong></span> <span class='ocrx_word' id='word_1_54' title='bbox 1083 774 1195 835; x_wconf 88' lang='lat' dir='ltr'><strong>aut</strong></span> <span class='ocrx_word' id='word_1_55' title='bbox 1239 770 1658 836; x_wconf 78' lang='lat' dir='ltr'><strong>necessarium</strong></span> <span class='ocrx_word' id='word_1_56' title='bbox 1701 769 2100 853; x_wconf 88' lang='lat' dir='ltr'><strong>requisitum,</strong></span> <span class='ocrx_word' id='word_1_57' title='bbox 2134 769 2271 833; x_wconf 89' lang='lat' dir='ltr'><strong>sine</strong></span> <span class='ocrx_word' id='word_1_58' title='bbox 2295 791 2419 852; x_wconf 91' lang='lat' dir='ltr'><strong>quo</strong></span> <span class='ocrx_word' id='word_1_59' title='bbox 2450 770 2765 853; x_wconf 85' lang='lat' dir='ltr'><strong>objectum</strong></span> <span class='ocrx_word' id='word_1_60' title='bbox 2788 768 2821 834; x_wconf 70' lang='grc' dir='ltr'><strong>ὁ</strong></span> <span class='ocrx_word' id='word_1_61' title='bbox 2847 767 3030 832; x_wconf 87' lang='lat' dir='ltr'><strong>nobis</strong></span> 
     </span>
     <span class='ocr_line' id='line_1_6' title="bbox 109 857 3029 943; baseline -0.001 -20"><span class='ocrx_word' id='word_1_62' title='bbox 109 860 356 923; x_wconf 89' lang='lat' dir='ltr'><strong>adorari</strong></span> <span class='ocrx_word' id='word_1_63' title='bbox 393 860 634 943; x_wconf 90' lang='lat' dir='ltr'><strong>nequit,</strong></span> <span class='ocrx_word' id='word_1_64' title='bbox 660 862 802 923; x_wconf 85' lang='lat' dir='ltr'><strong>¹non</strong></span> <span class='ocrx_word' id='word_1_65' title='bbox 835 881 982 923; x_wconf 84' lang='lat' dir='ltr'><strong>vero</strong></span> <span class='ocrx_word' id='word_1_66' title='bbox 1015 863 1319 941; x_wconf 86' lang='lat' dir='ltr'><strong>tanquam</strong></span> <span class='ocrx_word' id='word_1_67' title='bbox 1365 859 1529 923; x_wconf 90' lang='lat' dir='ltr'><strong>ratio</strong></span> <span class='ocrx_word' id='word_1_68' title='bbox 1569 857 2085 933; x_wconf 85' lang='lat' dir='ltr'><strong>fundamentalis,</strong></span> <span class='ocrx_word' id='word_1_69' title='bbox 2112 861 2226 920; x_wconf 89' lang='lat' dir='ltr'><strong>aut</strong></span> <span class='ocrx_word' id='word_1_70' title='bbox 2255 858 2571 941; x_wconf 86' lang='lat' dir='ltr'><strong>objectum</strong></span> <span class='ocrx_word' id='word_1_71' title='bbox 2596 857 2881 932; x_wconf 84' lang='lat' dir='ltr'><strong>formale,</strong></span> <span class='ocrx_word' id='word_1_72' title='bbox 2914 859 3029 920; x_wconf 88' lang='lat' dir='ltr'><strong>aut</strong></span> 
     </span>
     <span class='ocr_line' id='line_1_7' title="bbox 112 945 3031 1031; baseline -0.001 -21"><span class='ocrx_word' id='word_1_73' title='bbox 112 948 274 1012; x_wconf 87' lang='lat' dir='ltr'><strong>ratio</strong></span> <span class='ocrx_word' id='word_1_74' title='bbox 330 946 616 1012; x_wconf 83' lang='lat' dir='ltr'><strong>formalis</strong></span> <span class='ocrx_word' id='word_1_75' title='bbox 671 948 875 1031; x_wconf 89' lang='lat' dir='ltr'><strong>primo</strong></span> <span class='ocrx_word' id='word_1_76' title='bbox 919 945 1192 1010; x_wconf 86' lang='lat' dir='ltr'><strong>fundans</strong></span> <span class='ocrx_word' id='word_1_77' title='bbox 1239 949 1285 1012; x_wconf 72' lang='lat'><strong>81</strong></span> <span class='ocrx_word' id='word_1_78' title='bbox 1317 946 1610 1010; x_wconf 74' lang='lat' dir='ltr'><strong>ultimate</strong></span> <span class='ocrx_word' id='word_1_79' title='bbox 1634 947 1986 1010; x_wconf 75' lang='lat' dir='ltr'><strong>terminans</strong></span> <span class='ocrx_word' id='word_1_80' title='bbox 2010 945 2467 1010; x_wconf 88' lang='lat' dir='ltr'><strong>adorationem:</strong></span> <span class='ocrx_word' id='word_1_81' title='bbox 2496 945 2703 1029; x_wconf 87' lang='lat' dir='ltr'><strong>qualis</strong></span> <span class='ocrx_word' id='word_1_82' title='bbox 2730 968 2781 1009; x_wconf 92' lang='lat' dir='ltr'><strong>e.</strong></span> <span class='ocrx_word' id='word_1_83' title='bbox 2808 966 2906 1030; x_wconf 83' lang='lat' dir='ltr'><strong>gr.</strong></span> <span class='ocrx_word' id='word_1_84' title='bbox 2933 948 3031 1009; x_wconf 88' lang='lat' dir='ltr'><strong>est</strong></span> 
     </span>
     <span class='ocr_line' id='line_1_8' title="bbox 112 1033 3031 1118; baseline -0.001 -19"><span class='ocrx_word' id='word_1_85' title='bbox 112 1036 418 1101; x_wconf 82' lang='lat' dir='ltr'><strong>revelatio</strong></span> <span class='ocrx_word' id='word_1_86' title='bbox 463 1035 701 1100; x_wconf 83' lang='lat' dir='ltr'><strong>Christi</strong></span> <span class='ocrx_word' id='word_1_87' title='bbox 747 1034 1047 1099; x_wconf 87' lang='lat' dir='ltr'><strong>adorandi</strong></span> <span class='ocrx_word' id='word_1_88' title='bbox 1096 1035 1194 1098; x_wconf 85' lang='lat' dir='ltr'><strong>vel</strong></span> <span class='ocrx_word' id='word_1_89' title='bbox 1239 1038 1367 1118; x_wconf 75' lang='lat' dir='ltr'><strong>qua</strong></span> <span class='ocrx_word' id='word_1_90' title='bbox 1411 1035 1592 1099; x_wconf 88' lang='lat' dir='ltr'><strong>nobis</strong></span> <span class='ocrx_word' id='word_1_91' title='bbox 1617 1035 1935 1099; x_wconf 88' lang='lat' dir='ltr'><strong>revelatus</strong></span> <span class='ocrx_word' id='word_1_92' title='bbox 1967 1037 2063 1097; x_wconf 84' lang='lat' dir='ltr'><strong>est</strong></span> <span class='ocrx_word' id='word_1_93' title='bbox 2086 1033 2395 1098; x_wconf 71' lang='lat' dir='ltr'><strong>Christus</strong></span> <span class='ocrx_word' id='word_1_94' title='bbox 2425 1035 2604 1118; x_wconf 77' lang='lat' dir='ltr'><strong>Resp.</strong></span> <span class='ocrx_word' id='word_1_95' title='bbox 2632 1037 2835 1097; x_wconf 89' lang='lat' dir='ltr'><strong>totam</strong></span> <span class='ocrx_word' id='word_1_96' title='bbox 2866 1033 3031 1097; x_wconf 87' lang='lat' dir='ltr'><strong>hanc</strong></span> 
     </span>
     <span class='ocr_line' id='line_1_9' title="bbox 107 1121 3031 1206; baseline -0.002 -17"><span class='ocrx_word' id='word_1_97' title='bbox 107 1126 500 1196; x_wconf 69' lang='grc' dir='ltr'><em>τκρεὶσακτσν</em></span> <span class='ocrx_word' id='word_1_98' title='bbox 547 1124 679 1188; x_wconf 82' lang='lat' dir='ltr'><strong>sive</strong></span> <span class='ocrx_word' id='word_1_99' title='bbox 725 1123 1186 1187; x_wconf 83' lang='lat' dir='ltr'><strong>dubitationem</strong></span> <span class='ocrx_word' id='word_1_100' title='bbox 1213 1123 1344 1187; x_wconf 82' lang='lat' dir='ltr'><strong>sive</strong></span> <span class='ocrx_word' id='word_1_101' title='bbox 1369 1122 1935 1187; x_wconf 82' lang='lat' dir='ltr'><strong>considerationem</strong></span> <span class='ocrx_word' id='word_1_102' title='bbox 1960 1121 2179 1206; x_wconf 83' lang='lat' dir='ltr'><strong>vagari</strong></span> <span class='ocrx_word' id='word_1_103' title='bbox 2206 1126 2385 1186; x_wconf 86' lang='lat' dir='ltr'><strong>extra</strong></span> <span class='ocrx_word' id='word_1_104' title='bbox 2407 1121 2607 1186; x_wconf 88' lang='lat' dir='ltr'><strong>oleas:</strong></span> <span class='ocrx_word' id='word_1_105' title='bbox 2636 1123 2683 1188; x_wconf 69' lang='grc'><strong>81</strong></span> <span class='ocrx_word' id='word_1_106' title='bbox 2707 1144 2784 1186; x_wconf 82' lang='lat' dir='ltr'><strong>ex</strong></span> <span class='ocrx_word' id='word_1_107' title='bbox 2808 1121 3031 1184; x_wconf 86' lang='lat' dir='ltr'><strong>termi-</strong></span> 
     </span>
     <span class='ocr_line' id='line_1_10' title="bbox 109 1209 3033 1295; baseline -0.001 -19"><span class='ocrx_word' id='word_1_108' title='bbox 109 1235 332 1277; x_wconf 87' lang='lat' dir='ltr'><strong>norum</strong></span> <span class='ocrx_word' id='word_1_109' title='bbox 381 1211 604 1290; x_wconf 70' lang='grc'><strong>81111311,</strong></span> <span class='ocrx_word' id='word_1_110' title='bbox 644 1233 988 1294; x_wconf 87' lang='lat' dir='ltr'><strong>eorumque</strong></span> <span class='ocrx_word' id='word_1_111' title='bbox 1013 1213 1182 1275; x_wconf 87' lang='lat' dir='ltr'><strong>mala</strong></span> <span class='ocrx_word' id='word_1_112' title='bbox 1207 1211 1626 1295; x_wconf 83' lang='lat' dir='ltr'><strong>explicatione</strong></span> <span class='ocrx_word' id='word_1_113' title='bbox 1653 1215 1764 1276; x_wconf 88' lang='lat' dir='ltr'><strong>aut</strong></span> <span class='ocrx_word' id='word_1_114' title='bbox 1789 1211 2213 1294; x_wconf 82' lang='lat' dir='ltr'><strong>applicatione</strong></span> <span class='ocrx_word' id='word_1_115' title='bbox 2238 1214 2464 1288; x_wconf 90' lang='lat' dir='ltr'><strong>ortam,</strong></span> <span class='ocrx_word' id='word_1_116' title='bbox 2504 1211 2583 1274; x_wconf 87' lang='lat' dir='ltr'><strong>ad</strong></span> <span class='ocrx_word' id='word_1_117' title='bbox 2608 1209 2927 1275; x_wconf 88' lang='lat' dir='ltr'><strong>infelicem</strong></span> <span class='ocrx_word' id='word_1_118' title='bbox 2959 1231 3033 1274; x_wconf 87' lang='lat' dir='ltr'><strong>ac</strong></span> 
     </span>
     <span class='ocr_line' id='line_1_11' title="bbox 107 1297 3023 1386; baseline -0.001 -22"><span class='ocrx_word' id='word_1_119' title='bbox 107 1300 444 1365; x_wconf 84' lang='lat' dir='ltr'><strong>molestam</strong></span> <span class='ocrx_word' id='word_1_120' title='bbox 468 1301 647 1386; x_wconf 86' lang='lat' dir='ltr'><strong>[pag.</strong></span> <span class='ocrx_word' id='word_1_121' title='bbox 669 1300 832 1384; x_wconf 83' lang='lat'>324]</span> <span class='ocrx_word' id='word_1_122' title='bbox 857 1304 1228 1383; x_wconf 88' lang='lat' dir='ltr'><strong>conceptum</strong></span> <span class='ocrx_word' id='word_1_123' title='bbox 1253 1301 1299 1366; x_wconf 71' lang='lat'><strong>81</strong></span> <span class='ocrx_word' id='word_1_124' title='bbox 1323 1299 1894 1364; x_wconf 86' lang='lat' dir='ltr'><strong>controversiarum</strong></span> <span class='ocrx_word' id='word_1_125' title='bbox 1918 1298 2538 1383; x_wconf 84' lang='lat' dir='ltr'><strong>multiplicationem,</strong></span> <span class='ocrx_word' id='word_1_126' title='bbox 2565 1297 3023 1376; x_wconf 88' lang='lat' dir='ltr'><strong>confusionem,</strong></span> 
     </span>
     <span class='ocr_line' id='line_1_12' title="bbox 107 1386 3029 1472; baseline -0.001 -21"><span class='ocrx_word' id='word_1_127' title='bbox 107 1388 624 1472; x_wconf 86' lang='lat' dir='ltr'><strong>implicationem,</strong></span> <span class='ocrx_word' id='word_1_128' title='bbox 671 1387 1200 1453; x_wconf 85' lang='lat' dir='ltr'><strong>obscurationem.</strong></span> <span class='ocrx_word' id='word_1_129' title='bbox 1250 1387 1350 1452; x_wconf 88' lang='lat' dir='ltr'><strong>Ita</strong></span> <span class='ocrx_word' id='word_1_130' title='bbox 1403 1393 1474 1452; x_wconf 88' lang='lat' dir='ltr'><strong>ut</strong></span> <span class='ocrx_word' id='word_1_131' title='bbox 1513 1388 1853 1452; x_wconf 86' lang='lat' dir='ltr'><strong>cothurnos</strong></span> <span class='ocrx_word' id='word_1_132' title='bbox 1894 1387 2039 1464; x_wconf 78' lang='lat' dir='ltr'><strong>illos</strong></span> <span class='ocrx_word' id='word_1_133' title='bbox 2079 1387 2229 1451; x_wconf 89' lang='lat' dir='ltr'><strong>hinc</strong></span> <span class='ocrx_word' id='word_1_134' title='bbox 2278 1387 2617 1451; x_wconf 87' lang='lat' dir='ltr'><strong>amandare</strong></span> <span class='ocrx_word' id='word_1_135' title='bbox 2668 1386 3029 1462; x_wconf 78' lang='lat' dir='ltr'><strong>debeamuS,</strong></span> 
     </span>
     <span class='ocr_line' id='line_1_13' title="bbox 109 1473 3027 1560; baseline -0.002 -18"><span class='ocrx_word' id='word_1_136' title='bbox 109 1479 152 1542; x_wconf 62' lang='lat'><strong>8⁶</strong></span> <span class='ocrx_word' id='word_1_137' title='bbox 197 1477 543 1542; x_wconf 84' lang='lat' dir='ltr'><strong>secundum</strong></span> <span class='ocrx_word' id='word_1_138' title='bbox 591 1497 990 1541; x_wconf 88' lang='lat' dir='ltr'><strong>communem</strong></span> <span class='ocrx_word' id='word_1_139' title='bbox 1023 1475 1437 1541; x_wconf 87' lang='lat' dir='ltr'><strong>terminorum</strong></span> <span class='ocrx_word' id='word_1_140' title='bbox 1460 1477 1526 1540; x_wconf 90' lang='lat' dir='ltr'><strong>in</strong></span> <span class='ocrx_word' id='word_1_141' title='bbox 1559 1476 1791 1540; x_wconf 86' lang='lat' dir='ltr'><strong>scholis</strong></span> <span class='ocrx_word' id='word_1_142' title='bbox 1809 1475 2045 1540; x_wconf 89' lang='lat' dir='ltr'><strong>nostris</strong></span> <span class='ocrx_word' id='word_1_143' title='bbox 2068 1474 2445 1560; x_wconf 84' lang='lat' dir='ltr'><strong>theologicis</strong></span> <span class='ocrx_word' id='word_1_144' title='bbox 2469 1473 2897 1559; x_wconf 83' lang='lat' dir='ltr'><strong>acceptionem</strong></span> <span class='ocrx_word' id='word_1_145' title='bbox 2924 1495 3027 1537; x_wconf 90' lang='lat' dir='ltr'><strong>ac-</strong></span> 
     </span>
     <span class='ocr_line' id='line_1_14' title="bbox 106 1563 3032 1648; baseline -0.001 -18"><span class='ocrx_word' id='word_1_146' title='bbox 106 1570 318 1630; x_wconf 84' lang='lat' dir='ltr'><strong>curate</strong></span> <span class='ocrx_word' id='word_1_147' title='bbox 369 1565 822 1630; x_wconf 87' lang='lat' dir='ltr'><strong>determinare:</strong></span> <span class='ocrx_word' id='word_1_148' title='bbox 866 1564 1191 1628; x_wconf 81' lang='lat' dir='ltr'><strong>Christum</strong></span> <span class='ocrx_word' id='word_1_149' title='bbox 1238 1563 1560 1629; x_wconf 87' lang='lat' dir='ltr'><strong>hominem</strong></span> <span class='ocrx_word' id='word_1_150' title='bbox 1614 1565 2002 1629; x_wconf 88' lang='lat' dir='ltr'><strong>adorandum</strong></span> <span class='ocrx_word' id='word_1_151' title='bbox 2035 1585 2160 1628; x_wconf 89' lang='lat' dir='ltr'><strong>non</strong></span> <span class='ocrx_word' id='word_1_152' title='bbox 2187 1585 2322 1628; x_wconf 88' lang='lat' dir='ltr'><strong>esse</strong></span> <span class='ocrx_word' id='word_1_153' title='bbox 2348 1563 2463 1628; x_wconf 72' lang='lat' dir='ltr'><strong>sub</strong></span> <span class='ocrx_word' id='word_1_154' title='bbox 2491 1565 2597 1628; x_wconf 86' lang='lat' dir='ltr'><strong>illo</strong></span> <span class='ocrx_word' id='word_1_155' title='bbox 2621 1564 2880 1648; x_wconf 65' lang='lat' dir='ltr'><strong>formali</strong></span> <span class='ocrx_word' id='word_1_156' title='bbox 2905 1581 3032 1648; x_wconf 83' lang='lat' dir='ltr'><strong>qua</strong></span> 
     </span>
     <span class='ocr_line' id='line_1_15' title="bbox 108 1651 3031 1739; baseline -0.001 -23"><span class='ocrx_word' id='word_1_157' title='bbox 108 1654 308 1732; x_wconf 73' lang='lat' dir='ltr'><strong>homo,</strong></span> <span class='ocrx_word' id='word_1_158' title='bbox 359 1675 496 1730; x_wconf 89' lang='lat' dir='ltr'><strong>seu,</strong></span> <span class='ocrx_word' id='word_1_159' title='bbox 541 1653 656 1719; x_wconf 73' lang='lat' dir='ltr'><strong>sub</strong></span> <span class='ocrx_word' id='word_1_160' title='bbox 701 1654 810 1719; x_wconf 75' lang='lat' dir='ltr'><strong>ieta</strong></span> <span class='ocrx_word' id='word_1_161' title='bbox 855 1654 1098 1717; x_wconf 81' lang='lat' dir='ltr'><strong>ratione</strong></span> <span class='ocrx_word' id='word_1_162' title='bbox 1151 1653 1428 1736; x_wconf 81' lang='lat' dir='ltr'><strong>formali,</strong></span> <span class='ocrx_word' id='word_1_163' title='bbox 1483 1673 1610 1739; x_wconf 83' lang='lat' dir='ltr'><strong>qua</strong></span> <span class='ocrx_word' id='word_1_164' title='bbox 1655 1653 1876 1718; x_wconf 80' lang='lat' dir='ltr'><strong>homo.-</strong></span> <span class='ocrx_word' id='word_1_165' title='bbox 1923 1652 2033 1716; x_wconf 89' lang='lat' dir='ltr'><strong>sed</strong></span> <span class='ocrx_word' id='word_1_166' title='bbox 2054 1656 2305 1715; x_wconf 84' lang='lat' dir='ltr'><strong>tautum</strong></span> <span class='ocrx_word' id='word_1_167' title='bbox 2330 1651 2443 1717; x_wconf 79' lang='lat' dir='ltr'><strong>sub</strong></span> <span class='ocrx_word' id='word_1_168' title='bbox 2471 1653 2573 1717; x_wconf 79' lang='lat' dir='ltr'><strong>illo</strong></span> <span class='ocrx_word' id='word_1_169' title='bbox 2605 1652 2884 1735; x_wconf 78' lang='lat' dir='ltr'><strong>formali,</strong></span> <span class='ocrx_word' id='word_1_170' title='bbox 2902 1671 3031 1736; x_wconf 84' lang='lat' dir='ltr'><strong>qua</strong></span> 
     </span>
     <span class='ocr_line' id='line_1_16' title="bbox 111 1739 3031 1827; baseline -0.002 -21"><span class='ocrx_word' id='word_1_171' title='bbox 111 1741 297 1806; x_wconf 72' lang='lat' dir='ltr'><strong>Dea-3.</strong></span> <span class='ocrx_word' id='word_1_172' title='bbox 349 1739 554 1806; x_wconf 89' lang='lat' dir='ltr'><strong>Sicuti</strong></span> <span class='ocrx_word' id='word_1_173' title='bbox 609 1764 800 1825; x_wconf 82' lang='lat' dir='ltr'><strong>supra</strong></span> <span class='ocrx_word' id='word_1_174' title='bbox 852 1741 927 1804; x_wconf 76' lang='lat' dir='ltr'><strong>de</strong></span> <span class='ocrx_word' id='word_1_175' title='bbox 948 1741 1312 1806; x_wconf 76' lang='lat' dir='ltr'><strong>adoratione</strong></span> <span class='ocrx_word' id='word_1_176' title='bbox 1351 1739 1581 1808; x_wconf 73' lang='lat' dir='ltr'><strong>Christi</strong></span> <span class='ocrx_word' id='word_1_177' title='bbox 1602 1762 1728 1827; x_wconf 76' lang='lat' dir='ltr'><strong>qua</strong></span> <span class='ocrx_word' id='word_1_178' title='bbox 1755 1740 2112 1806; x_wconf 72' lang='lat' dir='ltr'><strong>mediatoris</strong></span> <span class='ocrx_word' id='word_1_179' title='bbox 2138 1740 2719 1804; x_wconf 83' lang='lat' dir='ltr'><strong>determinavimus.</strong></span> <span class='ocrx_word' id='word_1_180' title='bbox 2767 1739 3031 1815; x_wconf 84' lang='lat' dir='ltr'><strong>Quando</strong></span> 
     </span>
     <span class='ocr_line' id='line_1_17' title="bbox 106 1825 3031 1916; baseline -0.001 -24"><span class='ocrx_word' id='word_1_181' title='bbox 106 1833 314 1894; x_wconf 86' lang='lat' dir='ltr'><strong>autem</strong></span> <span class='ocrx_word' id='word_1_182' title='bbox 355 1852 436 1894; x_wconf 81' lang='lat' dir='ltr'><strong>ex</strong></span> <span class='ocrx_word' id='word_1_183' title='bbox 465 1830 830 1894; x_wconf 85' lang='lat' dir='ltr'><strong>orthodoxis</strong></span> <span class='ocrx_word' id='word_1_184' title='bbox 854 1825 924 1886; x_wconf 70' lang='grc' dir='ltr'><strong>τὸ</strong></span> <span class='ocrx_word' id='word_1_185' title='bbox 949 1850 1076 1916; x_wconf 81' lang='lat' dir='ltr'><strong>qua</strong></span> <span class='ocrx_word' id='word_1_186' title='bbox 1100 1829 1284 1894; x_wconf 77' lang='lat' dir='ltr'><strong>homo</strong></span> <span class='ocrx_word' id='word_1_187' title='bbox 1309 1830 1657 1894; x_wconf 89' lang='lat' dir='ltr'><strong>concedunt</strong></span> <span class='ocrx_word' id='word_1_188' title='bbox 1681 1829 1993 1907; x_wconf 83' lang='lat' dir='ltr'><strong>nonnulli,</strong></span> <span class='ocrx_word' id='word_1_189' title='bbox 2024 1828 2189 1892; x_wconf 89' lang='lat' dir='ltr'><strong>nihil</strong></span> <span class='ocrx_word' id='word_1_190' title='bbox 2214 1828 2390 1892; x_wconf 88' lang='lat' dir='ltr'><strong>allud</strong></span> <span class='ocrx_word' id='word_1_191' title='bbox 2414 1829 2810 1912; x_wconf 83' lang='lat' dir='ltr'><strong>intelligunt,</strong></span> <span class='ocrx_word' id='word_1_192' title='bbox 2836 1849 3031 1910; x_wconf 87' lang='lat' dir='ltr'><strong>quam</strong></span> 
     </span>
     <span class='ocr_line' id='line_1_18' title="bbox 108 1915 3030 2001; baseline -0.001 -19"><span class='ocrx_word' id='word_1_193' title='bbox 108 1917 426 2001; x_wconf 88' lang='lat' dir='ltr'><strong>objectum</strong></span> <span class='ocrx_word' id='word_1_194' title='bbox 472 1917 1009 1996; x_wconf 78' lang='lat' dir='ltr'><strong>considerationiS,</strong></span> <span class='ocrx_word' id='word_1_195' title='bbox 1058 1939 1168 1982; x_wconf 86' lang='lat' dir='ltr'><strong>seu</strong></span> <span class='ocrx_word' id='word_1_196' title='bbox 1207 1917 1529 1982; x_wconf 87' lang='lat' dir='ltr'><strong>hominem</strong></span> <span class='ocrx_word' id='word_1_197' title='bbox 1563 1919 1607 1982; x_wconf 69' lang='lat' dir='ltr'><strong>a</strong></span> <span class='ocrx_word' id='word_1_198' title='bbox 1631 1916 1980 1982; x_wconf 88' lang='lat' dir='ltr'><strong>humanam</strong></span> <span class='ocrx_word' id='word_1_199' title='bbox 2006 1921 2301 1980; x_wconf 88' lang='lat' dir='ltr'><strong>naturam</strong></span> <span class='ocrx_word' id='word_1_200' title='bbox 2334 1917 2399 1980; x_wconf 89' lang='lat' dir='ltr'><strong>in</strong></span> <span class='ocrx_word' id='word_1_201' title='bbox 2423 1917 2669 2001; x_wconf 88' lang='lat' dir='ltr'><strong>objecto</strong></span> <span class='ocrx_word' id='word_1_202' title='bbox 2692 1915 3030 1989; x_wconf 87' lang='lat' dir='ltr'><strong>adorand0‚</strong></span> 
     </span>
     <span class='ocr_line' id='line_1_19' title="bbox 109 2002 3031 2089; baseline -0.001 -19"><span class='ocrx_word' id='word_1_203' title='bbox 109 2006 220 2070; x_wconf 88' lang='lat' dir='ltr'><strong>hoc</strong></span> <span class='ocrx_word' id='word_1_204' title='bbox 267 2010 389 2085; x_wconf 90' lang='lat' dir='ltr'><strong>est,</strong></span> <span class='ocrx_word' id='word_1_205' title='bbox 443 2006 506 2068; x_wconf 91' lang='lat' dir='ltr'><strong>in</strong></span> <span class='ocrx_word' id='word_1_206' title='bbox 544 2004 682 2070; x_wconf 91' lang='lat' dir='ltr'><strong>Deo</strong></span> <span class='ocrx_word' id='word_1_207' title='bbox 730 2005 861 2069; x_wconf 87' lang='lat' dir='ltr'><strong>filio</strong></span> <span class='ocrx_word' id='word_1_208' title='bbox 889 2005 1310 2082; x_wconf 86' lang='lat' dir='ltr'><strong>,considerari.</strong></span> <span class='ocrx_word' id='word_1_209' title='bbox 1367 2003 1530 2070; x_wconf 88' lang='lat' dir='ltr'><strong>Vide</strong></span> <span class='ocrx_word' id='word_1_210' title='bbox 1569 2005 1827 2089; x_wconf 87' lang='lat' dir='ltr'><strong>planam</strong></span> <span class='ocrx_word' id='word_1_211' title='bbox 1850 2005 2039 2088; x_wconf 88' lang='lat' dir='ltr'><strong>hujus</strong></span> <span class='ocrx_word' id='word_1_212' title='bbox 2066 2005 2156 2070; x_wconf 91' lang='lat' dir='ltr'><strong>rei</strong></span> <span class='ocrx_word' id='word_1_213' title='bbox 2182 2005 2667 2088; x_wconf 84' lang='lat' dir='ltr'><strong>explicationem</strong></span> <span class='ocrx_word' id='word_1_214' title='bbox 2694 2004 2863 2088; x_wconf 90' lang='lat' dir='ltr'><strong>apud</strong></span> <span class='ocrx_word' id='word_1_215' title='bbox 2886 2002 3031 2068; x_wconf 73' lang='lat' dir='ltr'><strong>Joh.</strong></span> 
     </span>
     <span class='ocr_line' id='line_1_20' title="bbox 113 2094 1974 2180; baseline -0.001 -21"><span class='ocrx_word' id='word_1_216' title='bbox 113 2095 484 2160; x_wconf 77' lang='lat' dir='ltr'><strong>Crumerum</strong></span> <span class='ocrx_word' id='word_1_217' title='bbox 508 2095 578 2158; x_wconf 83' lang='lat' dir='ltr'><strong>in</strong></span> <span class='ocrx_word' id='word_1_218' title='bbox 599 2094 923 2160; x_wconf 71' lang='lat' dir='ltr'><strong>Euchirid.</strong></span> <span class='ocrx_word' id='word_1_219' title='bbox 949 2105 1318 2160; x_wconf 73' lang='lat' dir='ltr'><strong>controvers.</strong></span> <span class='ocrx_word' id='word_1_220' title='bbox 1355 2094 1698 2180; x_wconf 81' lang='lat' dir='ltr'><strong>Ubiquitar.</strong></span> <span class='ocrx_word' id='word_1_221' title='bbox 1726 2115 1792 2178; x_wconf 77' lang='lat' dir='ltr'><strong>p.</strong></span> <span class='ocrx_word' id='word_1_222' title='bbox 1820 2094 1974 2158; x_wconf 83' lang='lat'><strong>615.</strong></span> 
     </span>
    </p>
   </div>
   <div class='ocr_carea' id='block_1_3' title="bbox 399 2282 2753 2386">
    <p class='ocr_par' dir='ltr' id='par_1_3' title="bbox 399 2282 2753 2386">
     <span class='ocr_line' id='line_1_21' title="bbox 399 2282 2753 2386; baseline -0 -4"><span class='ocrx_word' id='word_1_223' title='bbox 399 2287 578 2382; x_wconf 91' lang='lat' dir='ltr'><strong>DE</strong></span> <span class='ocrx_word' id='word_1_224' title='bbox 635 2285 1152 2386; x_wconf 79' lang='lat' dir='ltr'><strong>PERSON</strong></span> <span class='ocrx_word' id='word_1_225' title='bbox 1158 2289 1252 2382; x_wconf 92' lang='lat' dir='ltr'><strong>A</strong></span> <span class='ocrx_word' id='word_1_226' title='bbox 1315 2285 1843 2385; x_wconf 81' lang='lat' dir='ltr'><strong>CHRISTI</strong></span> <span class='ocrx_word' id='word_1_227' title='bbox 1900 2282 2753 2384; x_wconf 82' lang='lat' dir='ltr'><strong>MEDIATORIS.</strong></span> 
     </span>
    </p>
   </div>
   <div class='ocr_carea' id='block_1_4' title="bbox 1309 2462 1834 2527">
    <p class='ocr_par' dir='ltr' id='par_1_4' title="bbox 1309 2462 1834 2527">
     <span class='ocr_line' id='line_1_22' title="bbox 1309 2462 1834 2527; baseline 0.002 -15"><span class='ocrx_word' id='word_1_228' title='bbox 1309 2464 1470 2513; x_wconf 72' lang='lat' dir='ltr'>PARS</span> <span class='ocrx_word' id='word_1_229' title='bbox 1505 2462 1754 2513; x_wconf 78' lang='lat' dir='ltr'><strong>TERTIA.</strong></span> <span class='ocrx_word' id='word_1_230' title='bbox 1791 2464 1834 2527; x_wconf 88' lang='lat'><strong>¹)</strong></span> 
     </span>
    </p>
   </div>
   <div class='ocr_carea' id='block_1_5' title="bbox 109 2623 3035 4369">
    <p class='ocr_par' dir='ltr' id='par_1_5' title="bbox 109 2623 3035 4301">
     <span class='ocr_line' id='line_1_23' title="bbox 197 2623 3029 2709; baseline -0.001 -19"><span class='ocrx_word' id='word_1_231' title='bbox 197 2624 412 2690; x_wconf 85' lang='lat' dir='ltr'><strong>Probl.</strong></span> <span class='ocrx_word' id='word_1_232' title='bbox 462 2624 547 2689; x_wconf 93' lang='grc' dir='ltr'><strong>ΙΙ.</strong></span> <span class='ocrx_word' id='word_1_233' title='bbox 597 2623 701 2688; x_wconf 86' lang='lat' dir='ltr'><strong>An</strong></span> <span class='ocrx_word' id='word_1_234' title='bbox 746 2624 1000 2689; x_wconf 83' lang='lat' dir='ltr'><strong>concedi</strong></span> <span class='ocrx_word' id='word_1_235' title='bbox 1054 2626 1254 2709; x_wconf 84' lang='lat' dir='ltr'><strong>possit</strong></span> <span class='ocrx_word' id='word_1_236' title='bbox 1300 2625 1626 2691; x_wconf 85' lang='lat' dir='ltr'><strong>Christum</strong></span> <span class='ocrx_word' id='word_1_237' title='bbox 1679 2624 1889 2691; x_wconf 90' lang='lat' dir='ltr'><strong>Deum</strong></span> <span class='ocrx_word' id='word_1_238' title='bbox 1914 2628 1961 2693; x_wconf 72' lang='grc'><strong>81</strong></span> <span class='ocrx_word' id='word_1_239' title='bbox 1989 2626 2315 2691; x_wconf 90' lang='lat' dir='ltr'><strong>hominem</strong></span> <span class='ocrx_word' id='word_1_240' title='bbox 2340 2625 2762 2691; x_wconf 84' lang='lat' dir='ltr'><strong>adorandum:</strong></span> <span class='ocrx_word' id='word_1_241' title='bbox 2797 2623 3029 2689; x_wconf 82' lang='lat' dir='ltr'><strong>Totum</strong></span> 
     </span>
     <span class='ocr_line' id='line_1_24' title="bbox 112 2710 3031 2780; baseline 0 -5"><span class='ocrx_word' id='word_1_242' title='bbox 112 2710 438 2776; x_wconf 86' lang='lat' dir='ltr'><strong>Christum</strong></span> <span class='ocrx_word' id='word_1_243' title='bbox 461 2712 878 2777; x_wconf 84' lang='lat' dir='ltr'><strong>adorandum:</strong></span> <span class='ocrx_word' id='word_1_244' title='bbox 928 2713 1167 2778; x_wconf 88' lang='lat' dir='ltr'><strong>Christi</strong></span> <span class='ocrx_word' id='word_1_245' title='bbox 1191 2715 1539 2779; x_wconf 85' lang='lat' dir='ltr'><strong>humanam</strong></span> <span class='ocrx_word' id='word_1_246' title='bbox 1562 2719 1859 2779; x_wconf 87' lang='lat' dir='ltr'><strong>naturam</strong></span> <span class='ocrx_word' id='word_1_247' title='bbox 1884 2716 2296 2780; x_wconf 87' lang='lat' dir='ltr'><strong>adorandam:</strong></span> <span class='ocrx_word' id='word_1_248' title='bbox 2330 2715 2655 2780; x_wconf 88' lang='lat' dir='ltr'><strong>Christum</strong></span> <span class='ocrx_word' id='word_1_249' title='bbox 2688 2712 3031 2777; x_wconf 87' lang='lat' dir='ltr'><strong>secundum</strong></span> 
     </span>
     <span class='ocr_line' id='line_1_25' title="bbox 109 2800 3030 2889; baseline 0.001 -26"><span class='ocrx_word' id='word_1_250' title='bbox 109 2800 456 2865; x_wconf 88' lang='lat' dir='ltr'><strong>humanam</strong></span> <span class='ocrx_word' id='word_1_251' title='bbox 487 2806 784 2865; x_wconf 89' lang='lat' dir='ltr'><strong>naturam</strong></span> <span class='ocrx_word' id='word_1_252' title='bbox 817 2802 1238 2867; x_wconf 88' lang='lat' dir='ltr'><strong>adorandum:</strong></span> <span class='ocrx_word' id='word_1_253' title='bbox 1287 2801 1654 2868; x_wconf 87' lang='lat' dir='ltr'><strong>Humanam</strong></span> <span class='ocrx_word' id='word_1_254' title='bbox 1678 2804 1814 2889; x_wconf 87' lang='lat' dir='ltr'><strong>ejus</strong></span> <span class='ocrx_word' id='word_1_255' title='bbox 1844 2808 2161 2883; x_wconf 88' lang='lat' dir='ltr'><strong>naturam,</strong></span> <span class='ocrx_word' id='word_1_256' title='bbox 2202 2827 2329 2887; x_wconf 90' lang='lat' dir='ltr'><strong>qua</strong></span> <span class='ocrx_word' id='word_1_257' title='bbox 2358 2804 2705 2868; x_wconf 89' lang='lat' dir='ltr'><strong>humanam</strong></span> <span class='ocrx_word' id='word_1_258' title='bbox 2734 2805 3030 2866; x_wconf 87' lang='lat' dir='ltr'><strong>naturam</strong></span> 
     </span>
     <span class='ocr_line' id='line_1_26' title="bbox 111 2888 3029 2974; baseline 0 -22"><span class='ocrx_word' id='word_1_259' title='bbox 111 2888 509 2953; x_wconf 87' lang='lat' dir='ltr'><strong>adorandam.</strong></span> <span class='ocrx_word' id='word_1_260' title='bbox 561 2890 744 2974; x_wconf 72' lang='lat' dir='ltr'><strong>Hesp.</strong></span> <span class='ocrx_word' id='word_1_261' title='bbox 796 2891 846 2955; x_wconf 94' lang='lat'><strong>1.</strong></span> <span class='ocrx_word' id='word_1_262' title='bbox 894 2889 1259 2955; x_wconf 89' lang='lat' dir='ltr'><strong>Concedunt</strong></span> <span class='ocrx_word' id='word_1_263' title='bbox 1304 2889 1658 2957; x_wconf 87' lang='lat' dir='ltr'><strong>Orthodoxi</strong></span> <span class='ocrx_word' id='word_1_264' title='bbox 1714 2914 1951 2956; x_wconf 89' lang='lat' dir='ltr'><strong>omnes.</strong></span> <span class='ocrx_word' id='word_1_265' title='bbox 2002 2891 2094 2958; x_wconf 91' lang='lat' dir='ltr'><strong>II.</strong></span> <span class='ocrx_word' id='word_1_266' title='bbox 2141 2891 2371 2957; x_wconf 87' lang='lat' dir='ltr'><strong>Itidem</strong></span> <span class='ocrx_word' id='word_1_267' title='bbox 2412 2892 2760 2957; x_wconf 88' lang='lat' dir='ltr'><strong>concedunt</strong></span> <span class='ocrx_word' id='word_1_268' title='bbox 2784 2888 3029 2955; x_wconf 85' lang='lat' dir='ltr'><strong>Ortho-</strong></span> 
     </span>
     <span class='ocr_line' id='line_1_27' title="bbox 115 2976 3033 3064; baseline 0.001 -24"><span class='ocrx_word' id='word_1_269' title='bbox 115 2977 272 3041; x_wconf 79' lang='lat' dir='ltr'><strong>doxi.</strong></span> <span class='ocrx_word' id='word_1_270' title='bbox 323 2979 445 3043; x_wconf 90' lang='lat' dir='ltr'><strong>III.</strong></span> <span class='ocrx_word' id='word_1_271' title='bbox 493 2976 794 3041; x_wconf 83' lang='lat' dir='ltr'><strong>Afferunt</strong></span> <span class='ocrx_word' id='word_1_272' title='bbox 818 2976 1166 3042; x_wconf 89' lang='lat' dir='ltr'><strong>Lutherani</strong></span> <span class='ocrx_word' id='word_1_273' title='bbox 1191 2979 1361 3064; x_wconf 88' lang='lat' dir='ltr'><strong>apud</strong></span> <span class='ocrx_word' id='word_1_274' title='bbox 1395 2982 1740 3047; x_wconf 82' lang='lat' dir='ltr'><strong>Gesnerum</strong></span> <span class='ocrx_word' id='word_1_275' title='bbox 1765 2980 1927 3064; x_wconf 73' lang='lat' dir='ltr'><strong>disp.</strong></span> <span class='ocrx_word' id='word_1_276' title='bbox 1968 2982 2070 3043; x_wconf 86' lang='lat'><strong>13.</strong></span> <span class='ocrx_word' id='word_1_277' title='bbox 2101 2980 2177 3045; x_wconf 80' lang='lat' dir='ltr'><strong>de</strong></span> <span class='ocrx_word' id='word_1_278' title='bbox 2200 2982 2359 3047; x_wconf 82' lang='lat' dir='ltr'><strong>libro</strong></span> <span class='ocrx_word' id='word_1_279' title='bbox 2390 2980 2733 3049; x_wconf 82' lang='lat' dir='ltr'><strong>Concordia</strong></span> <span class='ocrx_word' id='word_1_280' title='bbox 2750 3003 2773 3055; x_wconf 90' lang='lat'><em>;</em></span> <span class='ocrx_word' id='word_1_281' title='bbox 2797 2980 2843 3045; x_wconf 71' lang='lat' dir='ltr'><strong>8z</strong></span> <span class='ocrx_word' id='word_1_282' title='bbox 2866 2978 3033 3062; x_wconf 87' lang='lat' dir='ltr'><strong>apud</strong></span> 
     </span>
     <span class='ocr_line' id='line_1_28' title="bbox 113 3066 3030 3155; baseline 0 -26"><span class='ocrx_word' id='word_1_283' title='bbox 113 3066 500 3131; x_wconf 76' lang='lat' dir='ltr'><strong>Mentzerum</strong></span> <span class='ocrx_word' id='word_1_284' title='bbox 543 3078 762 3131; x_wconf 73' lang='lat' dir='ltr'><strong>cmitra</strong></span> <span class='ocrx_word' id='word_1_285' title='bbox 812 3067 1098 3132; x_wconf 84' lang='lat' dir='ltr'><strong>Crocium</strong></span> <span class='ocrx_word' id='word_1_286' title='bbox 1145 3068 1310 3153; x_wconf 79' lang='lat' dir='ltr'><strong>disp.</strong></span> <span class='ocrx_word' id='word_1_287' title='bbox 1339 3068 1397 3133; x_wconf 87' lang='lat'><strong>8.</strong></span> <span class='ocrx_word' id='word_1_288' title='bbox 1421 3088 1568 3153; x_wconf 74' lang='lat' dir='ltr'><strong>pay.</strong></span> <span class='ocrx_word' id='word_1_289' title='bbox 1603 3069 1750 3131; x_wconf 89' lang='lat'><strong>210.</strong></span> <span class='ocrx_word' id='word_1_290' title='bbox 1781 3070 1932 3131; x_wconf 87' lang='lat'><strong>213.</strong></span> <span class='ocrx_word' id='word_1_291' title='bbox 1960 3070 2007 3135; x_wconf 71' lang='grc'><strong>81</strong></span> <span class='ocrx_word' id='word_1_292' title='bbox 2045 3069 2227 3154; x_wconf 76' lang='lat' dir='ltr'><strong>Disp.</strong></span> <span class='ocrx_word' id='word_1_293' title='bbox 2255 3070 2314 3134; x_wconf 85' lang='lat'><strong>9.</strong></span> <span class='ocrx_word' id='word_1_294' title='bbox 2338 3090 2485 3155; x_wconf 74' lang='lat' dir='ltr'><strong>pay.</strong></span> <span class='ocrx_word' id='word_1_295' title='bbox 2513 3070 2663 3133; x_wconf 88' lang='grc'><strong>230.</strong></span> <span class='ocrx_word' id='word_1_296' title='bbox 2696 3070 2743 3133; x_wconf 76' lang='grc'><strong>81</strong></span> <span class='ocrx_word' id='word_1_297' title='bbox 2774 3069 2845 3132; x_wconf 78' lang='lat' dir='ltr'><strong>in</strong></span> <span class='ocrx_word' id='word_1_298' title='bbox 2866 3068 3030 3151; x_wconf 76' lang='lat' dir='ltr'><strong>disp.</strong></span> 
     </span>
     <span class='ocr_line' id='line_1_29' title="bbox 116 3154 3031 3245; baseline -0 -27"><span class='ocrx_word' id='word_1_299' title='bbox 116 3154 420 3219; x_wconf 75' lang='lat' dir='ltr'><strong>Giessenis</strong></span> <span class='ocrx_word' id='word_1_300' title='bbox 453 3166 596 3218; x_wconf 86' lang='lat' dir='ltr'><strong>tom.</strong></span> <span class='ocrx_word' id='word_1_301' title='bbox 655 3155 712 3217; x_wconf 87' lang='lat'><strong>1.</strong></span> <span class='ocrx_word' id='word_1_302' title='bbox 763 3155 925 3239; x_wconf 75' lang='lat' dir='ltr'><strong>disp.</strong></span> <span class='ocrx_word' id='word_1_303' title='bbox 977 3155 1037 3218; x_wconf 89' lang='lat'><strong>3.</strong></span> <span class='ocrx_word' id='word_1_304' title='bbox 1085 3154 1172 3219; x_wconf 85' lang='lat' dir='ltr'><strong>Et</strong></span> <span class='ocrx_word' id='word_1_305' title='bbox 1223 3155 1544 3220; x_wconf 85' lang='lat' dir='ltr'><strong>Pontificii</strong></span> <span class='ocrx_word' id='word_1_306' title='bbox 1581 3157 1751 3240; x_wconf 87' lang='lat' dir='ltr'><strong>apud</strong></span> <span class='ocrx_word' id='word_1_307' title='bbox 1808 3156 2115 3222; x_wconf 79' lang='lat' dir='ltr'><strong>Thomam</strong></span> <span class='ocrx_word' id='word_1_308' title='bbox 2168 3179 2233 3241; x_wconf 81' lang='lat' dir='ltr'><strong>p.</strong></span> <span class='ocrx_word' id='word_1_309' title='bbox 2270 3160 2331 3221; x_wconf 89' lang='lat'><strong>3.</strong></span> <span class='ocrx_word' id='word_1_310' title='bbox 2356 3170 2592 3245; x_wconf 74' lang='lat' dir='ltr'><strong>quaest.</strong></span> <span class='ocrx_word' id='word_1_311' title='bbox 2620 3156 2725 3222; x_wconf 85' lang='lat'><strong>25.</strong></span> <span class='ocrx_word' id='word_1_312' title='bbox 2748 3157 2923 3221; x_wconf 85' lang='lat' dir='ltr'><strong>artic.</strong></span> <span class='ocrx_word' id='word_1_313' title='bbox 2974 3158 3031 3218; x_wconf 89' lang='lat'><strong>1.</strong></span> 
     </span>
     <span class='ocr_line' id='line_1_30' title="bbox 119 3242 3034 3331; baseline 0 -26"><span class='ocrx_word' id='word_1_314' title='bbox 119 3243 404 3323; x_wconf 86' lang='lat' dir='ltr'><strong>quamvis</strong></span> <span class='ocrx_word' id='word_1_315' title='bbox 431 3242 672 3306; x_wconf 89' lang='lat' dir='ltr'><strong>cultum</strong></span> <span class='ocrx_word' id='word_1_316' title='bbox 704 3242 1121 3328; x_wconf 85' lang='lat' dir='ltr'><strong>distinguant.</strong></span> <span class='ocrx_word' id='word_1_317' title='bbox 1171 3244 1535 3308; x_wconf 90' lang='lat' dir='ltr'><strong>Concedunt</strong></span> <span class='ocrx_word' id='word_1_318' title='bbox 1580 3244 1774 3308; x_wconf 87' lang='lat' dir='ltr'><strong>etiam</strong></span> <span class='ocrx_word' id='word_1_319' title='bbox 1820 3268 1946 3309; x_wconf 88' lang='lat' dir='ltr'><strong>non</strong></span> <span class='ocrx_word' id='word_1_320' title='bbox 1990 3247 2174 3329; x_wconf 86' lang='lat' dir='ltr'><strong>pauci</strong></span> <span class='ocrx_word' id='word_1_321' title='bbox 2220 3270 2335 3311; x_wconf 88' lang='lat' dir='ltr'><strong>nec</strong></span> <span class='ocrx_word' id='word_1_322' title='bbox 2373 3244 2697 3331; x_wconf 81' lang='lat' dir='ltr'><strong>Ignobiles</strong></span> <span class='ocrx_word' id='word_1_323' title='bbox 2722 3242 3034 3327; x_wconf 85' lang='lat' dir='ltr'><strong>Theologi</strong></span> 
     </span>
     <span class='ocr_line' id='line_1_31' title="bbox 115 3329 3035 3421; baseline 0.001 -29"><span class='ocrx_word' id='word_1_324' title='bbox 115 3330 332 3399; x_wconf 87' lang='lat' dir='ltr'><strong>nostri.</strong></span> <span class='ocrx_word' id='word_1_325' title='bbox 381 3329 560 3394; x_wconf 91' lang='lat' dir='ltr'><strong>Inter</strong></span> <span class='ocrx_word' id='word_1_326' title='bbox 607 3352 764 3413; x_wconf 90' lang='lat' dir='ltr'><strong>quos</strong></span> <span class='ocrx_word' id='word_1_327' title='bbox 827 3332 1096 3397; x_wconf 72' lang='lat' dir='ltr'><strong>Ursinus</strong></span> <span class='ocrx_word' id='word_1_328' title='bbox 1145 3334 1212 3397; x_wconf 76' lang='lat' dir='ltr'><strong>in</strong></span> <span class='ocrx_word' id='word_1_329' title='bbox 1235 3334 1452 3417; x_wconf 76' lang='lat' dir='ltr'><strong>explic.</strong></span> <span class='ocrx_word' id='word_1_330' title='bbox 1505 3332 1795 3399; x_wconf 78' lang='lat' dir='ltr'><strong>Catechet.</strong></span> <span class='ocrx_word' id='word_1_331' title='bbox 1829 3334 1915 3399; x_wconf 88' lang='lat' dir='ltr'><strong>ad</strong></span> <span class='ocrx_word' id='word_1_332' title='bbox 1938 3346 2171 3419; x_wconf 77' lang='lat' dir='ltr'><strong>quaest.</strong></span> <span class='ocrx_word' id='word_1_333' title='bbox 2202 3336 2308 3398; x_wconf 86' lang='lat'><strong>50.</strong></span> <span class='ocrx_word' id='word_1_334' title='bbox 2326 3336 2697 3421; x_wconf 75' lang='lat' dir='ltr'><strong>Anonymus</strong></span> <span class='ocrx_word' id='word_1_335' title='bbox 2720 3334 3035 3416; x_wconf 70' lang='lat' dir='ltr'><strong>(Beumle-</strong></span> 
     </span>
     <span class='ocr_line' id='line_1_32' title="bbox 113 3419 3032 3507; baseline 0.001 -27"><span class='ocrx_word' id='word_1_336' title='bbox 113 3420 246 3499; x_wconf 74' lang='lat' dir='ltr'><strong>ras)</strong></span> <span class='ocrx_word' id='word_1_337' title='bbox 303 3420 374 3483; x_wconf 78' lang='lat' dir='ltr'><strong>in</strong></span> <span class='ocrx_word' id='word_1_338' title='bbox 429 3419 786 3504; x_wconf 76' lang='lat' dir='ltr'><strong>defensione</strong></span> <span class='ocrx_word' id='word_1_339' title='bbox 829 3420 1279 3486; x_wconf 73' lang='lat' dir='ltr'><strong>admonitionis</strong></span> <span class='ocrx_word' id='word_1_340' title='bbox 1327 3422 1780 3487; x_wconf 76' lang='lat' dir='ltr'><strong>Neostadianac</strong></span> <span class='ocrx_word' id='word_1_341' title='bbox 1824 3443 1957 3506; x_wconf 85' lang='lat' dir='ltr'><strong>cap.</strong></span> <span class='ocrx_word' id='word_1_342' title='bbox 2007 3422 2057 3486; x_wconf 96' lang='lat' dir='ltr'><strong>I.</strong></span> <span class='ocrx_word' id='word_1_343' title='bbox 2104 3424 2220 3489; x_wconf 74' lang='lat' dir='ltr'><strong>sub</strong></span> <span class='ocrx_word' id='word_1_344' title='bbox 2273 3424 2490 3507; x_wconf 71' lang='lat' dir='ltr'><strong>linem.</strong></span> <span class='ocrx_word' id='word_1_345' title='bbox 2541 3424 2713 3487; x_wconf 82' lang='lat' dir='ltr'><strong>Beza</strong></span> <span class='ocrx_word' id='word_1_346' title='bbox 2758 3431 2920 3504; x_wconf 79' lang='lat' dir='ltr'><strong>part.</strong></span> <span class='ocrx_word' id='word_1_347' title='bbox 2970 3420 3032 3483; x_wconf 93' lang='lat'><strong>2.</strong></span> 
     </span>
     <span class='ocr_line' id='line_1_33' title="bbox 116 3506 3030 3592; baseline 0 -21"><span class='ocrx_word' id='word_1_348' title='bbox 116 3526 318 3590; x_wconf 73' lang='lat' dir='ltr'><strong>opusc.</strong></span> <span class='ocrx_word' id='word_1_349' title='bbox 350 3506 608 3592; x_wconf 69' lang='lat' dir='ltr'><strong>theoloq.</strong></span> <span class='ocrx_word' id='word_1_350' title='bbox 627 3528 694 3591; x_wconf 85' lang='lat' dir='ltr'><strong>p.</strong></span> <span class='ocrx_word' id='word_1_351' title='bbox 727 3506 980 3573; x_wconf 85' lang='lat' dir='ltr'><strong>106.Et</strong></span> <span class='ocrx_word' id='word_1_352' title='bbox 1003 3507 1068 3571; x_wconf 90' lang='lat' dir='ltr'><strong>in</strong></span> <span class='ocrx_word' id='word_1_353' title='bbox 1105 3509 1244 3574; x_wconf 73' lang='lat' dir='ltr'><strong>Joh.</strong></span> <span class='ocrx_word' id='word_1_354' title='bbox 1272 3511 1332 3573; x_wconf 87' lang='lat'><strong>4.</strong></span> <span class='ocrx_word' id='word_1_355' title='bbox 1362 3510 1466 3574; x_wconf 84' lang='lat'><strong>22.</strong></span> <span class='ocrx_word' id='word_1_356' title='bbox 1499 3510 1818 3575; x_wconf 75' lang='lat' dir='ltr'><strong>Zanchias</strong></span> <span class='ocrx_word' id='word_1_357' title='bbox 1844 3511 1947 3576; x_wconf 83' lang='lat' dir='ltr'><strong>lib.</strong></span> <span class='ocrx_word' id='word_1_358' title='bbox 1982 3512 2043 3572; x_wconf 84' lang='lat'><strong>2.</strong></span> <span class='ocrx_word' id='word_1_359' title='bbox 2083 3512 2158 3576; x_wconf 84' lang='lat' dir='ltr'><strong>de</strong></span> <span class='ocrx_word' id='word_1_360' title='bbox 2181 3514 2499 3577; x_wconf 71' lang='lat' dir='ltr'><strong>lucar-nat.</strong></span> <span class='ocrx_word' id='word_1_361' title='bbox 2534 3512 2817 3576; x_wconf 69' lang='lat' dir='ltr'><strong>Potamia</strong></span> <span class='ocrx_word' id='word_1_362' title='bbox 2842 3506 2944 3572; x_wconf 89' lang='lat' dir='ltr'><strong>lib.</strong></span> <span class='ocrx_word' id='word_1_363' title='bbox 2970 3508 3030 3571; x_wconf 82' lang='lat'><strong>6.</strong></span> 
     </span>
     <span class='ocr_line' id='line_1_34' title="bbox 115 3594 3030 3682; baseline 0.001 -24"><span class='ocrx_word' id='word_1_364' title='bbox 115 3594 437 3679; x_wconf 75' lang='lat' dir='ltr'><strong>Syntaym.</strong></span> <span class='ocrx_word' id='word_1_365' title='bbox 483 3616 617 3680; x_wconf 79' lang='lat' dir='ltr'><strong>cap.</strong></span> <span class='ocrx_word' id='word_1_366' title='bbox 659 3595 760 3658; x_wconf 79' lang='lat'><strong>16.</strong></span> <span class='ocrx_word' id='word_1_367' title='bbox 789 3598 1030 3661; x_wconf 74' lang='lat' dir='ltr'><strong>Parcus</strong></span> <span class='ocrx_word' id='word_1_368' title='bbox 1066 3597 1133 3661; x_wconf 76' lang='lat' dir='ltr'><strong>in</strong></span> <span class='ocrx_word' id='word_1_369' title='bbox 1157 3597 1442 3662; x_wconf 78' lang='lat' dir='ltr'><strong>Eirenico</strong></span> <span class='ocrx_word' id='word_1_370' title='bbox 1474 3618 1609 3682; x_wconf 82' lang='lat' dir='ltr'><strong>cap.</strong></span> <span class='ocrx_word' id='word_1_371' title='bbox 1635 3600 1739 3663; x_wconf 89' lang='grc'><strong>28.</strong></span> <span class='ocrx_word' id='word_1_372' title='bbox 1765 3611 1888 3663; x_wconf 85' lang='lat' dir='ltr'><strong>art.</strong></span> <span class='ocrx_word' id='word_1_373' title='bbox 1922 3600 2020 3663; x_wconf 87' lang='lat'><strong>15.</strong></span> <span class='ocrx_word' id='word_1_374' title='bbox 2066 3598 2153 3663; x_wconf 85' lang='lat' dir='ltr'><strong>Et</strong></span> <span class='ocrx_word' id='word_1_375' title='bbox 2178 3604 2325 3663; x_wconf 86' lang='lat' dir='ltr'><strong>ante</strong></span> <span class='ocrx_word' id='word_1_376' title='bbox 2358 3621 2465 3664; x_wconf 89' lang='lat' dir='ltr'><strong>eos</strong></span> <span class='ocrx_word' id='word_1_377' title='bbox 2497 3596 2720 3662; x_wconf 84' lang='lat' dir='ltr'><strong>Patres</strong></span> <span class='ocrx_word' id='word_1_378' title='bbox 2749 3596 3030 3662; x_wconf 79' lang='lat' dir='ltr'><strong>Athana-</strong></span> 
     </span>
     <span class='ocr_line' id='line_1_35' title="bbox 114 3683 3032 3771; baseline 0.001 -26"><span class='ocrx_word' id='word_1_379' title='bbox 114 3683 240 3748; x_wconf 71' lang='lat' dir='ltr'><strong>sius</strong></span> <span class='ocrx_word' id='word_1_380' title='bbox 286 3684 357 3747; x_wconf 76' lang='lat' dir='ltr'><strong>in</strong></span> <span class='ocrx_word' id='word_1_381' title='bbox 401 3684 456 3747; x_wconf 92' lang='lat'><strong>1.</strong></span> <span class='ocrx_word' id='word_1_382' title='bbox 499 3696 680 3768; x_wconf 82' lang='lat' dir='ltr'><strong>parte</strong></span> <span class='ocrx_word' id='word_1_383' title='bbox 721 3684 934 3749; x_wconf 80' lang='lat' dir='ltr'><strong>concil.</strong></span> <span class='ocrx_word' id='word_1_384' title='bbox 988 3686 1204 3768; x_wconf 70' lang='lat' dir='ltr'><strong>Ephe-3.</strong></span> <span class='ocrx_word' id='word_1_385' title='bbox 1231 3686 1602 3751; x_wconf 74' lang='lat' dir='ltr'><strong>Ambrosias</strong></span> <span class='ocrx_word' id='word_1_386' title='bbox 1627 3687 1728 3751; x_wconf 84' lang='lat' dir='ltr'><strong>lib.</strong></span> <span class='ocrx_word' id='word_1_387' title='bbox 1756 3688 1816 3751; x_wconf 90' lang='lat'><strong>3.</strong></span> <span class='ocrx_word' id='word_1_388' title='bbox 1847 3688 1924 3752; x_wconf 78' lang='lat' dir='ltr'><strong>de</strong></span> <span class='ocrx_word' id='word_1_389' title='bbox 1953 3687 2195 3771; x_wconf 79' lang='lat' dir='ltr'><strong>Spiritu</strong></span> <span class='ocrx_word' id='word_1_390' title='bbox 2218 3700 2428 3753; x_wconf 78' lang='lat' dir='ltr'><strong>sancto</strong></span> <span class='ocrx_word' id='word_1_391' title='bbox 2450 3707 2587 3771; x_wconf 82' lang='lat' dir='ltr'><strong>cap.</strong></span> <span class='ocrx_word' id='word_1_392' title='bbox 2621 3688 2724 3750; x_wconf 89' lang='lat'><strong>12.</strong></span> <span class='ocrx_word' id='word_1_393' title='bbox 2760 3684 3032 3749; x_wconf 79' lang='lat' dir='ltr'><strong>Theodo-</strong></span> 
     </span>
     <span class='ocr_line' id='line_1_36' title="bbox 117 3770 3032 3859; baseline 0.002 -27"><span class='ocrx_word' id='word_1_394' title='bbox 117 3782 277 3835; x_wconf 70' lang='lat' dir='ltr'><strong>retas</strong></span> <span class='ocrx_word' id='word_1_395' title='bbox 324 3772 396 3835; x_wconf 82' lang='lat' dir='ltr'><strong>in</strong></span> <span class='ocrx_word' id='word_1_396' title='bbox 454 3772 510 3835; x_wconf 93' lang='lat'><strong>1.</strong></span> <span class='ocrx_word' id='word_1_397' title='bbox 567 3773 652 3836; x_wconf 84' lang='lat' dir='ltr'><strong>ad</strong></span> <span class='ocrx_word' id='word_1_398' title='bbox 677 3772 899 3856; x_wconf 73' lang='lat' dir='ltr'><strong>Ephes.</strong></span> <span class='ocrx_word' id='word_1_399' title='bbox 939 3770 1002 3837; x_wconf 68' lang='lat' dir='ltr'><strong>a</strong></span> <span class='ocrx_word' id='word_1_400' title='bbox 1023 3772 1194 3838; x_wconf 80' lang='lat' dir='ltr'><strong>Diat.</strong></span> <span class='ocrx_word' id='word_1_401' title='bbox 1224 3776 1284 3838; x_wconf 86' lang='lat'><strong>2.</strong></span> <span class='ocrx_word' id='word_1_402' title='bbox 1307 3773 1702 3859; x_wconf 72' lang='lat' dir='ltr'><strong>Aaqustimts</strong></span> <span class='ocrx_word' id='word_1_403' title='bbox 1725 3776 1799 3839; x_wconf 78' lang='lat' dir='ltr'><strong>de</strong></span> <span class='ocrx_word' id='word_1_404' title='bbox 1821 3796 2008 3840; x_wconf 77' lang='lat' dir='ltr'><strong>serm.</strong></span> <span class='ocrx_word' id='word_1_405' title='bbox 2034 3778 2317 3855; x_wconf 78' lang='lat' dir='ltr'><strong>Domini,</strong></span> <span class='ocrx_word' id='word_1_406' title='bbox 2345 3797 2476 3840; x_wconf 79' lang='lat' dir='ltr'><strong>non</strong></span> <span class='ocrx_word' id='word_1_407' title='bbox 2500 3774 2780 3840; x_wconf 75' lang='lat' dir='ltr'><strong>tua-betur</strong></span> <span class='ocrx_word' id='word_1_408' title='bbox 2802 3794 2905 3839; x_wconf 86' lang='lat' dir='ltr'><strong>cor</strong></span> <span class='ocrx_word' id='word_1_409' title='bbox 2936 3792 3032 3837; x_wconf 84' lang='lat' dir='ltr'><strong>ve-</strong></span> 
     </span>
     <span class='ocr_line' id='line_1_37' title="bbox 115 3860 3033 3949; baseline 0.002 -29"><span class='ocrx_word' id='word_1_410' title='bbox 115 3868 330 3923; x_wconf 72' lang='lat' dir='ltr'><strong>stram.</strong></span> <span class='ocrx_word' id='word_1_411' title='bbox 357 3860 722 3943; x_wconf 75' lang='lat' dir='ltr'><strong>Fulqentius</strong></span> <span class='ocrx_word' id='word_1_412' title='bbox 737 3861 807 3925; x_wconf 86' lang='lat' dir='ltr'><strong>in</strong></span> <span class='ocrx_word' id='word_1_413' title='bbox 831 3881 994 3945; x_wconf 72' lang='lat' dir='ltr'><strong>resp.</strong></span> <span class='ocrx_word' id='word_1_414' title='bbox 1017 3862 1104 3926; x_wconf 85' lang='lat' dir='ltr'><strong>ad</strong></span> <span class='ocrx_word' id='word_1_415' title='bbox 1133 3862 1432 3941; x_wconf 62' lang='lat' dir='ltr'><strong>Aria-nox,</strong></span> <span class='ocrx_word' id='word_1_416' title='bbox 1464 3864 1734 3949; x_wconf 76' lang='lat' dir='ltr'><strong>Cyrillus</strong></span> <span class='ocrx_word' id='word_1_417' title='bbox 1757 3865 2228 3930; x_wconf 69' lang='lat' dir='ltr'><strong>Alexandrinus</strong></span> <span class='ocrx_word' id='word_1_418' title='bbox 2254 3866 2323 3928; x_wconf 76' lang='lat' dir='ltr'><strong>in</strong></span> <span class='ocrx_word' id='word_1_419' title='bbox 2348 3864 2607 3949; x_wconf 70' lang='lat' dir='ltr'><strong>epistola</strong></span> <span class='ocrx_word' id='word_1_420' title='bbox 2636 3863 2721 3927; x_wconf 87' lang='lat' dir='ltr'><strong>ad</strong></span> <span class='ocrx_word' id='word_1_421' title='bbox 2752 3865 3033 3927; x_wconf 75' lang='lat' dir='ltr'><strong>Nestori-</strong></span> 
     </span>
     <span class='ocr_line' id='line_1_38' title="bbox 117 3947 3032 4037; baseline 0.002 -29"><span class='ocrx_word' id='word_1_422' title='bbox 117 3966 240 4026; x_wconf 76' lang='lat' dir='ltr'><strong>um,</strong></span> <span class='ocrx_word' id='word_1_423' title='bbox 289 3948 722 4013; x_wconf 73' lang='lat' dir='ltr'><strong>Daniascenus</strong></span> <span class='ocrx_word' id='word_1_424' title='bbox 767 3947 866 4013; x_wconf 86' lang='lat' dir='ltr'><strong>lib.</strong></span> <span class='ocrx_word' id='word_1_425' title='bbox 919 3950 979 4011; x_wconf 80' lang='lat'><strong>4.</strong></span> <span class='ocrx_word' id='word_1_426' title='bbox 1033 3950 1289 4015; x_wconf 78' lang='lat' dir='ltr'><strong>Orthod.</strong></span> <span class='ocrx_word' id='word_1_427' title='bbox 1322 3951 1466 4037; x_wconf 81' lang='lat' dir='ltr'><strong>fidei</strong></span> <span class='ocrx_word' id='word_1_428' title='bbox 1487 3972 1621 4036; x_wconf 87' lang='lat' dir='ltr'><strong>cap.</strong></span> <span class='ocrx_word' id='word_1_429' title='bbox 1650 3954 1708 4015; x_wconf 88' lang='grc'><strong>2.</strong></span> <span class='ocrx_word' id='word_1_430' title='bbox 1749 3950 1812 4017; x_wconf 68' lang='lat' dir='ltr'><strong>a</strong></span> <span class='ocrx_word' id='word_1_431' title='bbox 1844 3954 1905 4015; x_wconf 90' lang='grc'><strong>3.</strong></span> <span class='ocrx_word' id='word_1_432' title='bbox 1932 3954 1979 4019; x_wconf 72' lang='lat' dir='ltr'><strong>a</strong></span> <span class='ocrx_word' id='word_1_433' title='bbox 2003 3953 2108 4018; x_wconf 83' lang='lat' dir='ltr'><strong>lib.</strong></span> <span class='ocrx_word' id='word_1_434' title='bbox 2134 3953 2195 4017; x_wconf 82' lang='lat'><strong>3.</strong></span> <span class='ocrx_word' id='word_1_435' title='bbox 2222 3973 2358 4037; x_wconf 82' lang='lat' dir='ltr'><strong>cap.</strong></span> <span class='ocrx_word' id='word_1_436' title='bbox 2396 3952 2453 4015; x_wconf 88' lang='lat'><strong>8.</strong></span> <span class='ocrx_word' id='word_1_437' title='bbox 2480 3950 2655 4016; x_wconf 87' lang='lat' dir='ltr'><strong>Idem</strong></span> <span class='ocrx_word' id='word_1_438' title='bbox 2680 3951 2756 4014; x_wconf 90' lang='lat' dir='ltr'><strong>de</strong></span> <span class='ocrx_word' id='word_1_439' title='bbox 2788 3949 3032 4014; x_wconf 88' lang='lat' dir='ltr'><strong>duabus</strong></span> 
     </span>
     <span class='ocr_line' id='line_1_39' title="bbox 119 4031 3033 4126; baseline 0.002 -29"><span class='ocrx_word' id='word_1_440' title='bbox 119 4031 348 4099; x_wconf 84' lang='lat' dir='ltr'><strong>Christi</strong></span> <span class='ocrx_word' id='word_1_441' title='bbox 375 4035 831 4101; x_wconf 88' lang='lat' dir='ltr'><strong>voluntatibus.</strong></span> <span class='ocrx_word' id='word_1_442' title='bbox 881 4036 1061 4101; x_wconf 83' lang='lat' dir='ltr'><strong>Adde</strong></span> <span class='ocrx_word' id='word_1_443' title='bbox 1097 4040 1351 4123; x_wconf 74' lang='lat' dir='ltr'><strong>Greqor.</strong></span> <span class='ocrx_word' id='word_1_444' title='bbox 1401 4041 1483 4103; x_wconf 82' lang='lat' dir='ltr'><strong>M.</strong></span> <span class='ocrx_word' id='word_1_445' title='bbox 1511 4040 1727 4105; x_wconf 85' lang='lat' dir='ltr'><strong>homil.</strong></span> <span class='ocrx_word' id='word_1_446' title='bbox 1754 4042 1814 4104; x_wconf 88' lang='grc'><strong>8.</strong></span> <span class='ocrx_word' id='word_1_447' title='bbox 1841 4041 1913 4105; x_wconf 81' lang='lat' dir='ltr'><strong>in</strong></span> <span class='ocrx_word' id='word_1_448' title='bbox 1938 4042 2303 4126; x_wconf 62' lang='grc' dir='ltr'><em>Ετιαηρεὶἰα,</em></span> <span class='ocrx_word' id='word_1_449' title='bbox 2346 4040 2769 4126; x_wconf 77' lang='lat' dir='ltr'><strong>Theophylact.</strong></span> <span class='ocrx_word' id='word_1_450' title='bbox 2806 4040 2875 4105; x_wconf 81' lang='lat' dir='ltr'><strong>in</strong></span> <span class='ocrx_word' id='word_1_451' title='bbox 2904 4040 3033 4104; x_wconf 80' lang='lat' dir='ltr'><strong>La-</strong></span> 
     </span>
     <span class='ocr_line' id='line_1_40' title="bbox 118 4124 3033 4214; baseline 0.003 -29"><span class='ocrx_word' id='word_1_452' title='bbox 118 4142 244 4186; x_wconf 74' lang='lat' dir='ltr'><strong>nam</strong></span> <span class='ocrx_word' id='word_1_453' title='bbox 253 4144 388 4207; x_wconf 81' lang='lat' dir='ltr'><strong>cap.</strong></span> <span class='ocrx_word' id='word_1_454' title='bbox 410 4124 514 4187; x_wconf 87' lang='lat'><strong>24.</strong></span> <span class='ocrx_word' id='word_1_455' title='bbox 532 4125 846 4189; x_wconf 73' lang='lat' dir='ltr'><strong>Iohannes</strong></span> <span class='ocrx_word' id='word_1_456' title='bbox 863 4126 1256 4193; x_wconf 78' lang='lat' dir='ltr'><strong>Cantacazen</strong></span> <span class='ocrx_word' id='word_1_457' title='bbox 1264 4148 1336 4193; x_wconf 71' lang='lat' dir='ltr'><strong>aa</strong></span> <span class='ocrx_word' id='word_1_458' title='bbox 1354 4129 1704 4212; x_wconf 82' lang='lat' dir='ltr'><strong>Imperator</strong></span> <span class='ocrx_word' id='word_1_459' title='bbox 1717 4140 1873 4194; x_wconf 88' lang='lat' dir='ltr'><strong>orat.</strong></span> <span class='ocrx_word' id='word_1_460' title='bbox 1892 4129 2069 4214; x_wconf 86' lang='lat' dir='ltr'><strong>[pag.</strong></span> <span class='ocrx_word' id='word_1_461' title='bbox 2086 4129 2248 4214; x_wconf 85' lang='lat'>325]</span> <span class='ocrx_word' id='word_1_462' title='bbox 2267 4150 2376 4195; x_wconf 75' lang='lat' dir='ltr'><strong>seu</strong></span> <span class='ocrx_word' id='word_1_463' title='bbox 2391 4130 2555 4213; x_wconf 84' lang='lat' dir='ltr'><strong>apol.</strong></span> <span class='ocrx_word' id='word_1_464' title='bbox 2577 4131 2637 4191; x_wconf 89' lang='grc'><strong>2.</strong></span> <span class='ocrx_word' id='word_1_465' title='bbox 2655 4141 2871 4194; x_wconf 77' lang='lat' dir='ltr'><strong>contra</strong></span> <span class='ocrx_word' id='word_1_466' title='bbox 2890 4128 3033 4193; x_wconf 78' lang='lat' dir='ltr'><strong>Ma-</strong></span> 
     </span>
     <span class='ocr_line' id='line_1_41' title="bbox 123 4208 3031 4301; baseline 0.002 -27"><span class='ocrx_word' id='word_1_467' title='bbox 123 4208 723 4278; x_wconf 57' lang='lat' dir='ltr'><strong>hanamediseaaesed</strong></span> <span class='ocrx_word' id='word_1_468' title='bbox 739 4213 1084 4278; x_wconf 89' lang='lat' dir='ltr'><strong>notandum</strong></span> <span class='ocrx_word' id='word_1_469' title='bbox 1102 4238 1228 4279; x_wconf 88' lang='lat' dir='ltr'><strong>non</strong></span> <span class='ocrx_word' id='word_1_470' title='bbox 1243 4238 1470 4299; x_wconf 89' lang='lat' dir='ltr'><strong>parum</strong></span> <span class='ocrx_word' id='word_1_471' title='bbox 1486 4217 1732 4281; x_wconf 86' lang='lat' dir='ltr'><strong>variare</strong></span> <span class='ocrx_word' id='word_1_472' title='bbox 1749 4218 2031 4301; x_wconf 89' lang='lat' dir='ltr'><strong>ipsorum</strong></span> <span class='ocrx_word' id='word_1_473' title='bbox 2049 4217 2334 4301; x_wconf 87' lang='lat' dir='ltr'><strong>phrases.</strong></span> <span class='ocrx_word' id='word_1_474' title='bbox 2354 4216 2519 4283; x_wconf 86' lang='lat' dir='ltr'><strong>Sunt</strong></span> <span class='ocrx_word' id='word_1_475' title='bbox 2536 4218 2643 4301; x_wconf 91' lang='lat' dir='ltr'><strong>qui</strong></span> <span class='ocrx_word' id='word_1_476' title='bbox 2662 4218 2880 4282; x_wconf 89' lang='lat' dir='ltr'><strong>dicunt</strong></span> <span class='ocrx_word' id='word_1_477' title='bbox 2894 4238 3031 4281; x_wconf 88' lang='lat' dir='ltr'><strong>car-</strong></span> 
     </span>
    </p>

    <p class='ocr_par' dir='ltr' id='par_1_6' title="bbox 2888 4325 3032 4369">
     <span class='ocr_line' id='line_1_42' title="bbox 2888 4325 3032 4369; baseline 0 0"><span class='ocrx_word' id='word_1_478' title='bbox 2888 4325 3032 4369; x_wconf 90' lang='lat' dir='ltr'><strong>nem</strong></span> 
     </span>
    </p>
   </div>
   <div class='ocr_carea' id='block_1_6' title="bbox 135 4436 516 4450">
    <p class='ocr_par' dir='ltr' id='par_1_7' title="bbox 135 4436 516 4450">
     <span class='ocr_line' id='line_1_43' title="bbox 135 4436 516 4450; baseline 0 421"><span class='ocrx_word' id='word_1_479' title='bbox 135 4436 516 4450; x_wconf 95' lang='lat' dir='ltr'><strong> </strong></span> 
     </span>
    </p>
   </div>
   <div class='ocr_carea' id='block_1_7' title="bbox 93 4490 2815 4559">
    <p class='ocr_par' dir='ltr' id='par_1_8' title="bbox 93 4490 2815 4559">
     <span class='ocr_line' id='line_1_44' title="bbox 93 4490 2815 4559; baseline 0.001 -18"><span class='ocrx_word' id='word_1_480' title='bbox 93 4500 104 4509; x_wconf 89' lang='lat'><em>·</em></span> <span class='ocrx_word' id='word_1_481' title='bbox 182 4490 220 4555; x_wconf 82' lang='lat'><strong>¹)</strong></span> <span class='ocrx_word' id='word_1_482' title='bbox 253 4490 410 4556; x_wconf 69' lang='lat' dir='ltr'><strong>Roep.</strong></span> <span class='ocrx_word' id='word_1_483' title='bbox 441 4492 474 4540; x_wconf 78' lang='lat' dir='ltr'><strong>J</strong></span> <span class='ocrx_word' id='word_1_484' title='bbox 491 4506 521 4541; x_wconf 94' lang='lat' dir='ltr'><strong>o</strong></span> <span class='ocrx_word' id='word_1_485' title='bbox 537 4504 574 4543; x_wconf 71' lang='grc' dir='ltr'><strong>Α</strong></span> <span class='ocrx_word' id='word_1_486' title='bbox 591 4504 628 4543; x_wconf 72' lang='lat' dir='ltr'><strong>u</strong></span> <span class='ocrx_word' id='word_1_487' title='bbox 647 4503 686 4542; x_wconf 73' lang='grc' dir='ltr'><strong>Ν</strong></span> <span class='ocrx_word' id='word_1_488' title='bbox 701 4504 733 4543; x_wconf 76' lang='grc' dir='ltr'><strong>ε</strong></span> <span class='ocrx_word' id='word_1_489' title='bbox 765 4492 817 4543; x_wconf 83' lang='grc' dir='ltr'><strong>Μ</strong></span> <span class='ocrx_word' id='word_1_490' title='bbox 831 4507 854 4543; x_wconf 92' lang='grc'><strong>1</strong></span> <span class='ocrx_word' id='word_1_491' title='bbox 871 4506 907 4544; x_wconf 81' lang='lat' dir='ltr'><strong>o</strong></span> <span class='ocrx_word' id='word_1_492' title='bbox 923 4504 958 4543; x_wconf 77' lang='grc'><strong>11</strong></span> <span class='ocrx_word' id='word_1_493' title='bbox 975 4504 1009 4545; x_wconf 91' lang='lat' dir='ltr'><strong>o</strong></span> <span class='ocrx_word' id='word_1_494' title='bbox 1025 4504 1060 4544; x_wconf 84' lang='lat' dir='ltr'><strong>n</strong></span> <span class='ocrx_word' id='word_1_495' title='bbox 1075 4508 1096 4544; x_wconf 88' lang='lat'>1</span> <span class='ocrx_word' id='word_1_496' title='bbox 1115 4505 1164 4545; x_wconf 91' lang='lat'><strong>0.</strong></span> <span class='ocrx_word' id='word_1_497' title='bbox 1199 4492 1801 4559; x_wconf 77' lang='lat' dir='ltr'><strong>Amemuyda-Zelando.</strong></span> <span class='ocrx_word' id='word_1_498' title='bbox 1837 4492 1924 4544; x_wconf 74' lang='lat' dir='ltr'><strong>Ad</strong></span> <span class='ocrx_word' id='word_1_499' title='bbox 1959 4494 2095 4545; x_wconf 77' lang='lat' dir='ltr'><strong>diem</strong></span> <span class='ocrx_word' id='word_1_500' title='bbox 2127 4492 2178 4544; x_wconf 74' lang='lat'><strong>4.</strong></span> <span class='ocrx_word' id='word_1_501' title='bbox 2210 4492 2439 4545; x_wconf 80' lang='lat' dir='ltr'><strong>Decemb.</strong></span> <span class='ocrx_word' id='word_1_502' title='bbox 2472 4492 2633 4544; x_wconf 81' lang='lat' dir='ltr'><strong>Anno</strong></span> <span class='ocrx_word' id='word_1_503' title='bbox 2667 4491 2815 4544; x_wconf 70' lang='lat'><strong>1647.</strong></span> 
     </span>
    </p>
   </div>
  </div>
 </body>
</html>
