<?xml version="1.0" encoding="UTF-8"?>
<!DOCTYPE html PUBLIC "-//W3C//DTD XHTML 1.0 Transitional//EN"
    "http://www.w3.org/TR/xhtml1/DTD/xhtml1-transitional.dtd">
<html xmlns="http://www.w3.org/1999/xhtml" xml:lang="en" lang="en">
 <head>
  <title>
</title>
<meta http-equiv="Content-Type" content="text/html;charset=utf-8" />
  <meta name='ocr-system' content='tesseract 3.04.00' />
  <meta name='ocr-capabilities' content='ocr_page ocr_carea ocr_par ocr_line ocrx_word'/>
</head>
<body>
  <div class='ocr_page' id='page_1' title='image "./selectarumdispu00kuypgoog_0362.png"; bbox 0 0 3694 4871; ppageno 0'>
   <div class='ocr_carea' id='block_1_1' title="bbox 869 289 3133 357">
    <p class='ocr_par' dir='ltr' id='par_1_1' title="bbox 869 289 3133 357">
     <span class='ocr_line' id='line_1_1' title="bbox 869 289 3133 357; baseline -0.002 0"><span class='ocrx_word' id='word_1_1' title='bbox 869 289 2487 357; x_wconf 70' lang='lat' dir='ltr'><strong>Disr.XLDnSAssArnoerssms.</strong></span> <span class='ocrx_word' id='word_1_2' title='bbox 3008 291 3133 355; x_wconf 86' lang='lat'><strong>331</strong></span> 
     </span>
    </p>
   </div>
   <div class='ocr_carea' id='block_1_2' title="bbox 156 476 3144 4532">
    <p class='ocr_par' dir='ltr' id='par_1_2' title="bbox 156 476 3144 4532">
     <span class='ocr_line' id='line_1_2' title="bbox 156 476 3139 563; baseline -0.002 -17"><span class='ocrx_word' id='word_1_3' title='bbox 156 496 166 504; x_wconf 87' lang='lat'><strong>·</strong></span> <span class='ocrx_word' id='word_1_4' title='bbox 199 499 433 546; x_wconf 73' lang='lat' dir='ltr'><strong>cessar.</strong></span> <span class='ocrx_word' id='word_1_5' title='bbox 480 479 909 546; x_wconf 74' lang='lat' dir='ltr'><strong><em>Demonstrat.</em></strong></span> <span class='ocrx_word' id='word_1_6' title='bbox 960 478 1132 544; x_wconf 90' lang='lat' dir='ltr'>XVI.</span> <span class='ocrx_word' id='word_1_7' title='bbox 1183 476 1288 543; x_wconf 91' lang='lat' dir='ltr'><strong>An</strong></span> <span class='ocrx_word' id='word_1_8' title='bbox 1319 481 1365 545; x_wconf 66' lang='lat' dir='ltr'><strong>a</strong></span> <span class='ocrx_word' id='word_1_9' title='bbox 1404 479 1716 563; x_wconf 88' lang='lat' dir='ltr'><strong>quomodo</strong></span> <span class='ocrx_word' id='word_1_10' title='bbox 1748 478 2255 563; x_wconf 89' lang='lat' dir='ltr'><strong>respondendum</strong></span> <span class='ocrx_word' id='word_1_11' title='bbox 2296 478 2375 543; x_wconf 87' lang='lat' dir='ltr'><strong>ad</strong></span> <span class='ocrx_word' id='word_1_12' title='bbox 2397 478 2835 563; x_wconf 89' lang='lat' dir='ltr'><strong>quaestionem</strong></span> <span class='ocrx_word' id='word_1_13' title='bbox 2859 498 2931 542; x_wconf 87' lang='lat' dir='ltr'><strong>ac</strong></span> <span class='ocrx_word' id='word_1_14' title='bbox 2955 498 3139 542; x_wconf 88' lang='lat' dir='ltr'><strong>casus</strong></span> 
     </span>
     <span class='ocr_line' id='line_1_3' title="bbox 199 564 3139 652; baseline -0.001 -19"><span class='ocrx_word' id='word_1_15' title='bbox 199 568 280 633; x_wconf 88' lang='lat' dir='ltr'><strong>de</strong></span> <span class='ocrx_word' id='word_1_16' title='bbox 305 568 613 652; x_wconf 83' lang='lat' dir='ltr'><strong>operibus</strong></span> <span class='ocrx_word' id='word_1_17' title='bbox 639 568 1020 652; x_wconf 89' lang='lat' dir='ltr'><strong>quibusdam</strong></span> <span class='ocrx_word' id='word_1_18' title='bbox 1043 568 1123 633; x_wconf 95' lang='lat' dir='ltr'><strong>ob</strong></span> <span class='ocrx_word' id='word_1_19' title='bbox 1155 568 1541 652; x_wconf 70' lang='lat' dir='ltr'>parvitatem</span> <span class='ocrx_word' id='word_1_20' title='bbox 1587 568 1895 633; x_wconf 89' lang='lat' dir='ltr'><strong>materiae</strong></span> <span class='ocrx_word' id='word_1_21' title='bbox 1941 569 1987 633; x_wconf 67' lang='lat' dir='ltr'><strong>a</strong></span> <span class='ocrx_word' id='word_1_22' title='bbox 2008 567 2269 632; x_wconf 88' lang='lat' dir='ltr'><strong>modum</strong></span> <span class='ocrx_word' id='word_1_23' title='bbox 2300 567 2530 652; x_wconf 88' lang='lat' dir='ltr'><strong>agendi</strong></span> <span class='ocrx_word' id='word_1_24' title='bbox 2552 564 2903 645; x_wconf 82' lang='lat' dir='ltr'><strong>vilissimis,</strong></span> <span class='ocrx_word' id='word_1_25' title='bbox 2926 565 3139 631; x_wconf 90' lang='lat' dir='ltr'><strong>minu-</strong></span> 
     </span>
     <span class='ocr_line' id='line_1_4' title="bbox 197 654 3138 757; baseline -0.001 -36"><span class='ocrx_word' id='word_1_26' title='bbox 197 656 498 737; x_wconf 87' lang='lat' dir='ltr'><strong>tissimis,</strong></span> <span class='ocrx_word' id='word_1_27' title='bbox 547 656 998 734; x_wconf 88' lang='lat' dir='ltr'><strong>servilissimis,</strong></span> <span class='ocrx_word' id='word_1_28' title='bbox 1047 680 1142 721; x_wconf 85' lang='lat' dir='ltr'><strong>ex.</strong></span> <span class='ocrx_word' id='word_1_29' title='bbox 1193 678 1290 741; x_wconf 89' lang='lat' dir='ltr'><strong>gr.</strong></span> <span class='ocrx_word' id='word_1_30' title='bbox 1354 679 1437 721; x_wconf 86' lang='lat' dir='ltr'><strong>an</strong></span> <span class='ocrx_word' id='word_1_31' title='bbox 1481 656 1672 722; x_wconf 85' lang='lat' dir='ltr'><strong>liceat</strong></span> <span class='ocrx_word' id='word_1_32' title='bbox 1724 658 1970 721; x_wconf 77' lang='lat' dir='ltr'>cloacas</span> <span class='ocrx_word' id='word_1_33' title='bbox 2017 659 2129 721; x_wconf 88' lang='lat' dir='ltr'><strong>aut</strong></span> <span class='ocrx_word' id='word_1_34' title='bbox 2160 655 2411 721; x_wconf 88' lang='lat' dir='ltr'><strong>canales</strong></span> <span class='ocrx_word' id='word_1_35' title='bbox 2443 676 2737 741; x_wconf 87' lang='lat' dir='ltr'><strong>purgare,</strong></span> <span class='ocrx_word' id='word_1_36' title='bbox 2770 654 3138 757; x_wconf 82' lang='lat' dir='ltr'><strong>pavimenta</strong></span> 
     </span>
     <span class='ocr_line' id='line_1_5' title="bbox 201 742 3135 829; baseline 0 -22"><span class='ocrx_word' id='word_1_37' title='bbox 201 766 496 823; x_wconf 86' lang='lat' dir='ltr'><strong>verrere;</strong></span> <span class='ocrx_word' id='word_1_38' title='bbox 552 749 905 829; x_wconf 88' lang='lat' dir='ltr'><strong>praeterea,</strong></span> <span class='ocrx_word' id='word_1_39' title='bbox 953 768 1162 810; x_wconf 90' lang='lat' dir='ltr'><strong>emere</strong></span> <span class='ocrx_word' id='word_1_40' title='bbox 1200 746 1376 824; x_wconf 90' lang='lat' dir='ltr'><strong>ficus,</strong></span> <span class='ocrx_word' id='word_1_41' title='bbox 1425 768 1577 810; x_wconf 89' lang='lat' dir='ltr'><strong>uvas</strong></span> <span class='ocrx_word' id='word_1_42' title='bbox 1601 748 1838 829; x_wconf 79' lang='lat' dir='ltr'><strong>pastaS,</strong></span> <span class='ocrx_word' id='word_1_43' title='bbox 1863 744 2289 824; x_wconf 90' lang='lat' dir='ltr'><strong>necotianum,</strong></span> <span class='ocrx_word' id='word_1_44' title='bbox 2314 744 2533 808; x_wconf 89' lang='lat' dir='ltr'><strong>vinum</strong></span> <span class='ocrx_word' id='word_1_45' title='bbox 2560 744 2879 821; x_wconf 89' lang='lat' dir='ltr'><strong>adustum,</strong></span> <span class='ocrx_word' id='word_1_46' title='bbox 2905 742 3135 828; x_wconf 79' lang='lat' dir='ltr'><strong>sinapi,</strong></span> 
     </span>
     <span class='ocr_line' id='line_1_6' title="bbox 197 831 3135 934; baseline -0.001 -35"><span class='ocrx_word' id='word_1_47' title='bbox 197 838 480 912; x_wconf 86' lang='lat' dir='ltr'><strong>acetum,</strong></span> <span class='ocrx_word' id='word_1_48' title='bbox 511 856 724 918; x_wconf 88' lang='lat' dir='ltr'><strong>poma,</strong></span> <span class='ocrx_word' id='word_1_49' title='bbox 755 834 1013 920; x_wconf 87' lang='lat' dir='ltr'><strong>ligulas,</strong></span> <span class='ocrx_word' id='word_1_50' title='bbox 1059 834 1354 915; x_wconf 87' lang='lat' dir='ltr'><strong>aciculas,</strong></span> <span class='ocrx_word' id='word_1_51' title='bbox 1408 838 1638 913; x_wconf 89' lang='lat' dir='ltr'><strong>ostrea,</strong></span> <span class='ocrx_word' id='word_1_52' title='bbox 1685 833 1973 934; x_wconf 82' lang='lat' dir='ltr'><strong>squillas,</strong></span> <span class='ocrx_word' id='word_1_53' title='bbox 2005 833 2311 911; x_wconf 89' lang='lat' dir='ltr'><strong>halecem,</strong></span> <span class='ocrx_word' id='word_1_54' title='bbox 2352 833 2629 897; x_wconf 88' lang='lat' dir='ltr'><strong>frustum</strong></span> <span class='ocrx_word' id='word_1_55' title='bbox 2654 831 2841 907; x_wconf 88' lang='lat' dir='ltr'><strong>casei,</strong></span> <span class='ocrx_word' id='word_1_56' title='bbox 2868 831 3135 916; x_wconf 89' lang='lat' dir='ltr'><strong>piscicu-</strong></span> 
     </span>
     <span class='ocr_line' id='line_1_7' title="bbox 199 881 3131 1005; baseline -0.001 -18"><span class='ocrx_word' id='word_1_57' title='bbox 199 922 362 1000; x_wconf 89' lang='lat' dir='ltr'><strong>lum,</strong></span> <span class='ocrx_word' id='word_1_58' title='bbox 387 922 699 987; x_wconf 88' lang='lat' dir='ltr'><strong>intestina</strong></span> <span class='ocrx_word' id='word_1_59' title='bbox 723 925 821 990; x_wconf 72' lang='lat' dir='ltr'><strong>Sto.</strong></span> <span class='ocrx_word' id='word_1_60' title='bbox 849 922 1030 987; x_wconf 89' lang='lat' dir='ltr'><strong>Adde</strong></span> <span class='ocrx_word' id='word_1_61' title='bbox 1052 945 1240 1001; x_wconf 92' lang='lat' dir='ltr'><strong>nunc,</strong></span> <span class='ocrx_word' id='word_1_62' title='bbox 1288 945 1371 987; x_wconf 86' lang='lat' dir='ltr'><strong>an</strong></span> <span class='ocrx_word' id='word_1_63' title='bbox 1397 922 1590 987; x_wconf 90' lang='lat' dir='ltr'><strong>liceat</strong></span> <span class='ocrx_word' id='word_1_64' title='bbox 1612 944 1756 987; x_wconf 87' lang='lat' dir='ltr'><strong>cum</strong></span> <span class='ocrx_word' id='word_1_65' title='bbox 1781 921 2002 987; x_wconf 87' lang='lat' dir='ltr'><strong>amicis</strong></span> <span class='ocrx_word' id='word_1_66' title='bbox 2028 881 2459 1001; x_wconf 79' lang='lat' dir='ltr'>deambulare,</span> <span class='ocrx_word' id='word_1_67' title='bbox 2483 920 2696 985; x_wconf 90' lang='lat' dir='ltr'><strong>thedis</strong></span> <span class='ocrx_word' id='word_1_68' title='bbox 2718 922 2831 985; x_wconf 88' lang='lat' dir='ltr'><strong>aut</strong></span> <span class='ocrx_word' id='word_1_69' title='bbox 2853 919 3131 1005; x_wconf 88' lang='lat' dir='ltr'><strong>navigiis</strong></span> 
     </span>
     <span class='ocr_line' id='line_1_8' title="bbox 201 1008 3137 1095; baseline -0.001 -19"><span class='ocrx_word' id='word_1_70' title='bbox 201 1011 650 1095; x_wconf 80' lang='lat' dir='ltr'><strong>voluptuarias</strong></span> <span class='ocrx_word' id='word_1_71' title='bbox 673 1011 720 1076; x_wconf 67' lang='lat' dir='ltr'><strong>a</strong></span> <span class='ocrx_word' id='word_1_72' title='bbox 743 1010 1156 1076; x_wconf 85' lang='lat' dir='ltr'><strong>recreatorias</strong></span> <span class='ocrx_word' id='word_1_73' title='bbox 1187 1010 1588 1076; x_wconf 80' lang='lat' dir='ltr'><strong>excursiones</strong></span> <span class='ocrx_word' id='word_1_74' title='bbox 1611 1033 1684 1075; x_wconf 90' lang='lat' dir='ltr'><strong>ac</strong></span> <span class='ocrx_word' id='word_1_75' title='bbox 1708 1010 2111 1075; x_wconf 69' lang='lat' dir='ltr'><strong>circuitiones</strong></span> <span class='ocrx_word' id='word_1_76' title='bbox 2140 1010 2499 1089; x_wconf 72' lang='lat' dir='ltr'><strong>instituere,</strong></span> <span class='ocrx_word' id='word_1_77' title='bbox 2536 1032 2676 1074; x_wconf 88' lang='lat' dir='ltr'><strong>cum</strong></span> <span class='ocrx_word' id='word_1_78' title='bbox 2710 1008 2790 1073; x_wconf 87' lang='lat' dir='ltr'><strong>iis</strong></span> <span class='ocrx_word' id='word_1_79' title='bbox 2816 1008 2896 1073; x_wconf 89' lang='lat' dir='ltr'><strong>ad</strong></span> <span class='ocrx_word' id='word_1_80' title='bbox 2924 1030 3137 1073; x_wconf 88' lang='lat' dir='ltr'><strong>amoe-</strong></span> 
     </span>
     <span class='ocr_line' id='line_1_9' title="bbox 197 1097 3136 1183; baseline -0.001 -20"><span class='ocrx_word' id='word_1_81' title='bbox 197 1122 316 1165; x_wconf 89' lang='lat' dir='ltr'><strong>nos</strong></span> <span class='ocrx_word' id='word_1_82' title='bbox 369 1098 616 1179; x_wconf 76' lang='lat' dir='ltr'><strong>hortOS,</strong></span> <span class='ocrx_word' id='word_1_83' title='bbox 665 1100 746 1163; x_wconf 90' lang='lat' dir='ltr'><strong>ad</strong></span> <span class='ocrx_word' id='word_1_84' title='bbox 791 1098 1103 1164; x_wconf 86' lang='lat' dir='ltr'><strong>Thessala</strong></span> <span class='ocrx_word' id='word_1_85' title='bbox 1157 1104 1370 1183; x_wconf 85' lang='lat' dir='ltr'><strong>tempe</strong></span> <span class='ocrx_word' id='word_1_86' title='bbox 1427 1099 1792 1183; x_wconf 83' lang='lat' dir='ltr'><strong>exspatiari,</strong></span> <span class='ocrx_word' id='word_1_87' title='bbox 1838 1098 2202 1183; x_wconf 86' lang='lat' dir='ltr'><strong>ibidemque</strong></span> <span class='ocrx_word' id='word_1_88' title='bbox 2226 1120 2293 1163; x_wconf 91' lang='lat' dir='ltr'><strong>se</strong></span> <span class='ocrx_word' id='word_1_89' title='bbox 2318 1097 2839 1177; x_wconf 82' lang='lat' dir='ltr'><strong>recreationibus,</strong></span> <span class='ocrx_word' id='word_1_90' title='bbox 2870 1097 3136 1176; x_wconf 91' lang='lat' dir='ltr'><strong>lusibus,</strong></span> 
     </span>
     <span class='ocr_line' id='line_1_10' title="bbox 198 1186 3135 1273; baseline -0.001 -20"><span class='ocrx_word' id='word_1_91' title='bbox 198 1187 529 1254; x_wconf 85' lang='lat' dir='ltr'><strong>exercitiis</strong></span> <span class='ocrx_word' id='word_1_92' title='bbox 553 1188 623 1251; x_wconf 93' lang='lat' dir='ltr'><strong>in</strong></span> <span class='ocrx_word' id='word_1_93' title='bbox 645 1210 712 1253; x_wconf 91' lang='lat' dir='ltr'><strong>se</strong></span> <span class='ocrx_word' id='word_1_94' title='bbox 736 1211 862 1252; x_wconf 87' lang='lat' dir='ltr'><strong>non</strong></span> <span class='ocrx_word' id='word_1_95' title='bbox 887 1188 1132 1253; x_wconf 86' lang='lat' dir='ltr'><strong>illicitis</strong></span> <span class='ocrx_word' id='word_1_96' title='bbox 1157 1188 1476 1253; x_wconf 89' lang='lat' dir='ltr'><strong>oblectare</strong></span> <span class='ocrx_word' id='word_1_97' title='bbox 1495 1192 1524 1252; x_wconf 71' lang='grc' dir='ltr'>Ρ</span> <span class='ocrx_word' id='word_1_98' title='bbox 1553 1190 1736 1273; x_wconf 78' lang='lat' dir='ltr'><strong>Hesp.</strong></span> <span class='ocrx_word' id='word_1_99' title='bbox 1767 1188 1826 1253; x_wconf 91' lang='lat'><strong>1.</strong></span> <span class='ocrx_word' id='word_1_100' title='bbox 1859 1186 1963 1251; x_wconf 91' lang='lat' dir='ltr'><strong>Ad</strong></span> <span class='ocrx_word' id='word_1_101' title='bbox 1992 1186 2248 1270; x_wconf 88' lang='lat' dir='ltr'><strong>quasvis</strong></span> <span class='ocrx_word' id='word_1_102' title='bbox 2286 1186 2690 1271; x_wconf 84' lang='lat' dir='ltr'><strong>quaestiones</strong></span> <span class='ocrx_word' id='word_1_103' title='bbox 2720 1208 2838 1251; x_wconf 88' lang='lat' dir='ltr'><strong>nec</strong></span> <span class='ocrx_word' id='word_1_104' title='bbox 2867 1207 3135 1269; x_wconf 84' lang='lat' dir='ltr'><strong>semper,</strong></span> 
     </span>
     <span class='ocr_line' id='line_1_11' title="bbox 197 1273 3139 1360; baseline -0 -20"><span class='ocrx_word' id='word_1_105' title='bbox 197 1298 316 1343; x_wconf 88' lang='lat' dir='ltr'><strong>nec</strong></span> <span class='ocrx_word' id='word_1_106' title='bbox 341 1277 442 1340; x_wconf 88' lang='lat' dir='ltr'><strong>ita</strong></span> <span class='ocrx_word' id='word_1_107' title='bbox 463 1279 712 1360; x_wconf 74' lang='lat' dir='ltr'><strong>promte</strong></span> <span class='ocrx_word' id='word_1_108' title='bbox 735 1277 1240 1360; x_wconf 88' lang='lat' dir='ltr'><strong>respondendum</strong></span> <span class='ocrx_word' id='word_1_109' title='bbox 1261 1300 1276 1349; x_wconf 76' lang='grc' dir='ltr'><strong>ς</strong></span> <span class='ocrx_word' id='word_1_110' title='bbox 1295 1276 1670 1360; x_wconf 88' lang='lat' dir='ltr'><strong>praesertim</strong></span> <span class='ocrx_word' id='word_1_111' title='bbox 1695 1276 1750 1341; x_wconf 91' lang='lat' dir='ltr'><strong>si</strong></span> <span class='ocrx_word' id='word_1_112' title='bbox 1767 1277 1939 1360; x_wconf 85' lang='lat' dir='ltr'><strong>juste</strong></span> <span class='ocrx_word' id='word_1_113' title='bbox 1962 1297 2367 1359; x_wconf 86' lang='lat' dir='ltr'><strong>praesumere</strong></span> <span class='ocrx_word' id='word_1_114' title='bbox 2383 1274 2721 1359; x_wconf 89' lang='lat' dir='ltr'><strong>possimus,</strong></span> <span class='ocrx_word' id='word_1_115' title='bbox 2746 1273 3139 1359; x_wconf 85' lang='lat' dir='ltr'><strong>quaesitores</strong></span> 
     </span>
     <span class='ocr_line' id='line_1_12' title="bbox 195 1361 3141 1450; baseline -0.001 -21"><span class='ocrx_word' id='word_1_116' title='bbox 195 1366 367 1431; x_wconf 86' lang='lat' dir='ltr'><strong>tales</strong></span> <span class='ocrx_word' id='word_1_117' title='bbox 426 1386 562 1429; x_wconf 88' lang='lat' dir='ltr'><strong>esse</strong></span> <span class='ocrx_word' id='word_1_118' title='bbox 623 1361 965 1440; x_wconf 74' lang='grc' dir='ltr'><strong><em>ἕμπαίκτας</em></strong></span> <span class='ocrx_word' id='word_1_119' title='bbox 999 1366 1064 1450; x_wconf 87' lang='grc'><strong>(2</strong></span> <span class='ocrx_word' id='word_1_120' title='bbox 1075 1365 1244 1431; x_wconf 81' lang='lat' dir='ltr'><strong>Petr.</strong></span> <span class='ocrx_word' id='word_1_121' title='bbox 1265 1366 1324 1429; x_wconf 88' lang='lat'><strong>3.</strong></span> <span class='ocrx_word' id='word_1_122' title='bbox 1350 1386 1506 1430; x_wconf 78' lang='lat' dir='ltr'><strong>vers.</strong></span> <span class='ocrx_word' id='word_1_123' title='bbox 1537 1365 1626 1449; x_wconf 86' lang='lat'><strong>3.)</strong></span> <span class='ocrx_word' id='word_1_124' title='bbox 1660 1367 1772 1429; x_wconf 88' lang='lat' dir='ltr'><strong>aut</strong></span> <span class='ocrx_word' id='word_1_125' title='bbox 1797 1387 1873 1429; x_wconf 85' lang='lat' dir='ltr'><strong>ex</strong></span> <span class='ocrx_word' id='word_1_126' title='bbox 1900 1385 2118 1429; x_wconf 89' lang='lat' dir='ltr'><strong>eorum</strong></span> <span class='ocrx_word' id='word_1_127' title='bbox 2140 1386 2427 1443; x_wconf 91' lang='lat' dir='ltr'><strong>numero,</strong></span> <span class='ocrx_word' id='word_1_128' title='bbox 2451 1385 2610 1447; x_wconf 90' lang='lat' dir='ltr'><strong>quos</strong></span> <span class='ocrx_word' id='word_1_129' title='bbox 2642 1362 2905 1428; x_wconf 88' lang='lat' dir='ltr'><strong>canibus</strong></span> <span class='ocrx_word' id='word_1_130' title='bbox 2929 1362 2976 1427; x_wconf 70' lang='lat'><strong>8⁶</strong></span> <span class='ocrx_word' id='word_1_131' title='bbox 3000 1384 3141 1446; x_wconf 91' lang='lat' dir='ltr'><strong>por·</strong></span> 
     </span>
     <span class='ocr_line' id='line_1_13' title="bbox 197 1450 3135 1537; baseline -0.002 -18"><span class='ocrx_word' id='word_1_132' title='bbox 197 1454 292 1518; x_wconf 90' lang='lat' dir='ltr'><strong>cis</strong></span> <span class='ocrx_word' id='word_1_133' title='bbox 317 1455 653 1537; x_wconf 87' lang='lat' dir='ltr'><strong>comparat</strong></span> <span class='ocrx_word' id='word_1_134' title='bbox 682 1456 968 1517; x_wconf 87' lang='lat' dir='ltr'><strong>servator</strong></span> <span class='ocrx_word' id='word_1_135' title='bbox 992 1454 1210 1519; x_wconf 63' lang='lat' dir='ltr'><strong>Mam».</strong></span> <span class='ocrx_word' id='word_1_136' title='bbox 1248 1454 1306 1519; x_wconf 83' lang='lat'><strong>7.</strong></span> <span class='ocrx_word' id='word_1_137' title='bbox 1340 1457 1453 1518; x_wconf 86' lang='lat' dir='ltr'><strong>aut</strong></span> <span class='ocrx_word' id='word_1_138' title='bbox 1477 1476 1554 1519; x_wconf 84' lang='lat' dir='ltr'><strong>ex</strong></span> <span class='ocrx_word' id='word_1_139' title='bbox 1578 1475 1842 1518; x_wconf 91' lang='lat' dir='ltr'><strong>numero</strong></span> <span class='ocrx_word' id='word_1_140' title='bbox 1868 1453 2231 1532; x_wconf 89' lang='lat' dir='ltr'><strong>stultorum,</strong></span> <span class='ocrx_word' id='word_1_141' title='bbox 2257 1453 2333 1517; x_wconf 90' lang='lat' dir='ltr'><strong>de</strong></span> <span class='ocrx_word' id='word_1_142' title='bbox 2358 1452 2591 1535; x_wconf 89' lang='lat' dir='ltr'><strong>quibus</strong></span> <span class='ocrx_word' id='word_1_143' title='bbox 2617 1450 2911 1517; x_wconf 84' lang='lat' dir='ltr'><strong>Proverb.</strong></span> <span class='ocrx_word' id='word_1_144' title='bbox 2941 1451 3045 1515; x_wconf 85' lang='lat'><strong>26.</strong></span> <span class='ocrx_word' id='word_1_145' title='bbox 3074 1450 3135 1515; x_wconf 89' lang='lat'><strong>4.</strong></span> 
     </span>
     <span class='ocr_line' id='line_1_14' title="bbox 197 1539 3137 1643; baseline -0.002 -33"><span class='ocrx_word' id='word_1_146' title='bbox 197 1544 292 1611; x_wconf 82' lang='lat' dir='ltr'><strong>Ne</strong></span> <span class='ocrx_word' id='word_1_147' title='bbox 313 1542 628 1643; x_wconf 58' lang='lat' dir='ltr'><strong>responde</strong></span> <span class='ocrx_word' id='word_1_148' title='bbox 647 1543 834 1608; x_wconf 76' lang='lat' dir='ltr'><strong>stulto</strong></span> <span class='ocrx_word' id='word_1_149' title='bbox 855 1542 1200 1607; x_wconf 76' lang='lat' dir='ltr'><strong>secundum</strong></span> <span class='ocrx_word' id='word_1_150' title='bbox 1223 1542 1568 1608; x_wconf 69' lang='lat' dir='ltr'><strong>stultitiam.</strong></span> <span class='ocrx_word' id='word_1_151' title='bbox 1595 1541 1728 1607; x_wconf 89' lang='lat' dir='ltr'><strong>Aut</strong></span> <span class='ocrx_word' id='word_1_152' title='bbox 1747 1564 1821 1606; x_wconf 86' lang='lat' dir='ltr'><strong>ex</strong></span> <span class='ocrx_word' id='word_1_153' title='bbox 1836 1563 2102 1606; x_wconf 89' lang='lat' dir='ltr'><strong>numero</strong></span> <span class='ocrx_word' id='word_1_154' title='bbox 2125 1562 2377 1625; x_wconf 87' lang='lat' dir='ltr'><strong>semper</strong></span> <span class='ocrx_word' id='word_1_155' title='bbox 2393 1539 2791 1619; x_wconf 87' lang='lat' dir='ltr'><strong>discentium,</strong></span> <span class='ocrx_word' id='word_1_156' title='bbox 2807 1560 3137 1622; x_wconf 88' lang='lat' dir='ltr'><strong>nunquam</strong></span> 
     </span>
     <span class='ocr_line' id='line_1_15' title="bbox 197 1625 3141 1716; baseline -0.001 -21"><span class='ocrx_word' id='word_1_157' title='bbox 197 1632 276 1695; x_wconf 90' lang='lat' dir='ltr'><strong>ad</strong></span> <span class='ocrx_word' id='word_1_158' title='bbox 327 1630 764 1716; x_wconf 84' lang='lat' dir='ltr'><strong>cognitionem</strong></span> <span class='ocrx_word' id='word_1_159' title='bbox 814 1630 1104 1695; x_wconf 89' lang='lat' dir='ltr'><strong>veritatis</strong></span> <span class='ocrx_word' id='word_1_160' title='bbox 1159 1630 1665 1715; x_wconf 86' lang='lat' dir='ltr'><strong>pervenientium</strong></span> <span class='ocrx_word' id='word_1_161' title='bbox 1713 1631 1775 1694; x_wconf 84' lang='lat'><strong>2.</strong></span> <span class='ocrx_word' id='word_1_162' title='bbox 1835 1628 2104 1695; x_wconf 74' lang='lat' dir='ltr'><strong>Timoth.</strong></span> <span class='ocrx_word' id='word_1_163' title='bbox 2152 1630 2215 1695; x_wconf 88' lang='lat'><strong>3.</strong></span> <span class='ocrx_word' id='word_1_164' title='bbox 2261 1650 2315 1694; x_wconf 88' lang='lat' dir='ltr'><strong>v.</strong></span> <span class='ocrx_word' id='word_1_165' title='bbox 2345 1630 2404 1695; x_wconf 87' lang='lat'><strong>7.</strong></span> <span class='ocrx_word' id='word_1_166' title='bbox 2432 1627 2593 1695; x_wconf 84' lang='lat' dir='ltr'><strong>Cum</strong></span> <span class='ocrx_word' id='word_1_167' title='bbox 2625 1627 2793 1693; x_wconf 89' lang='lat' dir='ltr'><strong>enim</strong></span> <span class='ocrx_word' id='word_1_168' title='bbox 2816 1626 2989 1692; x_wconf 85' lang='lat' dir='ltr'><strong>facta</strong></span> <span class='ocrx_word' id='word_1_169' title='bbox 3011 1625 3141 1692; x_wconf 89' lang='lat' dir='ltr'><strong>sint</strong></span> 
     </span>
     <span class='ocr_line' id='line_1_16' title="bbox 197 1716 3137 1804; baseline -0.001 -21"><span class='ocrx_word' id='word_1_170' title='bbox 197 1720 484 1794; x_wconf 86' lang='lat' dir='ltr'><strong>infinita,</strong></span> <span class='ocrx_word' id='word_1_171' title='bbox 538 1740 614 1783; x_wconf 88' lang='lat' dir='ltr'><strong>ac</strong></span> <span class='ocrx_word' id='word_1_172' title='bbox 663 1722 1003 1803; x_wconf 87' lang='lat' dir='ltr'><strong>propterea</strong></span> <span class='ocrx_word' id='word_1_173' title='bbox 1032 1740 1250 1784; x_wconf 89' lang='lat' dir='ltr'><strong>omnes</strong></span> <span class='ocrx_word' id='word_1_174' title='bbox 1280 1722 1416 1783; x_wconf 85' lang='lat' dir='ltr'><strong>tam</strong></span> <span class='ocrx_word' id='word_1_175' title='bbox 1448 1718 1726 1803; x_wconf 88' lang='lat' dir='ltr'><strong>expediti</strong></span> <span class='ocrx_word' id='word_1_176' title='bbox 1749 1722 1883 1783; x_wconf 91' lang='lat' dir='ltr'><strong>tam</strong></span> <span class='ocrx_word' id='word_1_177' title='bbox 1909 1718 2303 1804; x_wconf 86' lang='lat' dir='ltr'><strong>perspicaces</strong></span> <span class='ocrx_word' id='word_1_178' title='bbox 2326 1739 2453 1783; x_wconf 92' lang='lat' dir='ltr'><strong>non</strong></span> <span class='ocrx_word' id='word_1_179' title='bbox 2478 1717 2606 1782; x_wconf 91' lang='lat' dir='ltr'><strong>sint</strong></span> <span class='ocrx_word' id='word_1_180' title='bbox 2628 1716 2710 1781; x_wconf 91' lang='lat' dir='ltr'><strong>ad</strong></span> <span class='ocrx_word' id='word_1_181' title='bbox 2732 1738 3137 1801; x_wconf 84' lang='lat' dir='ltr'><strong>quoscunque</strong></span> 
     </span>
     <span class='ocr_line' id='line_1_17' title="bbox 195 1806 3139 1891; baseline -0.001 -18"><span class='ocrx_word' id='word_1_182' title='bbox 195 1830 394 1873; x_wconf 89' lang='lat' dir='ltr'><strong>casus</strong></span> <span class='ocrx_word' id='word_1_183' title='bbox 439 1808 788 1873; x_wconf 88' lang='lat' dir='ltr'><strong>secundum</strong></span> <span class='ocrx_word' id='word_1_184' title='bbox 833 1807 1249 1891; x_wconf 86' lang='lat' dir='ltr'><strong>particulares</strong></span> <span class='ocrx_word' id='word_1_185' title='bbox 1275 1806 1784 1872; x_wconf 82' lang='lat' dir='ltr'><strong>circumstantias</strong></span> <span class='ocrx_word' id='word_1_186' title='bbox 1825 1810 2037 1871; x_wconf 89' lang='lat' dir='ltr'><strong>stante</strong></span> <span class='ocrx_word' id='word_1_187' title='bbox 2063 1808 2223 1891; x_wconf 90' lang='lat' dir='ltr'><strong>pede</strong></span> <span class='ocrx_word' id='word_1_188' title='bbox 2246 1810 2383 1871; x_wconf 90' lang='lat' dir='ltr'><strong>tam</strong></span> <span class='ocrx_word' id='word_1_189' title='bbox 2408 1808 2699 1872; x_wconf 73' lang='lat' dir='ltr'><strong>accurate</strong></span> <span class='ocrx_word' id='word_1_190' title='bbox 2724 1806 2770 1872; x_wconf 69' lang='grc' dir='ltr'><strong>8ο</strong></span> <span class='ocrx_word' id='word_1_191' title='bbox 2792 1806 3139 1889; x_wconf 89' lang='lat' dir='ltr'><strong>prudenter</strong></span> 
     </span>
     <span class='ocr_line' id='line_1_18' title="bbox 197 1892 3139 1979; baseline -0.001 -18"><span class='ocrx_word' id='word_1_192' title='bbox 197 1896 743 1977; x_wconf 86' lang='lat' dir='ltr'><strong>determinandos‚</strong></span> <span class='ocrx_word' id='word_1_193' title='bbox 795 1900 870 1959; x_wconf 89' lang='lat' dir='ltr'><strong>ut</strong></span> <span class='ocrx_word' id='word_1_194' title='bbox 917 1895 1232 1979; x_wconf 89' lang='lat' dir='ltr'><strong>captiosas</strong></span> <span class='ocrx_word' id='word_1_195' title='bbox 1272 1896 1708 1961; x_wconf 85' lang='lat' dir='ltr'><strong>cavillationes</strong></span> <span class='ocrx_word' id='word_1_196' title='bbox 1757 1898 1802 1962; x_wconf 85' lang='lat'>&amp;</span> <span class='ocrx_word' id='word_1_197' title='bbox 1834 1917 2067 1959; x_wconf 88' lang='lat' dir='ltr'><strong>sannas</strong></span> <span class='ocrx_word' id='word_1_198' title='bbox 2096 1894 2588 1979; x_wconf 87' lang='lat' dir='ltr'><strong>sophisticorum</strong></span> <span class='ocrx_word' id='word_1_199' title='bbox 2612 1892 2955 1969; x_wconf 76' lang='grc' dir='ltr'><em>ἓμπαίκτων</em></span> <span class='ocrx_word' id='word_1_200' title='bbox 2979 1892 3139 1958; x_wconf 85' lang='lat' dir='ltr'><strong>effu-</strong></span> 
     </span>
     <span class='ocr_line' id='line_1_19' title="bbox 198 1980 3144 2071; baseline -0.001 -21"><span class='ocrx_word' id='word_1_201' title='bbox 198 2006 359 2071; x_wconf 85' lang='lat' dir='ltr'><strong>gere</strong></span> <span class='ocrx_word' id='word_1_202' title='bbox 409 1988 682 2069; x_wconf 89' lang='lat' dir='ltr'><strong>queant.</strong></span> <span class='ocrx_word' id='word_1_203' title='bbox 667 2006 682 2021; x_wconf 93' lang='lat'><strong>·</strong></span> <span class='ocrx_word' id='word_1_204' title='bbox 730 1987 1016 2069; x_wconf 86' lang='lat' dir='ltr'><strong>praestat</strong></span> <span class='ocrx_word' id='word_1_205' title='bbox 1063 1988 1102 2048; x_wconf 78' lang='lat' dir='ltr'><strong>a</strong></span> <span class='ocrx_word' id='word_1_206' title='bbox 1145 1984 1554 2068; x_wconf 87' lang='lat' dir='ltr'><strong>responsione</strong></span> <span class='ocrx_word' id='word_1_207' title='bbox 1607 1984 2039 2070; x_wconf 89' lang='lat' dir='ltr'><strong>supersedere.</strong></span> <span class='ocrx_word' id='word_1_208' title='bbox 2088 1982 2465 2060; x_wconf 82' lang='lat' dir='ltr'><strong>Questiones</strong></span> <span class='ocrx_word' id='word_1_209' title='bbox 2487 1985 2693 2059; x_wconf 75' lang='grc' dir='ltr'><strong><em>μώρας</em></strong></span> <span class='ocrx_word' id='word_1_210' title='bbox 2714 1980 2939 2067; x_wconf 89' lang='lat' dir='ltr'><strong>fugere</strong></span> <span class='ocrx_word' id='word_1_211' title='bbox 2964 1982 3144 2047; x_wconf 90' lang='lat' dir='ltr'><strong>docet</strong></span> 
     </span>
     <span class='ocr_line' id='line_1_20' title="bbox 197 2071 3139 2158; baseline -0.001 -19"><span class='ocrx_word' id='word_1_212' title='bbox 197 2074 536 2158; x_wconf 87' lang='lat' dir='ltr'><strong>apostolus</strong></span> <span class='ocrx_word' id='word_1_213' title='bbox 563 2074 620 2137; x_wconf 92' lang='grc'><strong>2.</strong></span> <span class='ocrx_word' id='word_1_214' title='bbox 659 2074 731 2139; x_wconf 84' lang='lat' dir='ltr'><strong><em>T</em></strong></span> <span class='ocrx_word' id='word_1_215' title='bbox 708 2094 816 2139; x_wconf 76' lang='lat' dir='ltr'><strong>tm</strong></span> <span class='ocrx_word' id='word_1_216' title='bbox 852 2074 911 2137; x_wconf 85' lang='lat'><strong>2.</strong></span> <span class='ocrx_word' id='word_1_217' title='bbox 937 2094 996 2137; x_wconf 86' lang='lat' dir='ltr'><strong>v.</strong></span> <span class='ocrx_word' id='word_1_218' title='bbox 1023 2074 1130 2137; x_wconf 82' lang='lat'><strong>23.</strong></span> <span class='ocrx_word' id='word_1_219' title='bbox 1166 2074 1279 2139; x_wconf 81' lang='lat' dir='ltr'><strong>Tit.</strong></span> <span class='ocrx_word' id='word_1_220' title='bbox 1315 2076 1438 2137; x_wconf 84' lang='lat' dir='ltr'><strong>3.v</strong></span> <span class='ocrx_word' id='word_1_221' title='bbox 1443 2074 1547 2139; x_wconf 96' lang='grc'><strong>9.</strong></span> <span class='ocrx_word' id='word_1_222' title='bbox 1573 2094 1736 2157; x_wconf 90' lang='lat' dir='ltr'><strong>quae</strong></span> <span class='ocrx_word' id='word_1_223' title='bbox 1767 2071 2236 2137; x_wconf 89' lang='lat' dir='ltr'><strong>contentionem</strong></span> <span class='ocrx_word' id='word_1_224' title='bbox 2261 2072 2540 2157; x_wconf 87' lang='lat' dir='ltr'><strong>pariunt.</strong></span> <span class='ocrx_word' id='word_1_225' title='bbox 2570 2072 2630 2134; x_wconf 89' lang='grc'><strong>2.</strong></span> <span class='ocrx_word' id='word_1_226' title='bbox 2660 2072 3139 2157; x_wconf 77' lang='lat' dir='ltr'><strong>Nonnunquam</strong></span> 
     </span>
     <span class='ocr_line' id='line_1_21' title="bbox 197 2158 3139 2247; baseline -0.001 -20"><span class='ocrx_word' id='word_1_227' title='bbox 197 2166 426 2227; x_wconf 86' lang='lat' dir='ltr'><strong>tamen</strong></span> <span class='ocrx_word' id='word_1_228' title='bbox 451 2162 976 2245; x_wconf 88' lang='lat' dir='ltr'><strong>respondendum,</strong></span> <span class='ocrx_word' id='word_1_229' title='bbox 1025 2184 1170 2227; x_wconf 90' lang='lat' dir='ltr'><strong>cum</strong></span> <span class='ocrx_word' id='word_1_230' title='bbox 1201 2161 1363 2227; x_wconf 90' lang='lat' dir='ltr'><strong>tales</strong></span> <span class='ocrx_word' id='word_1_231' title='bbox 1388 2164 1500 2226; x_wconf 90' lang='lat' dir='ltr'><strong>aut</strong></span> <span class='ocrx_word' id='word_1_232' title='bbox 1524 2161 1766 2227; x_wconf 89' lang='lat' dir='ltr'><strong>similes</strong></span> <span class='ocrx_word' id='word_1_233' title='bbox 1797 2160 2200 2245; x_wconf 82' lang='lat' dir='ltr'><strong>quaestiones</strong></span> <span class='ocrx_word' id='word_1_234' title='bbox 2232 2161 2313 2225; x_wconf 87' lang='lat' dir='ltr'><strong>ab</strong></span> <span class='ocrx_word' id='word_1_235' title='bbox 2344 2159 2793 2247; x_wconf 84' lang='lat' dir='ltr'><strong>ignorantibus</strong></span> <span class='ocrx_word' id='word_1_236' title='bbox 2816 2162 2929 2223; x_wconf 88' lang='lat' dir='ltr'><strong>aut</strong></span> <span class='ocrx_word' id='word_1_237' title='bbox 2958 2158 3139 2223; x_wconf 88' lang='lat' dir='ltr'><strong>infir-</strong></span> 
     </span>
     <span class='ocr_line' id='line_1_22' title="bbox 199 2246 3141 2350; baseline -0.001 -35"><span class='ocrx_word' id='word_1_238' title='bbox 199 2251 348 2329; x_wconf 87' lang='lat' dir='ltr'><strong>mis,</strong></span> <span class='ocrx_word' id='word_1_239' title='bbox 377 2255 492 2315; x_wconf 87' lang='lat' dir='ltr'><strong>aut</strong></span> <span class='ocrx_word' id='word_1_240' title='bbox 515 2250 758 2315; x_wconf 87' lang='lat' dir='ltr'><strong>etiam</strong></span> <span class='ocrx_word' id='word_1_241' title='bbox 736 2274 774 2314; x_wconf 88' lang='lat' dir='ltr'><strong>a</strong></span> <span class='ocrx_word' id='word_1_242' title='bbox 797 2249 973 2330; x_wconf 88' lang='lat' dir='ltr'><strong>viris,</strong></span> <span class='ocrx_word' id='word_1_243' title='bbox 999 2249 1232 2334; x_wconf 90' lang='lat' dir='ltr'><strong>quibus</strong></span> <span class='ocrx_word' id='word_1_244' title='bbox 1257 2272 1629 2334; x_wconf 88' lang='lat' dir='ltr'><strong>responsum</strong></span> <span class='ocrx_word' id='word_1_245' title='bbox 1651 2250 1878 2335; x_wconf 87' lang='lat' dir='ltr'><strong>negari</strong></span> <span class='ocrx_word' id='word_1_246' title='bbox 1901 2271 2028 2314; x_wconf 89' lang='lat' dir='ltr'><strong>non</strong></span> <span class='ocrx_word' id='word_1_247' title='bbox 2061 2249 2268 2328; x_wconf 89' lang='lat' dir='ltr'><strong>debet,</strong></span> <span class='ocrx_word' id='word_1_248' title='bbox 2294 2252 2750 2350; x_wconf 80' lang='lat' dir='ltr'><strong>proponuntur.</strong></span> <span class='ocrx_word' id='word_1_249' title='bbox 2798 2246 2919 2311; x_wconf 82' lang='lat' dir='ltr'><strong>Ex.</strong></span> <span class='ocrx_word' id='word_1_250' title='bbox 2962 2268 3061 2333; x_wconf 89' lang='lat' dir='ltr'><strong>gr.</strong></span> <span class='ocrx_word' id='word_1_251' title='bbox 3086 2246 3141 2312; x_wconf 93' lang='lat' dir='ltr'><strong>si</strong></span> 
     </span>
     <span class='ocr_line' id='line_1_23' title="bbox 201 2300 3137 2442; baseline -0.001 -39"><span class='ocrx_word' id='word_1_252' title='bbox 201 2341 645 2442; x_wconf 80' lang='lat' dir='ltr'><strong>proponantur</strong></span> <span class='ocrx_word' id='word_1_253' title='bbox 667 2338 819 2403; x_wconf 88' lang='lat' dir='ltr'><strong>illae</strong></span> <span class='ocrx_word' id='word_1_254' title='bbox 845 2339 1248 2422; x_wconf 85' lang='lat' dir='ltr'><strong>quaestiones</strong></span> <span class='ocrx_word' id='word_1_255' title='bbox 1273 2360 1431 2422; x_wconf 90' lang='lat' dir='ltr'><strong>quas</strong></span> <span class='ocrx_word' id='word_1_256' title='bbox 1457 2339 1671 2403; x_wconf 87' lang='lat' dir='ltr'><strong>audivi</strong></span> <span class='ocrx_word' id='word_1_257' title='bbox 1696 2338 2039 2423; x_wconf 87' lang='lat' dir='ltr'><strong>aliquando</strong></span> <span class='ocrx_word' id='word_1_258' title='bbox 2065 2300 2433 2404; x_wconf 73' lang='lat' dir='ltr'><strong>candidatis</strong></span> <span class='ocrx_word' id='word_1_259' title='bbox 2466 2335 2805 2401; x_wconf 85' lang='lat' dir='ltr'><strong>ministerii</strong></span> <span class='ocrx_word' id='word_1_260' title='bbox 2828 2338 2875 2405; x_wconf 68' lang='grc' dir='ltr'>ἃ</span> <span class='ocrx_word' id='word_1_261' title='bbox 2897 2334 3137 2401; x_wconf 90' lang='lat' dir='ltr'><strong>vocatis</strong></span> 
     </span>
     <span class='ocr_line' id='line_1_24' title="bbox 199 2423 3139 2512; baseline -0.001 -18"><span class='ocrx_word' id='word_1_262' title='bbox 199 2428 520 2494; x_wconf 84' lang='lat' dir='ltr'><strong>ministris</strong></span> <span class='ocrx_word' id='word_1_263' title='bbox 543 2426 900 2512; x_wconf 88' lang='lat' dir='ltr'><strong>propositas</strong></span> <span class='ocrx_word' id='word_1_264' title='bbox 933 2426 1152 2507; x_wconf 87' lang='lat' dir='ltr'><strong>fuisse,</strong></span> <span class='ocrx_word' id='word_1_265' title='bbox 1184 2425 1290 2492; x_wconf 88' lang='lat' dir='ltr'><strong>An</strong></span> <span class='ocrx_word' id='word_1_266' title='bbox 1316 2427 1371 2492; x_wconf 90' lang='lat' dir='ltr'><strong>si</strong></span> <span class='ocrx_word' id='word_1_267' title='bbox 1394 2427 1616 2493; x_wconf 87' lang='lat' dir='ltr'><strong>domus</strong></span> <span class='ocrx_word' id='word_1_268' title='bbox 1654 2426 1946 2494; x_wconf 88' lang='lat' dir='ltr'><strong>incendio</strong></span> <span class='ocrx_word' id='word_1_269' title='bbox 1972 2426 2394 2512; x_wconf 89' lang='lat' dir='ltr'><strong>corriperetur</strong></span> <span class='ocrx_word' id='word_1_270' title='bbox 2423 2449 2503 2491; x_wconf 84' lang='lat' dir='ltr'><strong>ex</strong></span> <span class='ocrx_word' id='word_1_271' title='bbox 2525 2430 2600 2491; x_wconf 71' lang='lat' dir='ltr'><strong>ea</strong></span> <span class='ocrx_word' id='word_1_272' title='bbox 2624 2424 2845 2492; x_wconf 90' lang='lat' dir='ltr'><strong>liceret</strong></span> <span class='ocrx_word' id='word_1_273' title='bbox 2865 2423 3090 2511; x_wconf 83' lang='lat' dir='ltr'><strong>fugere</strong></span> <span class='ocrx_word' id='word_1_274' title='bbox 3108 2427 3139 2491; x_wconf 69' lang='lat' dir='ltr'><strong>i&gt;</strong></span> 
     </span>
     <span class='ocr_line' id='line_1_25' title="bbox 199 2514 3141 2601; baseline -0.001 -19"><span class='ocrx_word' id='word_1_275' title='bbox 199 2517 308 2582; x_wconf 83' lang='lat' dir='ltr'><strong>An</strong></span> <span class='ocrx_word' id='word_1_276' title='bbox 355 2517 580 2582; x_wconf 91' lang='lat' dir='ltr'><strong>liceret</strong></span> <span class='ocrx_word' id='word_1_277' title='bbox 633 2516 961 2581; x_wconf 89' lang='lat' dir='ltr'><strong>ambulare</strong></span> <span class='ocrx_word' id='word_1_278' title='bbox 979 2523 1009 2580; x_wconf 72' lang='grc' dir='ltr'>Ρ</span> <span class='ocrx_word' id='word_1_279' title='bbox 1058 2515 1160 2580; x_wconf 87' lang='lat' dir='ltr'><strong>An</strong></span> <span class='ocrx_word' id='word_1_280' title='bbox 1193 2539 1337 2581; x_wconf 91' lang='lat' dir='ltr'><strong>cum</strong></span> <span class='ocrx_word' id='word_1_281' title='bbox 1368 2517 1583 2600; x_wconf 90' lang='lat' dir='ltr'><strong>aliquo</strong></span> <span class='ocrx_word' id='word_1_282' title='bbox 1607 2516 1819 2582; x_wconf 88' lang='lat' dir='ltr'><strong>domi</strong></span> <span class='ocrx_word' id='word_1_283' title='bbox 1801 2516 2005 2601; x_wconf 81' lang='lat' dir='ltr'><strong>ipsius</strong></span> <span class='ocrx_word' id='word_1_284' title='bbox 2026 2538 2257 2600; x_wconf 86' lang='lat' dir='ltr'><strong>panem</strong></span> <span class='ocrx_word' id='word_1_285' title='bbox 2282 2517 2465 2581; x_wconf 91' lang='lat' dir='ltr'><strong>edere</strong></span> <span class='ocrx_word' id='word_1_286' title='bbox 2484 2520 2515 2580; x_wconf 72' lang='grc' dir='ltr'><strong>ἴ)</strong></span> <span class='ocrx_word' id='word_1_287' title='bbox 2546 2515 2652 2580; x_wconf 90' lang='lat' dir='ltr'><strong>An</strong></span> <span class='ocrx_word' id='word_1_288' title='bbox 2676 2514 2969 2579; x_wconf 87' lang='lat' dir='ltr'><strong>ministro</strong></span> <span class='ocrx_word' id='word_1_289' title='bbox 2992 2535 3141 2599; x_wconf 88' lang='lat' dir='ltr'><strong>pra·</strong></span> 
     </span>
     <span class='ocr_line' id='line_1_26' title="bbox 201 2602 3141 2682; baseline -0.001 -12"><span class='ocrx_word' id='word_1_290' title='bbox 201 2605 314 2670; x_wconf 86' lang='lat' dir='ltr'><strong>xin</strong></span> <span class='ocrx_word' id='word_1_291' title='bbox 361 2605 671 2671; x_wconf 88' lang='lat' dir='ltr'><strong>medicam</strong></span> <span class='ocrx_word' id='word_1_292' title='bbox 717 2605 885 2670; x_wconf 89' lang='lat' dir='ltr'><strong>inter</strong></span> <span class='ocrx_word' id='word_1_293' title='bbox 931 2627 1078 2670; x_wconf 90' lang='lat' dir='ltr'><strong>suos</strong></span> <span class='ocrx_word' id='word_1_294' title='bbox 1125 2627 1202 2670; x_wconf 84' lang='lat' dir='ltr'><strong>ex</strong></span> <span class='ocrx_word' id='word_1_295' title='bbox 1233 2605 1610 2670; x_wconf 87' lang='lat' dir='ltr'><strong>necessitate</strong></span> <span class='ocrx_word' id='word_1_296' title='bbox 1635 2608 1682 2675; x_wconf 68' lang='grc' dir='ltr'>ἃ</span> <span class='ocrx_word' id='word_1_297' title='bbox 1705 2605 1972 2671; x_wconf 89' lang='lat' dir='ltr'><strong>caritate</strong></span> <span class='ocrx_word' id='word_1_298' title='bbox 2003 2604 2339 2682; x_wconf 84' lang='lat' dir='ltr'><strong>exercenti,</strong></span> <span class='ocrx_word' id='word_1_299' title='bbox 2366 2603 2617 2669; x_wconf 88' lang='lat' dir='ltr'><strong>urinam</strong></span> <span class='ocrx_word' id='word_1_300' title='bbox 2638 2625 2713 2669; x_wconf 90' lang='lat' dir='ltr'><strong>eo</strong></span> <span class='ocrx_word' id='word_1_301' title='bbox 2738 2603 2838 2668; x_wconf 89' lang='lat' dir='ltr'><strong>die</strong></span> <span class='ocrx_word' id='word_1_302' title='bbox 2862 2602 3141 2667; x_wconf 83' lang='lat' dir='ltr'><strong>delatam</strong></span> 
     </span>
     <span class='ocr_line' id='line_1_27' title="bbox 201 2691 3141 2778; baseline -0.001 -20"><span class='ocrx_word' id='word_1_303' title='bbox 201 2693 518 2778; x_wconf 86' lang='lat' dir='ltr'><strong>inspicere</strong></span> <span class='ocrx_word' id='word_1_304' title='bbox 533 2697 564 2758; x_wconf 72' lang='grc' dir='ltr'><strong><em>Ρ</em></strong></span> <span class='ocrx_word' id='word_1_305' title='bbox 587 2693 763 2770; x_wconf 84' lang='lat' dir='ltr'><strong>Quae</strong></span> <span class='ocrx_word' id='word_1_306' title='bbox 779 2693 1034 2776; x_wconf 88' lang='lat' dir='ltr'><strong>ineptae</strong></span> <span class='ocrx_word' id='word_1_307' title='bbox 1058 2695 1104 2759; x_wconf 75' lang='grc' dir='ltr'><strong>δι</strong></span> <span class='ocrx_word' id='word_1_308' title='bbox 1127 2694 1395 2759; x_wconf 89' lang='lat' dir='ltr'><strong>stolidae</strong></span> <span class='ocrx_word' id='word_1_309' title='bbox 1418 2694 1823 2778; x_wconf 90' lang='lat' dir='ltr'><strong>quaestiones</strong></span> <span class='ocrx_word' id='word_1_310' title='bbox 1850 2693 2043 2758; x_wconf 79' lang='lat' dir='ltr'><strong>tacite</strong></span> <span class='ocrx_word' id='word_1_311' title='bbox 2065 2693 2445 2758; x_wconf 88' lang='lat' dir='ltr'><strong>videbantur</strong></span> <span class='ocrx_word' id='word_1_312' title='bbox 2474 2692 2732 2776; x_wconf 84' lang='lat' dir='ltr'><strong>culpare</strong></span> <span class='ocrx_word' id='word_1_313' title='bbox 2756 2691 3003 2776; x_wconf 88' lang='lat' dir='ltr'><strong>aliquos</strong></span> <span class='ocrx_word' id='word_1_314' title='bbox 3028 2695 3141 2756; x_wconf 88' lang='lat' dir='ltr'><strong>aut</strong></span> 
     </span>
     <span class='ocr_line' id='line_1_28' title="bbox 201 2779 3139 2866; baseline -0.001 -19"><span class='ocrx_word' id='word_1_315' title='bbox 201 2785 531 2866; x_wconf 87' lang='lat' dir='ltr'><strong>suspectos</strong></span> <span class='ocrx_word' id='word_1_316' title='bbox 555 2781 784 2860; x_wconf 89' lang='lat' dir='ltr'><strong>facere,</strong></span> <span class='ocrx_word' id='word_1_317' title='bbox 811 2781 992 2864; x_wconf 88' lang='lat' dir='ltr'><strong>quasi</strong></span> <span class='ocrx_word' id='word_1_318' title='bbox 1023 2781 1236 2847; x_wconf 89' lang='lat' dir='ltr'><strong>omnia</strong></span> <span class='ocrx_word' id='word_1_319' title='bbox 1265 2782 1380 2846; x_wconf 91' lang='lat' dir='ltr'><strong>illa</strong></span> <span class='ocrx_word' id='word_1_320' title='bbox 1403 2783 1694 2847; x_wconf 72' lang='lat' dir='ltr'><strong>absolute</strong></span> <span class='ocrx_word' id='word_1_321' title='bbox 1719 2781 1947 2848; x_wconf 90' lang='lat' dir='ltr'><strong>illicita</strong></span> <span class='ocrx_word' id='word_1_322' title='bbox 1969 2804 2106 2848; x_wconf 90' lang='lat' dir='ltr'><strong>esse</strong></span> <span class='ocrx_word' id='word_1_323' title='bbox 2142 2782 2611 2847; x_wconf 89' lang='lat' dir='ltr'><strong>contenderent.</strong></span> <span class='ocrx_word' id='word_1_324' title='bbox 2655 2780 2837 2857; x_wconf 84' lang='lat' dir='ltr'><strong>Quod</strong></span> <span class='ocrx_word' id='word_1_325' title='bbox 2890 2779 2945 2844; x_wconf 90' lang='lat' dir='ltr'><strong>si</strong></span> <span class='ocrx_word' id='word_1_326' title='bbox 2986 2801 3139 2866; x_wconf 87' lang='lat' dir='ltr'><strong>ergo</strong></span> 
     </span>
     <span class='ocr_line' id='line_1_29' title="bbox 201 2869 3139 2957; baseline -0.001 -20"><span class='ocrx_word' id='word_1_327' title='bbox 201 2893 390 2937; x_wconf 82' lang='lat' dir='ltr'><strong>casus</strong></span> <span class='ocrx_word' id='word_1_328' title='bbox 420 2869 679 2949; x_wconf 87' lang='lat' dir='ltr'><strong>incidat,</strong></span> <span class='ocrx_word' id='word_1_329' title='bbox 726 2891 853 2953; x_wconf 87' lang='lat' dir='ltr'><strong>quo</strong></span> <span class='ocrx_word' id='word_1_330' title='bbox 883 2891 1011 2934; x_wconf 91' lang='lat' dir='ltr'><strong>non</strong></span> <span class='ocrx_word' id='word_1_331' title='bbox 1033 2869 1188 2949; x_wconf 90' lang='lat' dir='ltr'><strong>risu,</strong></span> <span class='ocrx_word' id='word_1_332' title='bbox 1239 2873 1350 2934; x_wconf 90' lang='lat' dir='ltr'><strong>aut</strong></span> <span class='ocrx_word' id='word_1_333' title='bbox 1379 2870 1839 2957; x_wconf 87' lang='lat' dir='ltr'><strong>indignatione,</strong></span> <span class='ocrx_word' id='word_1_334' title='bbox 1874 2875 1987 2936; x_wconf 90' lang='lat' dir='ltr'><strong>aut</strong></span> <span class='ocrx_word' id='word_1_335' title='bbox 2008 2871 2368 2956; x_wconf 88' lang='lat' dir='ltr'><strong>rejectione,</strong></span> <span class='ocrx_word' id='word_1_336' title='bbox 2395 2873 2508 2935; x_wconf 89' lang='lat' dir='ltr'><strong>aut</strong></span> <span class='ocrx_word' id='word_1_337' title='bbox 2543 2869 2913 2954; x_wconf 86' lang='lat' dir='ltr'><strong>quaestione</strong></span> <span class='ocrx_word' id='word_1_338' title='bbox 2945 2889 3139 2953; x_wconf 88' lang='lat' dir='ltr'><strong>quae-</strong></span> 
     </span>
     <span class='ocr_line' id='line_1_30' title="bbox 201 2957 3141 3044; baseline -0.001 -19"><span class='ocrx_word' id='word_1_339' title='bbox 201 2959 404 3026; x_wconf 88' lang='lat' dir='ltr'><strong>stioni</strong></span> <span class='ocrx_word' id='word_1_340' title='bbox 427 2958 740 3043; x_wconf 73' lang='lat' dir='ltr'><strong>opposita,</strong></span> <span class='ocrx_word' id='word_1_341' title='bbox 759 2959 870 3022; x_wconf 90' lang='lat' dir='ltr'><strong>sed</strong></span> <span class='ocrx_word' id='word_1_342' title='bbox 895 2958 1062 3023; x_wconf 75' lang='lat' dir='ltr'><strong>seria</strong></span> <span class='ocrx_word' id='word_1_343' title='bbox 1085 2959 1130 3024; x_wconf 83' lang='lat'><strong>&amp;</strong></span> <span class='ocrx_word' id='word_1_344' title='bbox 1149 2958 1386 3024; x_wconf 75' lang='lat' dir='ltr'><strong>directa</strong></span> <span class='ocrx_word' id='word_1_345' title='bbox 1401 2960 1808 3044; x_wconf 90' lang='lat' dir='ltr'><strong>responsione</strong></span> <span class='ocrx_word' id='word_1_346' title='bbox 1827 2959 2174 3044; x_wconf 87' lang='lat' dir='ltr'><strong>quaesitori</strong></span> <span class='ocrx_word' id='word_1_347' title='bbox 2190 2959 2640 3024; x_wconf 87' lang='lat' dir='ltr'><strong>occurrendum</strong></span> <span class='ocrx_word' id='word_1_348' title='bbox 2664 2958 2770 3038; x_wconf 90' lang='lat' dir='ltr'><strong>sit,</strong></span> <span class='ocrx_word' id='word_1_349' title='bbox 2788 2957 3141 3044; x_wconf 87' lang='lat' dir='ltr'><strong>distingues</strong></span> 
     </span>
     <span class='ocr_line' id='line_1_31' title="bbox 201 3046 3139 3133; baseline -0.001 -20"><span class='ocrx_word' id='word_1_350' title='bbox 201 3048 519 3114; x_wconf 81' lang='lat' dir='ltr'><strong>breviter:</strong></span> <span class='ocrx_word' id='word_1_351' title='bbox 547 3046 604 3111; x_wconf 92' lang='lat' dir='ltr'><strong>si</strong></span> <span class='ocrx_word' id='word_1_352' title='bbox 625 3046 804 3111; x_wconf 87' lang='lat' dir='ltr'><strong>nulla</strong></span> <span class='ocrx_word' id='word_1_353' title='bbox 829 3046 914 3110; x_wconf 88' lang='lat' dir='ltr'><strong>sit</strong></span> <span class='ocrx_word' id='word_1_354' title='bbox 934 3047 1278 3112; x_wconf 88' lang='lat' dir='ltr'><strong>necessitas</strong></span> <span class='ocrx_word' id='word_1_355' title='bbox 1305 3051 1500 3133; x_wconf 85' lang='lat' dir='ltr'><strong>(quae</strong></span> <span class='ocrx_word' id='word_1_356' title='bbox 1534 3049 1840 3133; x_wconf 88' lang='lat' dir='ltr'><strong>gradibus</strong></span> <span class='ocrx_word' id='word_1_357' title='bbox 1866 3048 2175 3132; x_wconf 85' lang='lat' dir='ltr'><strong>variatur)</strong></span> <span class='ocrx_word' id='word_1_358' title='bbox 2198 3070 2327 3113; x_wconf 91' lang='lat' dir='ltr'><strong>non</strong></span> <span class='ocrx_word' id='word_1_359' title='bbox 2352 3070 2487 3113; x_wconf 91' lang='lat' dir='ltr'><strong>esse</strong></span> <span class='ocrx_word' id='word_1_360' title='bbox 2511 3047 2593 3113; x_wconf 88' lang='lat' dir='ltr'><strong>ab</strong></span> <span class='ocrx_word' id='word_1_361' title='bbox 2617 3047 2913 3112; x_wconf 88' lang='lat' dir='ltr'><strong>omnibus</strong></span> <span class='ocrx_word' id='word_1_362' title='bbox 2938 3047 2984 3113; x_wconf 74' lang='grc' dir='ltr'><strong>δι</strong></span> <span class='ocrx_word' id='word_1_363' title='bbox 3006 3046 3139 3111; x_wconf 88' lang='lat' dir='ltr'><strong>sin·-</strong></span> 
     </span>
     <span class='ocr_line' id='line_1_32' title="bbox 201 3134 3141 3222; baseline -0.001 -21"><span class='ocrx_word' id='word_1_364' title='bbox 201 3137 378 3222; x_wconf 83' lang='lat' dir='ltr'><strong>gulis</strong></span> <span class='ocrx_word' id='word_1_365' title='bbox 423 3135 552 3200; x_wconf 88' lang='lat' dir='ltr'><strong>ista</strong></span> <span class='ocrx_word' id='word_1_366' title='bbox 596 3135 811 3200; x_wconf 89' lang='lat' dir='ltr'><strong>omnia</strong></span> <span class='ocrx_word' id='word_1_367' title='bbox 863 3157 1056 3219; x_wconf 88' lang='lat' dir='ltr'><strong>supra</strong></span> <span class='ocrx_word' id='word_1_368' title='bbox 1079 3140 1470 3214; x_wconf 85' lang='lat' dir='ltr'><strong>enumerata,</strong></span> <span class='ocrx_word' id='word_1_369' title='bbox 1504 3141 1618 3202; x_wconf 88' lang='lat' dir='ltr'><strong>aut</strong></span> <span class='ocrx_word' id='word_1_370' title='bbox 1639 3137 2044 3221; x_wconf 87' lang='lat' dir='ltr'><strong>conjunctim,</strong></span> <span class='ocrx_word' id='word_1_371' title='bbox 2070 3139 2183 3202; x_wconf 85' lang='lat' dir='ltr'><strong>aut</strong></span> <span class='ocrx_word' id='word_1_372' title='bbox 2214 3136 2467 3202; x_wconf 89' lang='lat' dir='ltr'><strong>divisim</strong></span> <span class='ocrx_word' id='word_1_373' title='bbox 2490 3137 2773 3222; x_wconf 78' lang='lat' dir='ltr'><strong>agenda.</strong></span> <span class='ocrx_word' id='word_1_374' title='bbox 2757 3158 2772 3173; x_wconf 94' lang='lat'><strong>·</strong></span> <span class='ocrx_word' id='word_1_375' title='bbox 2812 3134 3045 3200; x_wconf 88' lang='lat' dir='ltr'><strong>nedum</strong></span> <span class='ocrx_word' id='word_1_376' title='bbox 3068 3139 3141 3200; x_wconf 90' lang='lat' dir='ltr'><strong>ut</strong></span> 
     </span>
     <span class='ocr_line' id='line_1_33' title="bbox 201 3223 3140 3309; baseline -0 -19"><span class='ocrx_word' id='word_1_377' title='bbox 201 3225 270 3290; x_wconf 87' lang='lat' dir='ltr'><strong>in</strong></span> <span class='ocrx_word' id='word_1_378' title='bbox 296 3224 468 3290; x_wconf 79' lang='lat' dir='ltr'><strong>diem</strong></span> <span class='ocrx_word' id='word_1_379' title='bbox 507 3223 914 3289; x_wconf 88' lang='lat' dir='ltr'><strong>Dominicum</strong></span> <span class='ocrx_word' id='word_1_380' title='bbox 961 3229 1382 3303; x_wconf 88' lang='lat' dir='ltr'><strong>reserventur,</strong></span> <span class='ocrx_word' id='word_1_381' title='bbox 1415 3247 1560 3290; x_wconf 89' lang='lat' dir='ltr'><strong>cum</strong></span> <span class='ocrx_word' id='word_1_382' title='bbox 1583 3229 1732 3291; x_wconf 90' lang='lat' dir='ltr'><strong>ante</strong></span> <span class='ocrx_word' id='word_1_383' title='bbox 1763 3230 1877 3290; x_wconf 89' lang='lat' dir='ltr'><strong>aut</strong></span> <span class='ocrx_word' id='word_1_384' title='bbox 1908 3229 2052 3309; x_wconf 85' lang='lat' dir='ltr'><strong>post</strong></span> <span class='ocrx_word' id='word_1_385' title='bbox 2082 3247 2229 3291; x_wconf 90' lang='lat' dir='ltr'><strong>eum</strong></span> <span class='ocrx_word' id='word_1_386' title='bbox 2269 3227 2611 3303; x_wconf 75' lang='lat' dir='ltr'><strong>commode,</strong></span> <span class='ocrx_word' id='word_1_387' title='bbox 2642 3226 2839 3292; x_wconf 88' lang='lat' dir='ltr'><strong>immo</strong></span> <span class='ocrx_word' id='word_1_388' title='bbox 2863 3245 3140 3289; x_wconf 89' lang='lat' dir='ltr'><strong>commo·</strong></span> 
     </span>
     <span class='ocr_line' id='line_1_34' title="bbox 200 3311 3138 3399; baseline -0.001 -20"><span class='ocrx_word' id='word_1_389' title='bbox 200 3313 349 3379; x_wconf 78' lang='lat' dir='ltr'><strong>dius</strong></span> <span class='ocrx_word' id='word_1_390' title='bbox 397 3333 472 3378; x_wconf 89' lang='lat' dir='ltr'><strong>ea</strong></span> <span class='ocrx_word' id='word_1_391' title='bbox 498 3313 609 3398; x_wconf 90' lang='lat' dir='ltr'><strong>agi</strong></span> <span class='ocrx_word' id='word_1_392' title='bbox 638 3316 922 3396; x_wconf 88' lang='lat' dir='ltr'><strong>possunt.</strong></span> <span class='ocrx_word' id='word_1_393' title='bbox 971 3311 1084 3378; x_wconf 86' lang='lat' dir='ltr'><strong>Sin</strong></span> <span class='ocrx_word' id='word_1_394' title='bbox 1115 3313 1459 3378; x_wconf 85' lang='lat' dir='ltr'><strong>necessitas</strong></span> <span class='ocrx_word' id='word_1_395' title='bbox 1498 3313 1716 3397; x_wconf 89' lang='lat' dir='ltr'><strong>aliqua</strong></span> <span class='ocrx_word' id='word_1_396' title='bbox 1745 3315 1852 3394; x_wconf 90' lang='lat' dir='ltr'><strong>sit,</strong></span> <span class='ocrx_word' id='word_1_397' title='bbox 1878 3314 2067 3399; x_wconf 88' lang='lat' dir='ltr'><strong>idque</strong></span> <span class='ocrx_word' id='word_1_398' title='bbox 2092 3314 2228 3380; x_wconf 91' lang='lat' dir='ltr'><strong>sine</strong></span> <span class='ocrx_word' id='word_1_399' title='bbox 2254 3313 2515 3398; x_wconf 88' lang='lat' dir='ltr'><strong>praevia</strong></span> <span class='ocrx_word' id='word_1_400' title='bbox 2536 3313 2896 3379; x_wconf 87' lang='lat' dir='ltr'><strong>voluntaria</strong></span> <span class='ocrx_word' id='word_1_401' title='bbox 2930 3312 3138 3397; x_wconf 91' lang='lat' dir='ltr'><strong>negli-</strong></span> 
     </span>
     <span class='ocr_line' id='line_1_35' title="bbox 200 3398 3139 3488; baseline -0.001 -22"><span class='ocrx_word' id='word_1_402' title='bbox 200 3401 447 3488; x_wconf 86' lang='lat' dir='ltr'><strong>gentia,</strong></span> <span class='ocrx_word' id='word_1_403' title='bbox 480 3402 617 3486; x_wconf 87' lang='lat' dir='ltr'><strong>jam</strong></span> <span class='ocrx_word' id='word_1_404' title='bbox 655 3421 839 3466; x_wconf 87' lang='lat' dir='ltr'><strong>casus</strong></span> <span class='ocrx_word' id='word_1_405' title='bbox 890 3401 997 3466; x_wconf 88' lang='lat' dir='ltr'><strong>hic</strong></span> <span class='ocrx_word' id='word_1_406' title='bbox 1049 3402 1199 3466; x_wconf 87' lang='lat' dir='ltr'><strong>talis</strong></span> <span class='ocrx_word' id='word_1_407' title='bbox 1253 3407 1370 3480; x_wconf 90' lang='lat' dir='ltr'><strong>est,</strong></span> <span class='ocrx_word' id='word_1_408' title='bbox 1421 3406 1495 3467; x_wconf 90' lang='lat' dir='ltr'><strong>ut</strong></span> <span class='ocrx_word' id='word_1_409' title='bbox 1537 3402 1608 3466; x_wconf 86' lang='grc' dir='ltr'><strong>ιιι</strong></span> <span class='ocrx_word' id='word_1_410' title='bbox 1653 3425 1797 3468; x_wconf 89' lang='lat' dir='ltr'><strong>eum</strong></span> <span class='ocrx_word' id='word_1_411' title='bbox 1837 3425 1965 3468; x_wconf 92' lang='lat' dir='ltr'><strong>non</strong></span> <span class='ocrx_word' id='word_1_412' title='bbox 1988 3403 2175 3468; x_wconf 87' lang='lat' dir='ltr'><strong>cadat</strong></span> <span class='ocrx_word' id='word_1_413' title='bbox 2203 3402 2563 3488; x_wconf 90' lang='lat' dir='ltr'><strong>profanatio</strong></span> <span class='ocrx_word' id='word_1_414' title='bbox 2589 3400 2923 3468; x_wconf 87' lang='lat' dir='ltr'><strong>Sabbathi.</strong></span> <span class='ocrx_word' id='word_1_415' title='bbox 2971 3398 3139 3476; x_wconf 82' lang='lat' dir='ltr'><strong>Quin</strong></span> 
     </span>
     <span class='ocr_line' id='line_1_36' title="bbox 200 3487 3138 3578; baseline -0 -24"><span class='ocrx_word' id='word_1_416' title='bbox 200 3491 388 3577; x_wconf 86' lang='lat' dir='ltr'><strong>[pag.</strong></span> <span class='ocrx_word' id='word_1_417' title='bbox 427 3489 632 3575; x_wconf 82' lang='lat'>1270]</span> <span class='ocrx_word' id='word_1_418' title='bbox 681 3490 876 3554; x_wconf 90' lang='lat' dir='ltr'><strong>etiam</strong></span> <span class='ocrx_word' id='word_1_419' title='bbox 932 3490 1141 3575; x_wconf 73' lang='lat' dir='ltr'><strong>posita</strong></span> <span class='ocrx_word' id='word_1_420' title='bbox 1193 3490 1524 3556; x_wconf 88' lang='lat' dir='ltr'><strong>hominum</strong></span> <span class='ocrx_word' id='word_1_421' title='bbox 1551 3491 1865 3577; x_wconf 88' lang='lat' dir='ltr'><strong>culpanda</strong></span> <span class='ocrx_word' id='word_1_422' title='bbox 1887 3491 2288 3578; x_wconf 73' lang='lat' dir='ltr'><strong>negligentia</strong></span> <span class='ocrx_word' id='word_1_423' title='bbox 2314 3495 2427 3556; x_wconf 89' lang='lat' dir='ltr'><strong>aut</strong></span> <span class='ocrx_word' id='word_1_424' title='bbox 2449 3490 2787 3570; x_wconf 87' lang='lat' dir='ltr'><strong>oblivione,</strong></span> <span class='ocrx_word' id='word_1_425' title='bbox 2810 3487 3138 3553; x_wconf 88' lang='lat' dir='ltr'><strong>nihilomi-</strong></span> 
     </span>
     <span class='ocr_line' id='line_1_37' title="bbox 201 3576 3139 3679; baseline -0.001 -35"><span class='ocrx_word' id='word_1_426' title='bbox 201 3601 326 3644; x_wconf 87' lang='lat' dir='ltr'><strong>nus</strong></span> <span class='ocrx_word' id='word_1_427' title='bbox 351 3578 667 3679; x_wconf 88' lang='lat' dir='ltr'><strong>quaedam</strong></span> <span class='ocrx_word' id='word_1_428' title='bbox 689 3599 770 3643; x_wconf 85' lang='lat' dir='ltr'><strong>ex</strong></span> <span class='ocrx_word' id='word_1_429' title='bbox 789 3578 920 3644; x_wconf 90' lang='lat' dir='ltr'><strong>illis</strong></span> <span class='ocrx_word' id='word_1_430' title='bbox 945 3579 1192 3665; x_wconf 87' lang='lat' dir='ltr'><strong>agenda</strong></span> <span class='ocrx_word' id='word_1_431' title='bbox 1215 3583 1446 3657; x_wconf 85' lang='lat' dir='ltr'><strong>essent,</strong></span> <span class='ocrx_word' id='word_1_432' title='bbox 1479 3580 1794 3662; x_wconf 90' lang='lat' dir='ltr'><strong>siquidem</strong></span> <span class='ocrx_word' id='word_1_433' title='bbox 1817 3581 2061 3646; x_wconf 89' lang='lat' dir='ltr'><strong>occasio</strong></span> <span class='ocrx_word' id='word_1_434' title='bbox 2083 3581 2129 3644; x_wconf 75' lang='grc' dir='ltr'><strong>δι</strong></span> <span class='ocrx_word' id='word_1_435' title='bbox 2151 3579 2493 3644; x_wconf 88' lang='lat' dir='ltr'><strong>necessitas</strong></span> <span class='ocrx_word' id='word_1_436' title='bbox 2511 3579 2575 3643; x_wconf 87' lang='lat' dir='ltr'><strong>id</strong></span> <span class='ocrx_word' id='word_1_437' title='bbox 2599 3577 2902 3678; x_wconf 84' lang='lat' dir='ltr'><strong>exigeret.</strong></span> <span class='ocrx_word' id='word_1_438' title='bbox 2926 3576 3007 3642; x_wconf 89' lang='grc' dir='ltr'><strong>Ε.</strong></span> <span class='ocrx_word' id='word_1_439' title='bbox 3039 3597 3139 3678; x_wconf 83' lang='lat' dir='ltr'><strong>gr.</strong></span> 
     </span>
     <span class='ocr_line' id='line_1_38' title="bbox 201 3628 3136 3822; baseline -0 -90"><span class='ocrx_word' id='word_1_440' title='bbox 201 3689 435 3822; x_wconf 56' lang='lat' dir='ltr'><strong>{10qu</strong></span> <span class='ocrx_word' id='word_1_441' title='bbox 478 3666 717 3732; x_wconf 91' lang='lat' dir='ltr'><strong>oblitus</strong></span> <span class='ocrx_word' id='word_1_442' title='bbox 744 3670 1380 3821; x_wconf 50' lang='grc' dir='ltr'><strong>13ιιεειιὺᾱξιειιιειιι,ειιιίέ</strong></span> <span class='ocrx_word' id='word_1_443' title='bbox 1414 3628 1886 3822; x_wconf 55' lang='grc' dir='ltr'><strong>ιζιἸιςὲιΙιιιειιιιει(1</strong></span> <span class='ocrx_word' id='word_1_444' title='bbox 1896 3668 2161 3822; x_wconf 51' lang='grc' dir='ltr'>οέιειέηια</span> <span class='ocrx_word' id='word_1_445' title='bbox 2189 3668 2377 3747; x_wconf 88' lang='lat' dir='ltr'><strong>casei,</strong></span> <span class='ocrx_word' id='word_1_446' title='bbox 2361 3666 2667 3820; x_wconf 52' lang='lat' dir='ltr'><strong>,halecigsl</strong></span> <span class='ocrx_word' id='word_1_447' title='bbox 2693 3664 2885 3730; x_wconf 86' lang='lat' dir='ltr'><strong>frusti</strong></span> <span class='ocrx_word' id='word_1_448' title='bbox 2908 3665 3136 3820; x_wconf 52' lang='lat' dir='ltr'><strong>caffis,</strong></span> 
     </span>
     <span class='ocr_line' id='line_1_39' title="bbox 357 3755 3136 3840; baseline 0 -20"><span class='ocrx_word' id='word_1_449' title='bbox 357 3775 590 3836; x_wconf 89' lang='lat' dir='ltr'><strong>emere,</strong></span> <span class='ocrx_word' id='word_1_450' title='bbox 661 3775 744 3819; x_wconf 91' lang='lat' dir='ltr'><strong>au</strong></span> <span class='ocrx_word' id='word_1_451' title='bbox 825 3777 925 3840; x_wconf 77' lang='lat' dir='ltr'><strong>pri</strong></span> <span class='ocrx_word' id='word_1_452' title='bbox 967 3779 1027 3820; x_wconf 79' lang='lat' dir='ltr'><strong>ie</strong></span> <span class='ocrx_word' id='word_1_453' title='bbox 1088 3779 1214 3821; x_wconf 91' lang='lat' dir='ltr'><strong>non</strong></span> <span class='ocrx_word' id='word_1_454' title='bbox 1267 3779 1350 3840; x_wconf 91' lang='lat' dir='ltr'><strong>po</strong></span> <span class='ocrx_word' id='word_1_455' title='bbox 1384 3779 1550 3822; x_wconf 79' lang='lat' dir='ltr'><strong>uisse</strong></span> <span class='ocrx_word' id='word_1_456' title='bbox 1605 3779 1813 3822; x_wconf 89' lang='lat' dir='ltr'><strong>emere</strong></span> <span class='ocrx_word' id='word_1_457' title='bbox 1888 3779 1923 3822; x_wconf 92' lang='lat' dir='ltr'><strong>e</strong></span> <span class='ocrx_word' id='word_1_458' title='bbox 1954 3779 2023 3822; x_wconf 90' lang='lat' dir='ltr'><strong>ec</strong></span> <span class='ocrx_word' id='word_1_459' title='bbox 2054 3779 2097 3822; x_wconf 94' lang='lat' dir='ltr'><strong>u</strong></span> <span class='ocrx_word' id='word_1_460' title='bbox 2119 3777 2518 3822; x_wconf 89' lang='lat' dir='ltr'><strong>nummorum</strong></span> <span class='ocrx_word' id='word_1_461' title='bbox 2670 3755 2920 3838; x_wconf 89' lang='lat' dir='ltr'><strong>erisque</strong></span> <span class='ocrx_word' id='word_1_462' title='bbox 2950 3775 2989 3819; x_wconf 95' lang='lat' dir='ltr'><strong>o</strong></span> <span class='ocrx_word' id='word_1_463' title='bbox 3034 3776 3136 3820; x_wconf 87' lang='lat' dir='ltr'><strong>so-</strong></span> 
     </span>
     <span class='ocr_line' id='line_1_40' title="bbox 201 3842 3137 3928; baseline -0 -19"><span class='ocrx_word' id='word_1_464' title='bbox 201 3844 329 3910; x_wconf 90' lang='lat' dir='ltr'><strong>niis</strong></span> <span class='ocrx_word' id='word_1_465' title='bbox 376 3842 459 3908; x_wconf 89' lang='lat' dir='ltr'><strong>ad</strong></span> <span class='ocrx_word' id='word_1_466' title='bbox 509 3843 785 3928; x_wconf 89' lang='lat' dir='ltr'><strong>primam</strong></span> <span class='ocrx_word' id='word_1_467' title='bbox 830 3847 877 3910; x_wconf 65' lang='lat'><strong>8⁶</strong></span> <span class='ocrx_word' id='word_1_468' title='bbox 921 3844 1278 3924; x_wconf 87' lang='lat' dir='ltr'><strong>secundam,</strong></span> <span class='ocrx_word' id='word_1_469' title='bbox 1311 3850 1383 3910; x_wconf 89' lang='lat' dir='ltr'><strong>ut</strong></span> <span class='ocrx_word' id='word_1_470' title='bbox 1411 3847 1457 3910; x_wconf 81' lang='lat'>&amp;</span> <span class='ocrx_word' id='word_1_471' title='bbox 1479 3845 1766 3910; x_wconf 88' lang='lat' dir='ltr'><strong>bellariis</strong></span> <span class='ocrx_word' id='word_1_472' title='bbox 1796 3867 1871 3910; x_wconf 87' lang='lat' dir='ltr'><strong>ac</strong></span> <span class='ocrx_word' id='word_1_473' title='bbox 1894 3845 2217 3911; x_wconf 87' lang='lat' dir='ltr'><strong>dulciariis</strong></span> <span class='ocrx_word' id='word_1_474' title='bbox 2242 3845 2322 3910; x_wconf 90' lang='lat' dir='ltr'><strong>ad</strong></span> <span class='ocrx_word' id='word_1_475' title='bbox 2350 3844 2607 3909; x_wconf 90' lang='lat' dir='ltr'><strong>tertiam</strong></span> <span class='ocrx_word' id='word_1_476' title='bbox 2632 3865 2918 3908; x_wconf 88' lang='lat' dir='ltr'><strong>mensam</strong></span> <span class='ocrx_word' id='word_1_477' title='bbox 2940 3842 3137 3927; x_wconf 89' lang='lat' dir='ltr'><strong>perti·</strong></span> 
     </span>
     <span class='ocr_line' id='line_1_41' title="bbox 201 3931 3137 4020; baseline 0.001 -24"><span class='ocrx_word' id='word_1_478' title='bbox 201 3931 506 3998; x_wconf 81' lang='lat' dir='ltr'><strong>uentibus</strong></span> <span class='ocrx_word' id='word_1_479' title='bbox 523 3933 714 4016; x_wconf 88' lang='lat' dir='ltr'><strong>(quae</strong></span> <span class='ocrx_word' id='word_1_480' title='bbox 739 3931 1082 4017; x_wconf 53' lang='lat' dir='ltr'><strong>Scriptores</strong></span> <span class='ocrx_word' id='word_1_481' title='bbox 1113 3933 1190 3998; x_wconf 83' lang='lat' dir='ltr'><strong>de</strong></span> <span class='ocrx_word' id='word_1_482' title='bbox 1210 3952 1281 4000; x_wconf 83' lang='lat' dir='ltr'><strong>re</strong></span> <span class='ocrx_word' id='word_1_483' title='bbox 1309 3935 1698 4020; x_wconf 77' lang='lat' dir='ltr'><strong>coquinaria,</strong></span> <span class='ocrx_word' id='word_1_484' title='bbox 1726 3937 1772 4000; x_wconf 77' lang='grc' dir='ltr'><strong>δι</strong></span> <span class='ocrx_word' id='word_1_485' title='bbox 1809 3935 2065 4000; x_wconf 70' lang='lat' dir='ltr'><strong>Plotina</strong></span> <span class='ocrx_word' id='word_1_486' title='bbox 2088 3933 2261 3999; x_wconf 76' lang='lat' dir='ltr'><strong>libris</strong></span> <span class='ocrx_word' id='word_1_487' title='bbox 2285 3933 2487 3999; x_wconf 79' lang='lat' dir='ltr'><strong>decem</strong></span> <span class='ocrx_word' id='word_1_488' title='bbox 2518 3933 2595 3998; x_wconf 84' lang='lat' dir='ltr'><strong>de</strong></span> <span class='ocrx_word' id='word_1_489' title='bbox 2616 3933 2871 3998; x_wconf 65' lang='lat' dir='ltr'><strong>hones-td</strong></span> <span class='ocrx_word' id='word_1_490' title='bbox 2911 3933 3137 4018; x_wconf 78' lang='lat' dir='ltr'><strong>Volup-</strong></span> 
     </span>
     <span class='ocr_line' id='line_1_42' title="bbox 203 4019 3137 4107; baseline 0 -21"><span class='ocrx_word' id='word_1_491' title='bbox 203 4033 346 4099; x_wconf 76' lang='lat' dir='ltr'><strong>tate,</strong></span> <span class='ocrx_word' id='word_1_492' title='bbox 402 4019 704 4100; x_wconf 90' lang='lat' dir='ltr'><strong>obsoniis,</strong></span> <span class='ocrx_word' id='word_1_493' title='bbox 757 4021 1174 4086; x_wconf 88' lang='lat' dir='ltr'><strong>condimentis</strong></span> <span class='ocrx_word' id='word_1_494' title='bbox 1220 4023 1532 4105; x_wconf 82' lang='lat' dir='ltr'><strong>complexi</strong></span> <span class='ocrx_word' id='word_1_495' title='bbox 1557 4023 1730 4107; x_wconf 88' lang='lat' dir='ltr'><strong>sunt)</strong></span> <span class='ocrx_word' id='word_1_496' title='bbox 1755 4022 1948 4087; x_wconf 91' lang='lat' dir='ltr'><strong>homo</strong></span> <span class='ocrx_word' id='word_1_497' title='bbox 1972 4021 2160 4087; x_wconf 88' lang='lat' dir='ltr'><strong>facile</strong></span> <span class='ocrx_word' id='word_1_498' title='bbox 2184 4043 2291 4086; x_wconf 84' lang='lat' dir='ltr'><strong>car</strong></span> <span class='ocrx_word' id='word_1_499' title='bbox 2293 4043 2396 4087; x_wconf 90' lang='lat' dir='ltr'><strong>ere</strong></span> <span class='ocrx_word' id='word_1_500' title='bbox 2428 4026 2640 4105; x_wconf 89' lang='lat' dir='ltr'><strong>posset</strong></span> <span class='ocrx_word' id='word_1_501' title='bbox 2662 4020 2847 4086; x_wconf 89' lang='lat' dir='ltr'><strong>unico</strong></span> <span class='ocrx_word' id='word_1_502' title='bbox 2870 4020 2985 4086; x_wconf 93' lang='lat' dir='ltr'><strong>illo</strong></span> <span class='ocrx_word' id='word_1_503' title='bbox 3016 4021 3137 4096; x_wconf 87' lang='lat' dir='ltr'><strong>die,</strong></span> 
     </span>
     <span class='ocr_line' id='line_1_43' title="bbox 203 4107 3141 4196; baseline 0 -22"><span class='ocrx_word' id='word_1_504' title='bbox 203 4129 486 4192; x_wconf 87' lang='lat' dir='ltr'><strong>suaeque</strong></span> <span class='ocrx_word' id='word_1_505' title='bbox 531 4107 652 4172; x_wconf 92' lang='lat' dir='ltr'><strong>hoc</strong></span> <span class='ocrx_word' id='word_1_506' title='bbox 701 4108 1136 4194; x_wconf 74' lang='lat' dir='ltr'><strong>negligentiae</strong></span> <span class='ocrx_word' id='word_1_507' title='bbox 1181 4110 1524 4194; x_wconf 88' lang='lat' dir='ltr'><strong>imputare:</strong></span> <span class='ocrx_word' id='word_1_508' title='bbox 1591 4133 1716 4176; x_wconf 92' lang='lat' dir='ltr'><strong>non</strong></span> <span class='ocrx_word' id='word_1_509' title='bbox 1772 4133 1910 4176; x_wconf 88' lang='lat' dir='ltr'><strong>esse</strong></span> <span class='ocrx_word' id='word_1_510' title='bbox 1935 4131 2109 4196; x_wconf 80' lang='lat' dir='ltr'><strong>ergO,</strong></span> <span class='ocrx_word' id='word_1_511' title='bbox 2134 4110 2299 4194; x_wconf 91' lang='lat' dir='ltr'><strong>quod</strong></span> <span class='ocrx_word' id='word_1_512' title='bbox 2324 4109 2484 4174; x_wconf 85' lang='lat' dir='ltr'><strong>tali&#39;</strong></span> <span class='ocrx_word' id='word_1_513' title='bbox 2466 4132 2534 4174; x_wconf 90' lang='grc' dir='ltr'><strong>ιιι</strong></span> <span class='ocrx_word' id='word_1_514' title='bbox 2558 4130 2707 4174; x_wconf 88' lang='lat' dir='ltr'><strong>casu</strong></span> <span class='ocrx_word' id='word_1_515' title='bbox 2728 4108 2809 4174; x_wconf 88' lang='lat' dir='ltr'><strong>iis</strong></span> <span class='ocrx_word' id='word_1_516' title='bbox 2840 4109 3141 4193; x_wconf 86' lang='lat' dir='ltr'><strong>parandis</strong></span> 
     </span>
     <span class='ocr_line' id='line_1_44' title="bbox 205 4196 3140 4282; baseline -0 -20"><span class='ocrx_word' id='word_1_517' title='bbox 205 4201 400 4281; x_wconf 87' lang='lat' dir='ltr'><strong>atque</strong></span> <span class='ocrx_word' id='word_1_518' title='bbox 447 4196 728 4260; x_wconf 88' lang='lat' dir='ltr'><strong>emendis</strong></span> <span class='ocrx_word' id='word_1_519' title='bbox 775 4197 1172 4263; x_wconf 86' lang='lat' dir='ltr'><strong>venditorum</strong></span> <span class='ocrx_word' id='word_1_520' title='bbox 1217 4202 1410 4282; x_wconf 89' lang='lat' dir='ltr'><strong>atque</strong></span> <span class='ocrx_word' id='word_1_521' title='bbox 1455 4199 1772 4264; x_wconf 84' lang='lat' dir='ltr'><strong>artificum</strong></span> <span class='ocrx_word' id='word_1_522' title='bbox 1819 4197 2217 4264; x_wconf 85' lang='lat' dir='ltr'><strong>Sabbathum</strong></span> <span class='ocrx_word' id='word_1_523' title='bbox 2250 4197 2655 4263; x_wconf 90' lang='lat' dir='ltr'><strong>interturbet.</strong></span> <span class='ocrx_word' id='word_1_524' title='bbox 2702 4197 2884 4274; x_wconf 85' lang='lat' dir='ltr'><strong>Quod</strong></span> <span class='ocrx_word' id='word_1_525' title='bbox 2914 4197 2971 4262; x_wconf 90' lang='lat' dir='ltr'><strong>si</strong></span> <span class='ocrx_word' id='word_1_526' title='bbox 3010 4197 3140 4263; x_wconf 90' lang='lat' dir='ltr'><strong>sint</strong></span> 
     </span>
     <span class='ocr_line' id='line_1_45' title="bbox 204 4284 3138 4386; baseline 0.001 -36"><span class='ocrx_word' id='word_1_527' title='bbox 204 4284 476 4386; x_wconf 86' lang='lat' dir='ltr'><strong>aegroti,</strong></span> <span class='ocrx_word' id='word_1_528' title='bbox 523 4306 892 4369; x_wconf 83' lang='lat' dir='ltr'><strong>puerperae,</strong></span> <span class='ocrx_word' id='word_1_529' title='bbox 939 4286 1260 4372; x_wconf 88' lang='lat' dir='ltr'><strong>gravidae,</strong></span> <span class='ocrx_word' id='word_1_530' title='bbox 1315 4285 1417 4353; x_wconf 71' lang='grc' dir='ltr'>διο.</span> <span class='ocrx_word' id='word_1_531' title='bbox 1458 4288 1688 4371; x_wconf 89' lang='lat' dir='ltr'><strong>quibus</strong></span> <span class='ocrx_word' id='word_1_532' title='bbox 1741 4288 1869 4352; x_wconf 90' lang='lat' dir='ltr'><strong>ista</strong></span> <span class='ocrx_word' id='word_1_533' title='bbox 1900 4290 2232 4352; x_wconf 89' lang='lat' dir='ltr'><strong>emuntur.</strong></span> <span class='ocrx_word' id='word_1_534' title='bbox 2275 4287 2411 4372; x_wconf 87' lang='lat' dir='ltr'><strong>jam</strong></span> <span class='ocrx_word' id='word_1_535' title='bbox 2442 4286 2763 4352; x_wconf 90' lang='lat' dir='ltr'><strong>reducitur</strong></span> <span class='ocrx_word' id='word_1_536' title='bbox 2791 4285 2951 4352; x_wconf 87' lang='lat' dir='ltr'><strong>haec</strong></span> <span class='ocrx_word' id='word_1_537' title='bbox 2980 4307 3138 4370; x_wconf 89' lang='lat' dir='ltr'><strong>pra-</strong></span> 
     </span>
     <span class='ocr_line' id='line_1_46' title="bbox 205 4372 3141 4460; baseline 0 -20"><span class='ocrx_word' id='word_1_538' title='bbox 205 4372 452 4460; x_wconf 83' lang='lat' dir='ltr'><strong>gmatia</strong></span> <span class='ocrx_word' id='word_1_539' title='bbox 497 4373 578 4438; x_wconf 89' lang='lat' dir='ltr'><strong>ad</strong></span> <span class='ocrx_word' id='word_1_540' title='bbox 605 4395 798 4460; x_wconf 89' lang='lat' dir='ltr'><strong>opera</strong></span> <span class='ocrx_word' id='word_1_541' title='bbox 820 4375 1286 4440; x_wconf 88' lang='lat' dir='ltr'><strong>misericordiae</strong></span> <span class='ocrx_word' id='word_1_542' title='bbox 1319 4375 1366 4442; x_wconf 67' lang='lat' dir='ltr'><strong>a</strong></span> <span class='ocrx_word' id='word_1_543' title='bbox 1388 4374 1805 4444; x_wconf 89' lang='lat' dir='ltr'><strong>necessitatis.</strong></span> <span class='ocrx_word' id='word_1_544' title='bbox 1854 4373 2049 4442; x_wconf 85' lang='lat' dir='ltr'><strong>Secus</strong></span> <span class='ocrx_word' id='word_1_545' title='bbox 2072 4397 2140 4441; x_wconf 90' lang='lat' dir='ltr'><strong>se</strong></span> <span class='ocrx_word' id='word_1_546' title='bbox 2162 4397 2265 4442; x_wconf 87' lang='lat' dir='ltr'><strong>res</strong></span> <span class='ocrx_word' id='word_1_547' title='bbox 2296 4375 2493 4442; x_wconf 90' lang='lat' dir='ltr'><strong>habet</strong></span> <span class='ocrx_word' id='word_1_548' title='bbox 2522 4375 2578 4440; x_wconf 88' lang='lat' dir='ltr'><strong>si</strong></span> <span class='ocrx_word' id='word_1_549' title='bbox 2601 4375 2761 4442; x_wconf 88' lang='lat' dir='ltr'><strong>fiant</strong></span> <span class='ocrx_word' id='word_1_550' title='bbox 2782 4373 3141 4442; x_wconf 88' lang='lat' dir='ltr'><strong>deliciantis</strong></span> 
     </span>
     <span class='ocr_line' id='line_1_47' title="bbox 2939 4463 3137 4532; baseline 0.01 -2"><span class='ocrx_word' id='word_1_551' title='bbox 2939 4463 3137 4532; x_wconf 79' lang='lat' dir='ltr'><strong>animi</strong></span> 
     </span>
    </p>
   </div>
  </div>
 </body>
</html>
