<?xml version="1.0" encoding="UTF-8"?>
<!DOCTYPE html PUBLIC "-//W3C//DTD XHTML 1.0 Transitional//EN"
    "http://www.w3.org/TR/xhtml1/DTD/xhtml1-transitional.dtd">
<html xmlns="http://www.w3.org/1999/xhtml" xml:lang="en" lang="en">
 <head>
  <title>
</title>
<meta http-equiv="Content-Type" content="text/html;charset=utf-8" />
  <meta name='ocr-system' content='tesseract 3.04.00' />
  <meta name='ocr-capabilities' content='ocr_page ocr_carea ocr_par ocr_line ocrx_word'/>
</head>
<body>
  <div class='ocr_page' id='page_1' title='image "./selectarumdispu00kuypgoog_0143.png"; bbox 0 0 3694 4871; ppageno 0'>
   <div class='ocr_carea' id='block_1_1' title="bbox 644 308 3105 385">
    <p class='ocr_par' dir='ltr' id='par_1_1' title="bbox 644 308 3105 385">
     <span class='ocr_line' id='line_1_1' title="bbox 644 308 3105 385; baseline -0.007 -1"><span class='ocrx_word' id='word_1_1' title='bbox 644 317 770 385; x_wconf 84' lang='lat'><strong>112</strong></span> <span class='ocrx_word' id='word_1_2' title='bbox 1103 309 1528 381; x_wconf 84' lang='lat' dir='ltr'><strong>D1s1›.1V.</strong></span> <span class='ocrx_word' id='word_1_3' title='bbox 1591 312 2544 381; x_wconf 61' lang='lat' dir='ltr'><strong>Dancnssmmzm</strong></span> <span class='ocrx_word' id='word_1_4' title='bbox 2596 308 3105 378; x_wconf 67' lang='lat' dir='ltr'><strong>U‘r11.1·rA‘r1-:</strong></span> 
     </span>
    </p>
   </div>
   <div class='ocr_carea' id='block_1_2' title="bbox 579 489 3572 4488">
    <p class='ocr_par' dir='ltr' id='par_1_2' title="bbox 641 489 3567 2450">
     <span class='ocr_line' id='line_1_2' title="bbox 641 489 3555 577; baseline -0.003 -6"><span class='ocrx_word' id='word_1_5' title='bbox 641 527 748 571; x_wconf 84' lang='lat' dir='ltr'><strong>eos</strong></span> <span class='ocrx_word' id='word_1_6' title='bbox 771 503 1136 570; x_wconf 87' lang='lat' dir='ltr'><strong>constituat.</strong></span> <span class='ocrx_word' id='word_1_7' title='bbox 1171 501 1233 566; x_wconf 89' lang='lat'><strong>8.</strong></span> <span class='ocrx_word' id='word_1_8' title='bbox 1267 501 1595 567; x_wconf 72' lang='lat' dir='ltr'>Christum</span> <span class='ocrx_word' id='word_1_9' title='bbox 1625 526 1750 568; x_wconf 91' lang='lat' dir='ltr'><strong>non</strong></span> <span class='ocrx_word' id='word_1_10' title='bbox 1777 489 2018 565; x_wconf 79' lang='lat' dir='ltr'><strong>habere</strong></span> <span class='ocrx_word' id='word_1_11' title='bbox 2044 498 2200 562; x_wconf 89' lang='lat' dir='ltr'><strong>duas</strong></span> <span class='ocrx_word' id='word_1_12' title='bbox 2226 501 2509 577; x_wconf 88' lang='lat' dir='ltr'><strong>naturas,</strong></span> <span class='ocrx_word' id='word_1_13' title='bbox 2536 520 2653 563; x_wconf 89' lang='lat' dir='ltr'><strong>nec</strong></span> <span class='ocrx_word' id='word_1_14' title='bbox 2684 520 2822 563; x_wconf 89' lang='lat' dir='ltr'><strong>esse</strong></span> <span class='ocrx_word' id='word_1_15' title='bbox 2847 497 3055 562; x_wconf 90' lang='lat' dir='ltr'><strong>Deum</strong></span> <span class='ocrx_word' id='word_1_16' title='bbox 3090 500 3137 563; x_wconf 82' lang='lat'>&amp;</span> <span class='ocrx_word' id='word_1_17' title='bbox 3159 498 3479 563; x_wconf 89' lang='lat' dir='ltr'><strong>hominem</strong></span> <span class='ocrx_word' id='word_1_18' title='bbox 3498 500 3555 563; x_wconf 89' lang='lat' dir='ltr'><strong>in</strong></span> 
     </span>
     <span class='ocr_line' id='line_1_3' title="bbox 644 586 3555 675; baseline -0.002 -15"><span class='ocrx_word' id='word_1_19' title='bbox 644 596 890 660; x_wconf 88' lang='lat' dir='ltr'><strong>unitate</strong></span> <span class='ocrx_word' id='word_1_20' title='bbox 945 612 1285 675; x_wconf 86' lang='lat' dir='ltr'><strong>personae;</strong></span> <span class='ocrx_word' id='word_1_21' title='bbox 1338 596 1700 657; x_wconf 91' lang='lat' dir='ltr'><strong>manentem</strong></span> <span class='ocrx_word' id='word_1_22' title='bbox 1749 590 1907 667; x_wconf 90' lang='lat' dir='ltr'><strong>scil.,</strong></span> <span class='ocrx_word' id='word_1_23' title='bbox 1957 587 2065 671; x_wconf 89' lang='lat' dir='ltr'><strong>qui</strong></span> <span class='ocrx_word' id='word_1_24' title='bbox 2114 587 2158 651; x_wconf 67' lang='grc' dir='ltr'><strong>δι</strong></span> <span class='ocrx_word' id='word_1_25' title='bbox 2208 586 2417 669; x_wconf 89' lang='lat' dir='ltr'><strong>qualis</strong></span> <span class='ocrx_word' id='word_1_26' title='bbox 2444 590 2583 651; x_wconf 88' lang='lat' dir='ltr'><strong>erat</strong></span> <span class='ocrx_word' id='word_1_27' title='bbox 2614 588 2695 651; x_wconf 86' lang='lat' dir='ltr'><strong>ab</strong></span> <span class='ocrx_word' id='word_1_28' title='bbox 2722 591 3004 665; x_wconf 87' lang='lat' dir='ltr'><strong>aeterno,</strong></span> <span class='ocrx_word' id='word_1_29' title='bbox 3031 586 3493 653; x_wconf 75' lang='lat' dir='ltr'><strong>immutabilem</strong></span> <span class='ocrx_word' id='word_1_30' title='bbox 3516 589 3555 654; x_wconf 70' lang='grc' dir='ltr'>ἃ</span> 
     </span>
     <span class='ocr_line' id='line_1_4' title="bbox 644 675 3555 762; baseline -0.001 -19"><span class='ocrx_word' id='word_1_31' title='bbox 644 682 941 759; x_wconf 51' lang='lat' dir='ltr'><strong>&amp;novio-12⁹</strong></span> <span class='ocrx_word' id='word_1_32' title='bbox 966 702 1106 743; x_wconf 89' lang='lat' dir='ltr'><strong>cum</strong></span> <span class='ocrx_word' id='word_1_33' title='bbox 1135 683 1318 762; x_wconf 91' lang='lat' dir='ltr'><strong>patre</strong></span> <span class='ocrx_word' id='word_1_34' title='bbox 1341 678 1551 744; x_wconf 90' lang='lat' dir='ltr'><strong>Deum</strong></span> <span class='ocrx_word' id='word_1_35' title='bbox 1572 704 1586 756; x_wconf 76' lang='lat'>3</span> <span class='ocrx_word' id='word_1_36' title='bbox 1624 683 1668 747; x_wconf 72' lang='grc' dir='ltr'><strong>ἃ</strong></span> <span class='ocrx_word' id='word_1_37' title='bbox 1692 681 1759 743; x_wconf 92' lang='lat' dir='ltr'><strong>in</strong></span> <span class='ocrx_word' id='word_1_38' title='bbox 1783 684 2072 760; x_wconf 89' lang='lat' dir='ltr'><strong>tempore</strong></span> <span class='ocrx_word' id='word_1_39' title='bbox 2104 676 2368 752; x_wconf 85' lang='lat' dir='ltr'><strong>factum,</strong></span> <span class='ocrx_word' id='word_1_40' title='bbox 2394 676 2563 758; x_wconf 90' lang='lat' dir='ltr'><strong>quod</strong></span> <span class='ocrx_word' id='word_1_41' title='bbox 2580 676 2625 739; x_wconf 69' lang='grc' dir='ltr'><strong>δι</strong></span> <span class='ocrx_word' id='word_1_42' title='bbox 2642 675 2851 759; x_wconf 89' lang='lat' dir='ltr'><strong>qualis</strong></span> <span class='ocrx_word' id='word_1_43' title='bbox 2870 679 3017 739; x_wconf 89' lang='lat' dir='ltr'><strong>ante</strong></span> <span class='ocrx_word' id='word_1_44' title='bbox 3035 698 3163 739; x_wconf 86' lang='lat' dir='ltr'><strong>non</strong></span> <span class='ocrx_word' id='word_1_45' title='bbox 3180 682 3339 755; x_wconf 86' lang='lat' dir='ltr'><strong>erat,</strong></span> <span class='ocrx_word' id='word_1_46' title='bbox 3356 700 3555 742; x_wconf 85' lang='lat' dir='ltr'><strong>verum</strong></span> 
     </span>
     <span class='ocr_line' id='line_1_5' title="bbox 647 763 3555 852; baseline -0.002 -17"><span class='ocrx_word' id='word_1_47' title='bbox 647 770 994 845; x_wconf 87' lang='lat' dir='ltr'><strong>hominem,</strong></span> <span class='ocrx_word' id='word_1_48' title='bbox 1043 773 1327 831; x_wconf 87' lang='lat' dir='ltr'><strong>assumta</strong></span> <span class='ocrx_word' id='word_1_49' title='bbox 1373 769 1609 852; x_wconf 83' lang='lat' dir='ltr'><strong>quippe</strong></span> <span class='ocrx_word' id='word_1_50' title='bbox 1660 769 1706 833; x_wconf 83' lang='lat'>&amp;</span> <span class='ocrx_word' id='word_1_51' title='bbox 1741 764 2163 851; x_wconf 79' lang='lat' dir='ltr'><strong>personaliter</strong></span> <span class='ocrx_word' id='word_1_52' title='bbox 2195 764 2317 827; x_wconf 93' lang='lat' dir='ltr'><strong>sibi</strong></span> <span class='ocrx_word' id='word_1_53' title='bbox 2348 765 2528 829; x_wconf 90' lang='lat' dir='ltr'><strong>unita</strong></span> <span class='ocrx_word' id='word_1_54' title='bbox 2558 788 2704 829; x_wconf 87' lang='lat' dir='ltr'><strong>vera</strong></span> <span class='ocrx_word' id='word_1_55' title='bbox 2727 768 2955 827; x_wconf 87' lang='lat' dir='ltr'><strong>natura</strong></span> <span class='ocrx_word' id='word_1_56' title='bbox 2980 763 3265 829; x_wconf 89' lang='lat' dir='ltr'><strong>humana</strong></span> <span class='ocrx_word' id='word_1_57' title='bbox 3288 788 3367 830; x_wconf 84' lang='lat' dir='ltr'><strong>ex</strong></span> <span class='ocrx_word' id='word_1_58' title='bbox 3390 788 3555 831; x_wconf 86' lang='lat' dir='ltr'><strong>carne</strong></span> 
     </span>
     <span class='ocr_line' id='line_1_6' title="bbox 643 852 3560 943; baseline -0.002 -18"><span class='ocrx_word' id='word_1_59' title='bbox 643 860 691 925; x_wconf 69' lang='lat'><strong>8⁶</strong></span> <span class='ocrx_word' id='word_1_60' title='bbox 737 856 1047 943; x_wconf 84' lang='lat' dir='ltr'><strong>sanguine</strong></span> <span class='ocrx_word' id='word_1_61' title='bbox 1097 856 1364 940; x_wconf 87' lang='lat' dir='ltr'><strong>virginis</strong></span> <span class='ocrx_word' id='word_1_62' title='bbox 1411 856 1677 921; x_wconf 85' lang='lat' dir='ltr'><strong>Mariae.</strong></span> <span class='ocrx_word' id='word_1_63' title='bbox 1732 858 1794 920; x_wconf 88' lang='lat'><strong>9.</strong></span> <span class='ocrx_word' id='word_1_64' title='bbox 1820 854 2147 919; x_wconf 75' lang='lat' dir='ltr'><strong>Christum</strong></span> <span class='ocrx_word' id='word_1_65' title='bbox 2172 852 2486 935; x_wconf 80' lang='lat' dir='ltr'><strong>passione,</strong></span> <span class='ocrx_word' id='word_1_66' title='bbox 2513 856 2557 919; x_wconf 79' lang='lat'><strong>81</strong></span> <span class='ocrx_word' id='word_1_67' title='bbox 2584 853 2869 937; x_wconf 83' lang='lat' dir='ltr'><strong>perfecta</strong></span> <span class='ocrx_word' id='word_1_68' title='bbox 2900 852 3264 918; x_wconf 87' lang='lat' dir='ltr'><strong>obedientia</strong></span> <span class='ocrx_word' id='word_1_69' title='bbox 3288 878 3362 918; x_wconf 88' lang='lat' dir='ltr'><strong>ac</strong></span> <span class='ocrx_word' id='word_1_70' title='bbox 3386 854 3560 919; x_wconf 85' lang='lat' dir='ltr'><strong>satis·</strong></span> 
     </span>
     <span class='ocr_line' id='line_1_7' title="bbox 646 941 3556 1029; baseline -0.002 -18"><span class='ocrx_word' id='word_1_71' title='bbox 646 946 922 1011; x_wconf 84' lang='lat' dir='ltr'><strong>factione</strong></span> <span class='ocrx_word' id='word_1_72' title='bbox 947 949 1250 1029; x_wconf 84' lang='lat' dir='ltr'><strong>tanquam</strong></span> <span class='ocrx_word' id='word_1_73' title='bbox 1285 968 1652 1029; x_wconf 82' lang='lat' dir='ltr'><strong>sponsorem</strong></span> <span class='ocrx_word' id='word_1_74' title='bbox 1679 946 1725 1009; x_wconf 72' lang='lat' dir='ltr'><strong>St</strong></span> <span class='ocrx_word' id='word_1_75' title='bbox 1751 943 2167 1007; x_wconf 73' lang='lat' dir='ltr'><strong>mediatorem</strong></span> <span class='ocrx_word' id='word_1_76' title='bbox 2190 945 2479 1005; x_wconf 83' lang='lat' dir='ltr'><strong>nostrum</strong></span> <span class='ocrx_word' id='word_1_77' title='bbox 2506 941 2641 1005; x_wconf 89' lang='lat' dir='ltr'><strong>vice</strong></span> <span class='ocrx_word' id='word_1_78' title='bbox 2664 964 2775 1005; x_wconf 91' lang='lat' dir='ltr'><strong>seu</strong></span> <span class='ocrx_word' id='word_1_79' title='bbox 2800 942 2938 1005; x_wconf 89' lang='lat' dir='ltr'><strong>loco</strong></span> <span class='ocrx_word' id='word_1_80' title='bbox 2962 947 3181 1005; x_wconf 90' lang='lat' dir='ltr'><strong>nostro</strong></span> <span class='ocrx_word' id='word_1_81' title='bbox 3204 965 3318 1027; x_wconf 89' lang='lat' dir='ltr'><strong>pro</strong></span> <span class='ocrx_word' id='word_1_82' title='bbox 3344 942 3556 1007; x_wconf 82' lang='lat' dir='ltr'><strong>nostris</strong></span> 
     </span>
     <span class='ocr_line' id='line_1_8' title="bbox 646 1028 3557 1120; baseline -0.002 -20"><span class='ocrx_word' id='word_1_83' title='bbox 646 1034 943 1120; x_wconf 88' lang='lat' dir='ltr'><strong>peccatis,</strong></span> <span class='ocrx_word' id='word_1_84' title='bbox 989 1056 1152 1117; x_wconf 88' lang='lat' dir='ltr'><strong>quae</strong></span> <span class='ocrx_word' id='word_1_85' title='bbox 1206 1034 1272 1097; x_wconf 91' lang='lat' dir='ltr'><strong>in</strong></span> <span class='ocrx_word' id='word_1_86' title='bbox 1321 1057 1388 1098; x_wconf 91' lang='lat' dir='ltr'><strong>se</strong></span> <span class='ocrx_word' id='word_1_87' title='bbox 1438 1038 1822 1117; x_wconf 89' lang='lat' dir='ltr'><strong>susceperat,</strong></span> <span class='ocrx_word' id='word_1_88' title='bbox 1872 1054 1996 1095; x_wconf 87' lang='lat' dir='ltr'><strong>non</strong></span> <span class='ocrx_word' id='word_1_89' title='bbox 2048 1028 2453 1108; x_wconf 75' lang='lat' dir='ltr'><strong>satisfecisse,</strong></span> <span class='ocrx_word' id='word_1_90' title='bbox 2508 1052 2622 1095; x_wconf 91' lang='lat' dir='ltr'><strong>nec</strong></span> <span class='ocrx_word' id='word_1_91' title='bbox 2670 1052 2905 1113; x_wconf 89' lang='lat' dir='ltr'><strong>poenas</strong></span> <span class='ocrx_word' id='word_1_92' title='bbox 2932 1030 3117 1095; x_wconf 89' lang='lat' dir='ltr'><strong>nobis</strong></span> <span class='ocrx_word' id='word_1_93' title='bbox 3136 1030 3311 1114; x_wconf 88' lang='lat' dir='ltr'><strong>juste</strong></span> <span class='ocrx_word' id='word_1_94' title='bbox 3334 1032 3557 1097; x_wconf 81' lang='lat' dir='ltr'><strong>debitas</strong></span> 
     </span>
     <span class='ocr_line' id='line_1_9' title="bbox 647 1118 3557 1203; baseline -0.001 -16"><span class='ocrx_word' id='word_1_95' title='bbox 647 1123 874 1188; x_wconf 89' lang='lat' dir='ltr'><strong>tulisse</strong></span> <span class='ocrx_word' id='word_1_96' title='bbox 921 1145 993 1186; x_wconf 90' lang='lat' dir='ltr'><strong>ac</strong></span> <span class='ocrx_word' id='word_1_97' title='bbox 1038 1122 1258 1200; x_wconf 85' lang='lat' dir='ltr'><strong>luisse,</strong></span> <span class='ocrx_word' id='word_1_98' title='bbox 1307 1124 1353 1188; x_wconf 62' lang='lat'><strong>8⁶</strong></span> <span class='ocrx_word' id='word_1_99' title='bbox 1387 1123 1477 1187; x_wconf 90' lang='lat' dir='ltr'><strong>sic</strong></span> <span class='ocrx_word' id='word_1_100' title='bbox 1503 1126 1540 1187; x_wconf 78' lang='lat' dir='ltr'><strong>a</strong></span> <span class='ocrx_word' id='word_1_101' title='bbox 1572 1123 1755 1187; x_wconf 88' lang='lat' dir='ltr'><strong>nobis</strong></span> <span class='ocrx_word' id='word_1_102' title='bbox 1789 1119 2154 1198; x_wconf 78' lang='lat' dir='ltr'><strong>abstulisse,</strong></span> <span class='ocrx_word' id='word_1_103' title='bbox 2189 1141 2262 1182; x_wconf 89' lang='lat' dir='ltr'><strong>ac</strong></span> <span class='ocrx_word' id='word_1_104' title='bbox 2286 1141 2401 1181; x_wconf 87' lang='lat' dir='ltr'><strong>nos</strong></span> <span class='ocrx_word' id='word_1_105' title='bbox 2424 1118 2787 1197; x_wconf 84' lang='lat' dir='ltr'><strong>redemisse,</strong></span> <span class='ocrx_word' id='word_1_106' title='bbox 2820 1119 3047 1183; x_wconf 88' lang='lat' dir='ltr'><strong>saltem</strong></span> <span class='ocrx_word' id='word_1_107' title='bbox 3075 1142 3155 1183; x_wconf 78' lang='lat' dir='ltr'><strong>ex</strong></span> <span class='ocrx_word' id='word_1_108' title='bbox 3186 1122 3500 1203; x_wconf 87' lang='lat' dir='ltr'><strong>postulato</strong></span> <span class='ocrx_word' id='word_1_109' title='bbox 3519 1121 3557 1185; x_wconf 68' lang='grc' dir='ltr'>ἃ</span> 
     </span>
     <span class='ocr_line' id='line_1_10' title="bbox 641 1206 3557 1296; baseline -0.002 -19"><span class='ocrx_word' id='word_1_110' title='bbox 641 1213 786 1296; x_wconf 89' lang='lat' dir='ltr'><strong>jure</strong></span> <span class='ocrx_word' id='word_1_111' title='bbox 810 1210 932 1275; x_wconf 90' lang='lat' dir='ltr'><strong>Dei</strong></span> <span class='ocrx_word' id='word_1_112' title='bbox 949 1210 1110 1296; x_wconf 89' lang='lat' dir='ltr'><strong>justi</strong></span> <span class='ocrx_word' id='word_1_113' title='bbox 1126 1210 1358 1294; x_wconf 91' lang='lat' dir='ltr'><strong>judicis</strong></span> <span class='ocrx_word' id='word_1_114' title='bbox 1384 1234 1458 1275; x_wconf 92' lang='lat' dir='ltr'><strong>ac</strong></span> <span class='ocrx_word' id='word_1_115' title='bbox 1480 1211 1645 1295; x_wconf 86' lang='lat' dir='ltr'><strong>legis</strong></span> <span class='ocrx_word' id='word_1_116' title='bbox 1671 1210 1920 1274; x_wconf 88' lang='lat' dir='ltr'><strong>divinae</strong></span> <span class='ocrx_word' id='word_1_117' title='bbox 1946 1207 2133 1291; x_wconf 90' lang='lat' dir='ltr'><strong>plene</strong></span> <span class='ocrx_word' id='word_1_118' title='bbox 2159 1229 2285 1270; x_wconf 90' lang='lat' dir='ltr'><strong>non</strong></span> <span class='ocrx_word' id='word_1_119' title='bbox 2310 1207 2690 1290; x_wconf 83' lang='lat' dir='ltr'><strong>persolvisse</strong></span> <span class='ocrx_word' id='word_1_120' title='bbox 2714 1228 2827 1291; x_wconf 90' lang='lat' dir='ltr'><strong>pro</strong></span> <span class='ocrx_word' id='word_1_121' title='bbox 2850 1206 3035 1271; x_wconf 89' lang='lat' dir='ltr'><strong>nobis</strong></span> <span class='ocrx_word' id='word_1_122' title='bbox 3058 1230 3133 1272; x_wconf 90' lang='lat' dir='ltr'><strong>ac</strong></span> <span class='ocrx_word' id='word_1_123' title='bbox 3156 1209 3557 1275; x_wconf 77' lang='lat' dir='ltr'><strong>satisfecisse:</strong></span> 
     </span>
     <span class='ocr_line' id='line_1_11' title="bbox 649 1294 3558 1384; baseline -0.002 -19"><span class='ocrx_word' id='word_1_124' title='bbox 649 1300 758 1365; x_wconf 90' lang='lat' dir='ltr'><strong>sed</strong></span> <span class='ocrx_word' id='word_1_125' title='bbox 804 1300 1164 1384; x_wconf 83' lang='lat' dir='ltr'><strong>passionem</strong></span> <span class='ocrx_word' id='word_1_126' title='bbox 1202 1299 1339 1384; x_wconf 89' lang='lat' dir='ltr'><strong>ejus</strong></span> <span class='ocrx_word' id='word_1_127' title='bbox 1365 1303 1618 1364; x_wconf 88' lang='lat' dir='ltr'><strong>tantum</strong></span> <span class='ocrx_word' id='word_1_128' title='bbox 1644 1299 1842 1363; x_wconf 85' lang='lat' dir='ltr'><strong>fuisse</strong></span> <span class='ocrx_word' id='word_1_129' title='bbox 1870 1296 2253 1379; x_wconf 84' lang='lat' dir='ltr'><strong>exemplum,</strong></span> <span class='ocrx_word' id='word_1_130' title='bbox 2280 1318 2392 1359; x_wconf 89' lang='lat' dir='ltr'><strong>seu</strong></span> <span class='ocrx_word' id='word_1_131' title='bbox 2426 1295 2728 1359; x_wconf 89' lang='lat' dir='ltr'><strong>habuisse</strong></span> <span class='ocrx_word' id='word_1_132' title='bbox 2750 1294 3065 1359; x_wconf 88' lang='lat' dir='ltr'><strong>rationem</strong></span> <span class='ocrx_word' id='word_1_133' title='bbox 3096 1299 3376 1381; x_wconf 82' lang='lat' dir='ltr'><strong>exempli</strong></span> <span class='ocrx_word' id='word_1_134' title='bbox 3398 1298 3558 1363; x_wconf 86' lang='lat' dir='ltr'><strong>nobis</strong></span> 
     </span>
     <span class='ocr_line' id='line_1_12' title="bbox 649 1384 3559 1471; baseline -0.001 -19"><span class='ocrx_word' id='word_1_135' title='bbox 649 1389 963 1468; x_wconf 84' lang='lat' dir='ltr'><strong>imitandi,</strong></span> <span class='ocrx_word' id='word_1_136' title='bbox 991 1391 1103 1451; x_wconf 91' lang='lat' dir='ltr'><strong>aut</strong></span> <span class='ocrx_word' id='word_1_137' title='bbox 1133 1387 1362 1452; x_wconf 87' lang='lat' dir='ltr'><strong>saltem</strong></span> <span class='ocrx_word' id='word_1_138' title='bbox 1386 1389 1850 1471; x_wconf 72' lang='lat' dir='ltr'><strong>quadamtenus</strong></span> <span class='ocrx_word' id='word_1_139' title='bbox 1876 1407 1949 1449; x_wconf 90' lang='lat' dir='ltr'><strong>ac</strong></span> <span class='ocrx_word' id='word_1_140' title='bbox 1974 1384 2367 1448; x_wconf 89' lang='lat' dir='ltr'><strong>solummodo</strong></span> <span class='ocrx_word' id='word_1_141' title='bbox 2392 1384 2735 1447; x_wconf 89' lang='lat' dir='ltr'><strong>secundum</strong></span> <span class='ocrx_word' id='word_1_142' title='bbox 2771 1384 3123 1467; x_wconf 83' lang='lat' dir='ltr'><strong>gratiosum</strong></span> <span class='ocrx_word' id='word_1_143' title='bbox 3156 1391 3436 1469; x_wconf 87' lang='lat' dir='ltr'><strong>pactum,</strong></span> <span class='ocrx_word' id='word_1_144' title='bbox 3458 1386 3559 1449; x_wconf 86' lang='lat' dir='ltr'><strong>sti-</strong></span> 
     </span>
     <span class='ocr_line' id='line_1_13' title="bbox 651 1471 3560 1561; baseline -0.001 -20"><span class='ocrx_word' id='word_1_145' title='bbox 651 1477 1064 1561; x_wconf 88' lang='lat' dir='ltr'><strong>pulationem,</strong></span> <span class='ocrx_word' id='word_1_146' title='bbox 1115 1476 1686 1561; x_wconf 85' lang='lat' dir='ltr'><strong>acceptilationem,</strong></span> <span class='ocrx_word' id='word_1_147' title='bbox 1725 1498 1796 1539; x_wconf 89' lang='lat' dir='ltr'><strong>ac</strong></span> <span class='ocrx_word' id='word_1_148' title='bbox 1819 1472 2310 1549; x_wconf 80' lang='lat' dir='ltr'><strong>conniventiam,</strong></span> <span class='ocrx_word' id='word_1_149' title='bbox 2336 1476 2529 1555; x_wconf 90' lang='lat' dir='ltr'><strong>atque</strong></span> <span class='ocrx_word' id='word_1_150' title='bbox 2560 1471 3029 1557; x_wconf 83' lang='lat' dir='ltr'><strong>indulgentiam</strong></span> <span class='ocrx_word' id='word_1_151' title='bbox 3054 1472 3171 1537; x_wconf 90' lang='lat' dir='ltr'><strong>Dei</strong></span> <span class='ocrx_word' id='word_1_152' title='bbox 3200 1474 3441 1559; x_wconf 89' lang='lat' dir='ltr'><strong>aliquid</strong></span> <span class='ocrx_word' id='word_1_153' title='bbox 3462 1497 3560 1559; x_wconf 84' lang='lat' dir='ltr'><strong>pro</strong></span> 
     </span>
     <span class='ocr_line' id='line_1_14' title="bbox 652 1560 3559 1648; baseline -0.001 -18"><span class='ocrx_word' id='word_1_154' title='bbox 652 1565 967 1630; x_wconf 88' lang='lat' dir='ltr'><strong>solutione</strong></span> <span class='ocrx_word' id='word_1_155' title='bbox 993 1564 1408 1647; x_wconf 85' lang='lat' dir='ltr'><strong>praestitisse,</strong></span> <span class='ocrx_word' id='word_1_156' title='bbox 1441 1565 1610 1648; x_wconf 90' lang='lat' dir='ltr'><strong>quod</strong></span> <span class='ocrx_word' id='word_1_157' title='bbox 1635 1565 1719 1627; x_wconf 91' lang='lat' dir='ltr'><strong>sit</strong></span> <span class='ocrx_word' id='word_1_158' title='bbox 1751 1562 1935 1647; x_wconf 84' lang='lat' dir='ltr'><strong>quasi</strong></span> <span class='ocrx_word' id='word_1_159' title='bbox 1960 1562 2096 1625; x_wconf 92' lang='lat' dir='ltr'><strong>loco</strong></span> <span class='ocrx_word' id='word_1_160' title='bbox 2127 1560 2353 1643; x_wconf 85' lang='lat' dir='ltr'><strong>plenae</strong></span> <span class='ocrx_word' id='word_1_161' title='bbox 2378 1560 2851 1625; x_wconf 66' lang='lat' dir='ltr'><strong>satisfactionis</strong></span> <span class='ocrx_word' id='word_1_162' title='bbox 2885 1562 2985 1625; x_wconf 89' lang='lat'><strong>10.</strong></span> <span class='ocrx_word' id='word_1_163' title='bbox 3004 1560 3285 1646; x_wconf 88' lang='lat' dir='ltr'><strong>Corpora</strong></span> <span class='ocrx_word' id='word_1_164' title='bbox 3300 1564 3559 1629; x_wconf 87' lang='lat' dir='ltr'><strong>fidelium</strong></span> 
     </span>
     <span class='ocr_line' id='line_1_15' title="bbox 651 1648 3562 1737; baseline -0.001 -19"><span class='ocrx_word' id='word_1_165' title='bbox 651 1654 995 1718; x_wconf 86' lang='lat' dir='ltr'><strong>novissimo</strong></span> <span class='ocrx_word' id='word_1_166' title='bbox 1043 1652 1144 1716; x_wconf 90' lang='lat' dir='ltr'><strong>die</strong></span> <span class='ocrx_word' id='word_1_167' title='bbox 1169 1675 1293 1717; x_wconf 90' lang='lat' dir='ltr'><strong>non</strong></span> <span class='ocrx_word' id='word_1_168' title='bbox 1319 1653 1774 1731; x_wconf 88' lang='lat' dir='ltr'><strong>resuscitanda,</strong></span> <span class='ocrx_word' id='word_1_169' title='bbox 1805 1650 1987 1737; x_wconf 89' lang='lat' dir='ltr'><strong>[pag.</strong></span> <span class='ocrx_word' id='word_1_170' title='bbox 2026 1648 2189 1734; x_wconf 80' lang='lat'>516]</span> <span class='ocrx_word' id='word_1_171' title='bbox 2223 1649 2466 1713; x_wconf 89' lang='lat' dir='ltr'><strong>scilicet</strong></span> <span class='ocrx_word' id='word_1_172' title='bbox 2488 1648 2647 1715; x_wconf 86' lang='lat' dir='ltr'><strong>haec</strong></span> <span class='ocrx_word' id='word_1_173' title='bbox 2672 1649 2891 1713; x_wconf 87' lang='lat' dir='ltr'><strong>eadem</strong></span> <span class='ocrx_word' id='word_1_174' title='bbox 2918 1672 3206 1733; x_wconf 88' lang='lat' dir='ltr'><strong>corpora,</strong></span> <span class='ocrx_word' id='word_1_175' title='bbox 3230 1674 3395 1735; x_wconf 89' lang='lat' dir='ltr'><strong>quae</strong></span> <span class='ocrx_word' id='word_1_176' title='bbox 3416 1674 3562 1717; x_wconf 86' lang='lat' dir='ltr'><strong>nunc</strong></span> 
     </span>
     <span class='ocr_line' id='line_1_16' title="bbox 651 1737 3563 1825; baseline -0 -19"><span class='ocrx_word' id='word_1_177' title='bbox 651 1742 895 1807; x_wconf 86' lang='lat' dir='ltr'><strong>habent</strong></span> <span class='ocrx_word' id='word_1_178' title='bbox 921 1766 936 1819; x_wconf 88' lang='lat'><strong>;</strong></span> <span class='ocrx_word' id='word_1_179' title='bbox 985 1741 1094 1805; x_wconf 89' lang='lat' dir='ltr'><strong>sed</strong></span> <span class='ocrx_word' id='word_1_180' title='bbox 1132 1742 1445 1825; x_wconf 87' lang='lat' dir='ltr'><strong>quaedam</strong></span> <span class='ocrx_word' id='word_1_181' title='bbox 1469 1742 1597 1806; x_wconf 87' lang='lat' dir='ltr'><strong>alia</strong></span> <span class='ocrx_word' id='word_1_182' title='bbox 1621 1763 1885 1823; x_wconf 89' lang='lat' dir='ltr'><strong>corpora</strong></span> <span class='ocrx_word' id='word_1_183' title='bbox 1918 1737 2279 1822; x_wconf 85' lang='lat' dir='ltr'><strong>spiritualia</strong></span> <span class='ocrx_word' id='word_1_184' title='bbox 2305 1738 2381 1802; x_wconf 90' lang='lat' dir='ltr'><strong>de</strong></span> <span class='ocrx_word' id='word_1_185' title='bbox 2406 1760 2569 1802; x_wconf 91' lang='lat' dir='ltr'><strong>novo</strong></span> <span class='ocrx_word' id='word_1_186' title='bbox 2603 1738 2893 1816; x_wconf 89' lang='lat' dir='ltr'><strong>creanda,</strong></span> <span class='ocrx_word' id='word_1_187' title='bbox 2916 1737 3009 1803; x_wconf 87' lang='lat' dir='ltr'><strong>ita</strong></span> <span class='ocrx_word' id='word_1_188' title='bbox 3040 1744 3114 1803; x_wconf 90' lang='lat' dir='ltr'><strong>ut</strong></span> <span class='ocrx_word' id='word_1_189' title='bbox 3135 1740 3297 1805; x_wconf 87' lang='lat' dir='ltr'><strong>haec</strong></span> <span class='ocrx_word' id='word_1_190' title='bbox 3322 1763 3563 1825; x_wconf 81' lang='lat' dir='ltr'><strong>corpora</strong></span> 
     </span>
     <span class='ocr_line' id='line_1_17' title="bbox 651 1826 3563 1913; baseline -0.001 -17"><span class='ocrx_word' id='word_1_191' title='bbox 651 1833 889 1909; x_wconf 85' lang='lat' dir='ltr'><strong>nostra,</strong></span> <span class='ocrx_word' id='word_1_192' title='bbox 938 1851 1101 1913; x_wconf 87' lang='lat' dir='ltr'><strong>quae</strong></span> <span class='ocrx_word' id='word_1_193' title='bbox 1149 1852 1263 1913; x_wconf 89' lang='lat' dir='ltr'><strong>per</strong></span> <span class='ocrx_word' id='word_1_194' title='bbox 1285 1834 1558 1895; x_wconf 90' lang='lat' dir='ltr'><strong>mortem</strong></span> <span class='ocrx_word' id='word_1_195' title='bbox 1583 1829 1965 1903; x_wconf 87' lang='lat' dir='ltr'><strong>ceciderunt,</strong></span> <span class='ocrx_word' id='word_1_196' title='bbox 1998 1827 2187 1910; x_wconf 88' lang='lat' dir='ltr'><strong>plane</strong></span> <span class='ocrx_word' id='word_1_197' title='bbox 2213 1826 2493 1891; x_wconf 87' lang='lat' dir='ltr'><strong>desitura</strong></span> <span class='ocrx_word' id='word_1_198' title='bbox 2517 1826 2644 1890; x_wconf 83' lang='lat' dir='ltr'><strong>sint</strong></span> <span class='ocrx_word' id='word_1_199' title='bbox 2673 1849 2829 1904; x_wconf 90' lang='lat' dir='ltr'><strong>esse,</strong></span> <span class='ocrx_word' id='word_1_200' title='bbox 2856 1848 2969 1891; x_wconf 91' lang='lat' dir='ltr'><strong>nec</strong></span> <span class='ocrx_word' id='word_1_201' title='bbox 3004 1850 3289 1911; x_wconf 89' lang='lat' dir='ltr'><strong>unquam</strong></span> <span class='ocrx_word' id='word_1_202' title='bbox 3315 1830 3389 1895; x_wconf 90' lang='lat' dir='ltr'><strong>de</strong></span> <span class='ocrx_word' id='word_1_203' title='bbox 3418 1850 3563 1895; x_wconf 85' lang='lat' dir='ltr'><strong>novo</strong></span> 
     </span>
     <span class='ocr_line' id='line_1_18' title="bbox 655 1914 3563 2004; baseline 0 -21"><span class='ocrx_word' id='word_1_204' title='bbox 655 1920 1006 2004; x_wconf 87' lang='lat' dir='ltr'><strong>proditura,</strong></span> <span class='ocrx_word' id='word_1_205' title='bbox 1025 1922 1138 1983; x_wconf 86' lang='lat' dir='ltr'><strong>aut</strong></span> <span class='ocrx_word' id='word_1_206' title='bbox 1155 1941 1233 1983; x_wconf 88' lang='lat' dir='ltr'><strong>ex</strong></span> <span class='ocrx_word' id='word_1_207' title='bbox 1250 1919 1628 1983; x_wconf 85' lang='lat' dir='ltr'><strong>mortalibus</strong></span> <span class='ocrx_word' id='word_1_208' title='bbox 1645 1916 2035 1982; x_wconf 84' lang='lat' dir='ltr'><strong>immortalia</strong></span> <span class='ocrx_word' id='word_1_209' title='bbox 2053 1916 2098 1981; x_wconf 71' lang='lat' dir='ltr'><strong>a</strong></span> <span class='ocrx_word' id='word_1_210' title='bbox 2112 1914 2391 1999; x_wconf 87' lang='lat' dir='ltr'><strong>gloriosa</strong></span> <span class='ocrx_word' id='word_1_211' title='bbox 2404 1914 2641 1979; x_wconf 75' lang='lat' dir='ltr'><strong>futura.</strong></span> <span class='ocrx_word' id='word_1_212' title='bbox 2665 1916 2739 1978; x_wconf 93' lang='grc'><strong>11</strong></span> <span class='ocrx_word' id='word_1_213' title='bbox 2751 1964 2766 1978; x_wconf 90' lang='grc'><strong>.</strong></span> <span class='ocrx_word' id='word_1_214' title='bbox 2784 1914 3048 1980; x_wconf 84' lang='lat' dir='ltr'><strong>Animas</strong></span> <span class='ocrx_word' id='word_1_215' title='bbox 3065 1916 3409 2003; x_wconf 87' lang='lat' dir='ltr'><strong>impiorum</strong></span> <span class='ocrx_word' id='word_1_216' title='bbox 3418 1919 3563 1983; x_wconf 89' lang='lat' dir='ltr'><strong>inte-</strong></span> 
     </span>
     <span class='ocr_line' id='line_1_19' title="bbox 653 2003 3563 2091; baseline -0 -18"><span class='ocrx_word' id='word_1_217' title='bbox 653 2008 780 2073; x_wconf 90' lang='lat' dir='ltr'><strong>rire</strong></span> <span class='ocrx_word' id='word_1_218' title='bbox 825 2030 968 2073; x_wconf 89' lang='lat' dir='ltr'><strong>cum</strong></span> <span class='ocrx_word' id='word_1_219' title='bbox 1015 2007 1386 2091; x_wconf 88' lang='lat' dir='ltr'><strong>corporibus</strong></span> <span class='ocrx_word' id='word_1_220' title='bbox 1413 2031 1428 2083; x_wconf 89' lang='lat'><strong>;</strong></span> <span class='ocrx_word' id='word_1_221' title='bbox 1453 2006 1662 2072; x_wconf 88' lang='lat' dir='ltr'><strong>necin</strong></span> <span class='ocrx_word' id='word_1_222' title='bbox 1684 2006 1935 2071; x_wconf 87' lang='lat' dir='ltr'><strong>inferno</strong></span> <span class='ocrx_word' id='word_1_223' title='bbox 1962 2003 2329 2068; x_wconf 90' lang='lat' dir='ltr'><strong>cruciandas</strong></span> <span class='ocrx_word' id='word_1_224' title='bbox 2354 2026 2557 2087; x_wconf 88' lang='lat' dir='ltr'><strong>poena</strong></span> <span class='ocrx_word' id='word_1_225' title='bbox 2582 2004 2867 2069; x_wconf 79' lang='lat' dir='ltr'><strong>damni&amp;</strong></span> <span class='ocrx_word' id='word_1_226' title='bbox 2891 2026 3131 2069; x_wconf 88' lang='lat' dir='ltr'><strong>sensus:</strong></span> <span class='ocrx_word' id='word_1_227' title='bbox 3166 2007 3413 2072; x_wconf 87' lang='lat' dir='ltr'><strong>animas</strong></span> <span class='ocrx_word' id='word_1_228' title='bbox 3435 2030 3563 2071; x_wconf 87' lang='lat' dir='ltr'><strong>vero</strong></span> 
     </span>
     <span class='ocr_line' id='line_1_20' title="bbox 654 2092 3565 2182; baseline -0.001 -22"><span class='ocrx_word' id='word_1_229' title='bbox 654 2096 905 2181; x_wconf 92' lang='lat' dir='ltr'><strong>piorum</strong></span> <span class='ocrx_word' id='word_1_230' title='bbox 933 2098 970 2160; x_wconf 74' lang='lat' dir='ltr'><strong>a</strong></span> <span class='ocrx_word' id='word_1_231' title='bbox 993 2106 1254 2180; x_wconf 87' lang='lat' dir='ltr'><strong>corpore</strong></span> <span class='ocrx_word' id='word_1_232' title='bbox 1280 2100 1607 2181; x_wconf 85' lang='lat' dir='ltr'><strong>separatas</strong></span> <span class='ocrx_word' id='word_1_233' title='bbox 1632 2094 1905 2159; x_wconf 90' lang='lat' dir='ltr'><strong>dormire</strong></span> <span class='ocrx_word' id='word_1_234' title='bbox 1930 2114 2131 2176; x_wconf 88' lang='lat' dir='ltr'><strong>usque</strong></span> <span class='ocrx_word' id='word_1_235' title='bbox 2152 2093 2230 2156; x_wconf 87' lang='lat' dir='ltr'><strong>ad</strong></span> <span class='ocrx_word' id='word_1_236' title='bbox 2255 2092 2423 2156; x_wconf 90' lang='lat' dir='ltr'><strong>diem</strong></span> <span class='ocrx_word' id='word_1_237' title='bbox 2440 2092 2684 2175; x_wconf 90' lang='lat' dir='ltr'><strong>judicii,</strong></span> <span class='ocrx_word' id='word_1_238' title='bbox 2710 2095 2823 2155; x_wconf 90' lang='lat' dir='ltr'><strong>aut</strong></span> <span class='ocrx_word' id='word_1_239' title='bbox 2849 2092 3076 2156; x_wconf 88' lang='lat' dir='ltr'><strong>saltem</strong></span> <span class='ocrx_word' id='word_1_240' title='bbox 3102 2095 3241 2163; x_wconf 90' lang='lat' dir='ltr'><strong>sine</strong></span> <span class='ocrx_word' id='word_1_241' title='bbox 3265 2096 3565 2182; x_wconf 83' lang='lat' dir='ltr'><strong>spirituali</strong></span> 
     </span>
     <span class='ocr_line' id='line_1_21' title="bbox 655 2180 3564 2269; baseline -0.001 -19"><span class='ocrx_word' id='word_1_242' title='bbox 655 2186 872 2269; x_wconf 84' lang='lat' dir='ltr'><strong>aliqua</strong></span> <span class='ocrx_word' id='word_1_243' title='bbox 913 2184 1164 2249; x_wconf 86' lang='lat' dir='ltr'><strong>actione</strong></span> <span class='ocrx_word' id='word_1_244' title='bbox 1187 2184 1261 2249; x_wconf 86' lang='lat' dir='ltr'><strong>ad</strong></span> <span class='ocrx_word' id='word_1_245' title='bbox 1291 2188 1471 2249; x_wconf 85' lang='lat' dir='ltr'><strong>extra</strong></span> <span class='ocrx_word' id='word_1_246' title='bbox 1501 2205 1897 2269; x_wconf 86' lang='lat' dir='ltr'><strong>permanere.</strong></span> <span class='ocrx_word' id='word_1_247' title='bbox 1952 2182 2054 2244; x_wconf 84' lang='lat'><strong>12.</strong></span> <span class='ocrx_word' id='word_1_248' title='bbox 2082 2180 2487 2263; x_wconf 89' lang='lat' dir='ltr'><strong>Baptismum</strong></span> <span class='ocrx_word' id='word_1_249' title='bbox 2512 2203 2589 2243; x_wconf 82' lang='lat' dir='ltr'><strong>ex</strong></span> <span class='ocrx_word' id='word_1_250' title='bbox 2616 2181 2992 2245; x_wconf 84' lang='lat' dir='ltr'><strong>necessitate</strong></span> <span class='ocrx_word' id='word_1_251' title='bbox 3025 2185 3350 2268; x_wconf 86' lang='lat' dir='ltr'><strong>praecepti</strong></span> <span class='ocrx_word' id='word_1_252' title='bbox 3390 2185 3564 2249; x_wconf 82' lang='lat' dir='ltr'><strong>divini</strong></span> 
     </span>
     <span class='ocr_line' id='line_1_22' title="bbox 654 2268 3565 2352; baseline -0 -14"><span class='ocrx_word' id='word_1_253' title='bbox 654 2296 780 2339; x_wconf 88' lang='lat' dir='ltr'><strong>non</strong></span> <span class='ocrx_word' id='word_1_254' title='bbox 805 2296 944 2339; x_wconf 89' lang='lat' dir='ltr'><strong>esse</strong></span> <span class='ocrx_word' id='word_1_255' title='bbox 961 2273 1254 2337; x_wconf 86' lang='lat' dir='ltr'><strong>oinnibus</strong></span> <span class='ocrx_word' id='word_1_256' title='bbox 1279 2272 1660 2337; x_wconf 88' lang='lat' dir='ltr'><strong>Christianis</strong></span> <span class='ocrx_word' id='word_1_257' title='bbox 1679 2270 2150 2347; x_wconf 85' lang='lat' dir='ltr'><strong>conferendum,</strong></span> <span class='ocrx_word' id='word_1_258' title='bbox 2168 2291 2283 2333; x_wconf 92' lang='lat' dir='ltr'><strong>nec</strong></span> <span class='ocrx_word' id='word_1_259' title='bbox 2300 2268 2891 2352; x_wconf 87' lang='lat' dir='ltr'><strong>paedobaptismum</strong></span> <span class='ocrx_word' id='word_1_260' title='bbox 2908 2269 3266 2337; x_wconf 85' lang='lat' dir='ltr'><strong>infantibus</strong></span> <span class='ocrx_word' id='word_1_261' title='bbox 3284 2274 3565 2339; x_wconf 87' lang='lat' dir='ltr'><strong>fidelium.</strong></span> 
     </span>
     <span class='ocr_line' id='line_1_23' title="bbox 746 2357 3567 2450; baseline -0.001 -19"><span class='ocrx_word' id='word_1_262' title='bbox 746 2359 815 2431; x_wconf 80' lang='grc'><strong>3.</strong></span> <span class='ocrx_word' id='word_1_263' title='bbox 851 2362 1139 2429; x_wconf 75' lang='lat' dir='ltr'><strong>Secunda</strong></span> <span class='ocrx_word' id='word_1_264' title='bbox 1186 2360 1472 2445; x_wconf 88' lang='lat' dir='ltr'><strong>quaestio</strong></span> <span class='ocrx_word' id='word_1_265' title='bbox 1514 2365 1630 2438; x_wconf 88' lang='lat' dir='ltr'><strong>est,</strong></span> <span class='ocrx_word' id='word_1_266' title='bbox 1658 2360 1761 2425; x_wconf 89' lang='lat' dir='ltr'><strong>An</strong></span> <span class='ocrx_word' id='word_1_267' title='bbox 1795 2358 2323 2423; x_wconf 88' lang='lat' dir='ltr'><strong>Remonstrantes</strong></span> <span class='ocrx_word' id='word_1_268' title='bbox 2354 2357 2864 2422; x_wconf 87' lang='lat' dir='ltr'><strong>communionem</strong></span> <span class='ocrx_word' id='word_1_269' title='bbox 2890 2358 3241 2425; x_wconf 88' lang='lat' dir='ltr'><strong>fraternam</strong></span> <span class='ocrx_word' id='word_1_270' title='bbox 3267 2364 3315 2428; x_wconf 62' lang='grc' dir='ltr'>ἃ</span> <span class='ocrx_word' id='word_1_271' title='bbox 3338 2384 3567 2450; x_wconf 83' lang='lat' dir='ltr'><strong>synere-</strong></span> 
     </span>
    </p>

    <p class='ocr_par' dir='ltr' id='par_1_3' title="bbox 579 2445 3572 4488">
     <span class='ocr_line' id='line_1_24' title="bbox 579 2445 3571 2538; baseline -0.001 -21"><span class='ocrx_word' id='word_1_272' title='bbox 579 2497 584 2502; x_wconf 63' lang='grc'><em>·</em></span> <span class='ocrx_word' id='word_1_273' title='bbox 657 2453 919 2517; x_wconf 89' lang='lat' dir='ltr'><strong>tismum</strong></span> <span class='ocrx_word' id='word_1_274' title='bbox 963 2451 1128 2516; x_wconf 88' lang='lat' dir='ltr'><strong>serio</strong></span> <span class='ocrx_word' id='word_1_275' title='bbox 1163 2451 1454 2526; x_wconf 89' lang='lat' dir='ltr'><strong>offerant,</strong></span> <span class='ocrx_word' id='word_1_276' title='bbox 1483 2451 1712 2514; x_wconf 89' lang='lat' dir='ltr'><strong>saltem</strong></span> <span class='ocrx_word' id='word_1_277' title='bbox 1739 2449 1966 2513; x_wconf 89' lang='lat' dir='ltr'><strong>offerre</strong></span> <span class='ocrx_word' id='word_1_278' title='bbox 1993 2447 2237 2531; x_wconf 86' lang='lat' dir='ltr'><strong>possint</strong></span> <span class='ocrx_word' id='word_1_279' title='bbox 2261 2445 2658 2512; x_wconf 85' lang='lat' dir='ltr'><strong>Reformatis</strong></span> <span class='ocrx_word' id='word_1_280' title='bbox 2687 2447 2967 2512; x_wconf 87' lang='lat' dir='ltr'><strong>ecclesiis</strong></span> <span class='ocrx_word' id='word_1_281' title='bbox 2992 2449 3056 2512; x_wconf 89' lang='lat' dir='ltr'><strong>in</strong></span> <span class='ocrx_word' id='word_1_282' title='bbox 3081 2449 3358 2535; x_wconf 85' lang='lat' dir='ltr'><strong>Belgio?</strong></span> <span class='ocrx_word' id='word_1_283' title='bbox 3404 2455 3571 2538; x_wconf 74' lang='lat' dir='ltr'><strong>Resp.</strong></span> 
     </span>
     <span class='ocr_line' id='line_1_25' title="bbox 657 2535 3569 2624; baseline -0.001 -20"><span class='ocrx_word' id='word_1_284' title='bbox 657 2539 707 2604; x_wconf 88' lang='lat' dir='ltr'><strong>I.</strong></span> <span class='ocrx_word' id='word_1_285' title='bbox 757 2538 948 2604; x_wconf 87' lang='lat' dir='ltr'><strong>Modo</strong></span> <span class='ocrx_word' id='word_1_286' title='bbox 997 2541 1196 2623; x_wconf 86' lang='lat' dir='ltr'><strong>ajunt,</strong></span> <span class='ocrx_word' id='word_1_287' title='bbox 1243 2541 1429 2604; x_wconf 92' lang='lat' dir='ltr'><strong>modo</strong></span> <span class='ocrx_word' id='word_1_288' title='bbox 1476 2541 1737 2624; x_wconf 88' lang='lat' dir='ltr'><strong>negant,</strong></span> <span class='ocrx_word' id='word_1_289' title='bbox 1778 2538 1965 2601; x_wconf 91' lang='lat' dir='ltr'><strong>modo</strong></span> <span class='ocrx_word' id='word_1_290' title='bbox 2000 2535 2349 2614; x_wconf 84' lang='lat' dir='ltr'><strong>involvunt,</strong></span> <span class='ocrx_word' id='word_1_291' title='bbox 2377 2537 2653 2601; x_wconf 73' lang='lat' dir='ltr'><strong>&amp;instar</strong></span> <span class='ocrx_word' id='word_1_292' title='bbox 2680 2536 2899 2600; x_wconf 89' lang='lat' dir='ltr'><strong>Protei</strong></span> <span class='ocrx_word' id='word_1_293' title='bbox 2929 2537 2996 2600; x_wconf 90' lang='lat' dir='ltr'><strong>in</strong></span> <span class='ocrx_word' id='word_1_294' title='bbox 3022 2539 3232 2602; x_wconf 88' lang='lat' dir='ltr'><strong>varias</strong></span> <span class='ocrx_word' id='word_1_295' title='bbox 3255 2539 3491 2606; x_wconf 86' lang='lat' dir='ltr'><strong>formas</strong></span> <span class='ocrx_word' id='word_1_296' title='bbox 3510 2563 3569 2604; x_wconf 89' lang='lat' dir='ltr'><strong>se</strong></span> 
     </span>
     <span class='ocr_line' id='line_1_26' title="bbox 658 2624 3569 2712; baseline -0 -19"><span class='ocrx_word' id='word_1_297' title='bbox 658 2631 937 2706; x_wconf 82' lang='lat' dir='ltr'><strong>vertunt,</strong></span> <span class='ocrx_word' id='word_1_298' title='bbox 986 2631 1174 2712; x_wconf 88' lang='lat' dir='ltr'><strong>prout</strong></span> <span class='ocrx_word' id='word_1_299' title='bbox 1219 2631 1578 2710; x_wconf 88' lang='lat' dir='ltr'><strong>temporum</strong></span> <span class='ocrx_word' id='word_1_300' title='bbox 1635 2629 1682 2693; x_wconf 64' lang='grc' dir='ltr'><strong>ἃ</strong></span> <span class='ocrx_word' id='word_1_301' title='bbox 1727 2648 1939 2690; x_wconf 90' lang='lat' dir='ltr'><strong>rerum</strong></span> <span class='ocrx_word' id='word_1_302' title='bbox 1966 2625 2357 2689; x_wconf 89' lang='lat' dir='ltr'><strong>mutationes</strong></span> <span class='ocrx_word' id='word_1_303' title='bbox 2380 2624 2756 2688; x_wconf 88' lang='lat' dir='ltr'><strong>inciderunt.</strong></span> <span class='ocrx_word' id='word_1_304' title='bbox 2805 2624 3033 2709; x_wconf 86' lang='lat' dir='ltr'><strong>Itaque</strong></span> <span class='ocrx_word' id='word_1_305' title='bbox 3058 2629 3433 2695; x_wconf 90' lang='lat' dir='ltr'><strong>credendum</strong></span> <span class='ocrx_word' id='word_1_306' title='bbox 3459 2651 3569 2694; x_wconf 88' lang='lat' dir='ltr'><strong>non</strong></span> 
     </span>
     <span class='ocr_line' id='line_1_27' title="bbox 658 2712 3565 2804; baseline -0 -23"><span class='ocrx_word' id='word_1_307' title='bbox 658 2720 776 2796; x_wconf 88' lang='lat' dir='ltr'><strong>est,</strong></span> <span class='ocrx_word' id='word_1_308' title='bbox 823 2737 929 2780; x_wconf 90' lang='lat' dir='ltr'><strong>eos</strong></span> <span class='ocrx_word' id='word_1_309' title='bbox 953 2715 1058 2780; x_wconf 88' lang='lat' dir='ltr'><strong>hic</strong></span> <span class='ocrx_word' id='word_1_310' title='bbox 1082 2715 1246 2780; x_wconf 90' lang='lat' dir='ltr'><strong>serio</strong></span> <span class='ocrx_word' id='word_1_311' title='bbox 1273 2716 1470 2799; x_wconf 91' lang='lat' dir='ltr'><strong>loqui.</strong></span> <span class='ocrx_word' id='word_1_312' title='bbox 1511 2715 1746 2779; x_wconf 91' lang='lat' dir='ltr'><strong>Primis</strong></span> <span class='ocrx_word' id='word_1_313' title='bbox 1771 2716 2019 2798; x_wconf 86' lang='lat' dir='ltr'><strong>aliquot</strong></span> <span class='ocrx_word' id='word_1_314' title='bbox 2046 2713 2226 2777; x_wconf 88' lang='lat' dir='ltr'><strong>annis</strong></span> <span class='ocrx_word' id='word_1_315' title='bbox 2249 2717 2394 2797; x_wconf 89' lang='lat' dir='ltr'><strong>post</strong></span> <span class='ocrx_word' id='word_1_316' title='bbox 2418 2714 2729 2797; x_wconf 84' lang='lat' dir='ltr'><strong>synodum</strong></span> <span class='ocrx_word' id='word_1_317' title='bbox 2752 2712 3247 2795; x_wconf 88' lang='lat' dir='ltr'><strong>Dordracenam,</strong></span> <span class='ocrx_word' id='word_1_318' title='bbox 3272 2718 3565 2804; x_wconf 88' lang='lat' dir='ltr'><strong>philippi-</strong></span> 
     </span>
     <span class='ocr_line' id='line_1_28' title="bbox 659 2801 3567 2888; baseline 0.001 -19"><span class='ocrx_word' id='word_1_319' title='bbox 659 2828 769 2870; x_wconf 90' lang='lat' dir='ltr'><strong>cae</strong></span> <span class='ocrx_word' id='word_1_320' title='bbox 791 2806 1075 2888; x_wconf 90' lang='lat' dir='ltr'><strong>ipsorum</strong></span> <span class='ocrx_word' id='word_1_321' title='bbox 1099 2804 1594 2868; x_wconf 87' lang='lat' dir='ltr'><strong>declamationes</strong></span> <span class='ocrx_word' id='word_1_322' title='bbox 1617 2804 1781 2868; x_wconf 91' lang='lat' dir='ltr'><strong>nihil</strong></span> <span class='ocrx_word' id='word_1_323' title='bbox 1813 2803 2145 2880; x_wconf 88' lang='lat' dir='ltr'><strong>sonabant,</strong></span> <span class='ocrx_word' id='word_1_324' title='bbox 2172 2801 2296 2865; x_wconf 91' lang='lat' dir='ltr'><strong>nisi</strong></span> <span class='ocrx_word' id='word_1_325' title='bbox 2328 2802 2814 2885; x_wconf 88' lang='lat' dir='ltr'><strong>separationem,</strong></span> <span class='ocrx_word' id='word_1_326' title='bbox 2841 2805 3104 2887; x_wconf 90' lang='lat' dir='ltr'><strong>ejusque</strong></span> <span class='ocrx_word' id='word_1_327' title='bbox 3120 2809 3567 2883; x_wconf 82' lang='lat' dir='ltr'><strong>necessitatem,</strong></span> 
     </span>
     <span class='ocr_line' id='line_1_29' title="bbox 660 2890 3569 2978; baseline 0 -21"><span class='ocrx_word' id='word_1_328' title='bbox 660 2915 776 2958; x_wconf 89' lang='lat' dir='ltr'><strong>nec</strong></span> <span class='ocrx_word' id='word_1_329' title='bbox 829 2893 910 2957; x_wconf 87' lang='lat' dir='ltr'><strong>ab</strong></span> <span class='ocrx_word' id='word_1_330' title='bbox 957 2892 1037 2957; x_wconf 92' lang='lat' dir='ltr'><strong>iis</strong></span> <span class='ocrx_word' id='word_1_331' title='bbox 1091 2892 1339 2956; x_wconf 89' lang='lat' dir='ltr'><strong>abludit</strong></span> <span class='ocrx_word' id='word_1_332' title='bbox 1384 2894 1694 2978; x_wconf 71' lang='lat' dir='ltr'><strong>apoloqia.</strong></span> <span class='ocrx_word' id='word_1_333' title='bbox 1741 2891 2090 2975; x_wconf 88' lang='lat' dir='ltr'><strong>Postquam</strong></span> <span class='ocrx_word' id='word_1_334' title='bbox 2136 2890 2372 2954; x_wconf 86' lang='lat' dir='ltr'><strong>alicubi</strong></span> <span class='ocrx_word' id='word_1_335' title='bbox 2396 2890 2866 2954; x_wconf 86' lang='lat' dir='ltr'><strong>conniventiam</strong></span> <span class='ocrx_word' id='word_1_336' title='bbox 2890 2892 2970 2955; x_wconf 90' lang='lat' dir='ltr'><strong>ad</strong></span> <span class='ocrx_word' id='word_1_337' title='bbox 3000 2895 3439 2962; x_wconf 88' lang='lat' dir='ltr'><strong>conventicula</strong></span> <span class='ocrx_word' id='word_1_338' title='bbox 3467 2917 3569 2960; x_wconf 83' lang='lat' dir='ltr'><strong>sua</strong></span> 
     </span>
     <span class='ocr_line' id='line_1_30' title="bbox 662 2979 3567 3069; baseline 0 -22"><span class='ocrx_word' id='word_1_339' title='bbox 662 2981 1013 3047; x_wconf 88' lang='lat' dir='ltr'><strong>obtinuisse</strong></span> <span class='ocrx_word' id='word_1_340' title='bbox 1037 3003 1104 3045; x_wconf 91' lang='lat' dir='ltr'><strong>se</strong></span> <span class='ocrx_word' id='word_1_341' title='bbox 1130 2981 1435 3059; x_wconf 87' lang='lat' dir='ltr'><strong>viderent,</strong></span> <span class='ocrx_word' id='word_1_342' title='bbox 1469 2981 1708 3065; x_wconf 83' lang='lat' dir='ltr'><strong>stylum</strong></span> <span class='ocrx_word' id='word_1_343' title='bbox 1733 2983 2173 3064; x_wconf 90' lang='lat' dir='ltr'><strong>temperarunt</strong></span> <span class='ocrx_word' id='word_1_344' title='bbox 2201 2979 2353 3062; x_wconf 90' lang='lat' dir='ltr'><strong>quin</strong></span> <span class='ocrx_word' id='word_1_345' title='bbox 2388 2979 2434 3043; x_wconf 62' lang='lat'><strong>8⁶</strong></span> <span class='ocrx_word' id='word_1_346' title='bbox 2458 2979 2535 3042; x_wconf 90' lang='lat' dir='ltr'><strong>de</strong></span> <span class='ocrx_word' id='word_1_347' title='bbox 2558 3000 2712 3062; x_wconf 87' lang='lat' dir='ltr'><strong>pace</strong></span> <span class='ocrx_word' id='word_1_348' title='bbox 2738 3000 2811 3043; x_wconf 89' lang='lat' dir='ltr'><strong>ac</strong></span> <span class='ocrx_word' id='word_1_349' title='bbox 2834 2979 3239 3047; x_wconf 86' lang='lat' dir='ltr'><strong>fraternitate</strong></span> <span class='ocrx_word' id='word_1_350' title='bbox 3262 2984 3329 3048; x_wconf 90' lang='lat' dir='ltr'><strong>in</strong></span> <span class='ocrx_word' id='word_1_351' title='bbox 3358 2987 3567 3069; x_wconf 69' lang='lat' dir='ltr'><strong>episto-</strong></span> 
     </span>
     <span class='ocr_line' id='line_1_31' title="bbox 662 3066 3569 3158; baseline 0 -22"><span class='ocrx_word' id='word_1_352' title='bbox 662 3071 725 3136; x_wconf 83' lang='lat' dir='ltr'><strong>la</strong></span> <span class='ocrx_word' id='word_1_353' title='bbox 772 3071 893 3134; x_wconf 69' lang='lat' dir='ltr'><strong>sud</strong></span> <span class='ocrx_word' id='word_1_354' title='bbox 937 3070 1022 3136; x_wconf 82' lang='lat' dir='ltr'><strong>ad</strong></span> <span class='ocrx_word' id='word_1_355' title='bbox 1067 3069 1400 3156; x_wconf 74' lang='lat' dir='ltr'><strong>Synodum</strong></span> <span class='ocrx_word' id='word_1_356' title='bbox 1450 3069 2117 3156; x_wconf 78' lang='lat' dir='ltr'><strong>Zuyd-Hollandicam</strong></span> <span class='ocrx_word' id='word_1_357' title='bbox 2163 3066 2721 3131; x_wconf 89' lang='lat' dir='ltr'><strong>Schiedamensem</strong></span> <span class='ocrx_word' id='word_1_358' title='bbox 2758 3091 2923 3132; x_wconf 87' lang='lat' dir='ltr'><strong>anno</strong></span> <span class='ocrx_word' id='word_1_359' title='bbox 2976 3069 3166 3135; x_wconf 86' lang='lat'><strong>1631.</strong></span> <span class='ocrx_word' id='word_1_360' title='bbox 3208 3072 3413 3138; x_wconf 91' lang='lat' dir='ltr'><strong>denuo</strong></span> <span class='ocrx_word' id='word_1_361' title='bbox 3434 3073 3569 3158; x_wconf 88' lang='lat' dir='ltr'><strong>quid</strong></span> 
     </span>
     <span class='ocr_line' id='line_1_32' title="bbox 661 3156 3569 3242; baseline 0.002 -21"><span class='ocrx_word' id='word_1_362' title='bbox 661 3159 1000 3222; x_wconf 88' lang='lat' dir='ltr'><strong>mussitare</strong></span> <span class='ocrx_word' id='word_1_363' title='bbox 1047 3162 1411 3242; x_wconf 87' lang='lat' dir='ltr'><strong>coeperunt,</strong></span> <span class='ocrx_word' id='word_1_364' title='bbox 1459 3159 1559 3223; x_wconf 91' lang='lat' dir='ltr'><strong>uti</strong></span> <span class='ocrx_word' id='word_1_365' title='bbox 1604 3158 1650 3222; x_wconf 62' lang='lat'><strong>8⁶</strong></span> <span class='ocrx_word' id='word_1_366' title='bbox 1675 3158 1987 3241; x_wconf 89' lang='lat' dir='ltr'><strong>superiori</strong></span> <span class='ocrx_word' id='word_1_367' title='bbox 2012 3179 2179 3221; x_wconf 89' lang='lat' dir='ltr'><strong>anno</strong></span> <span class='ocrx_word' id='word_1_368' title='bbox 2202 3157 2269 3219; x_wconf 90' lang='lat' dir='ltr'><strong>in</strong></span> <span class='ocrx_word' id='word_1_369' title='bbox 2296 3156 2514 3220; x_wconf 92' lang='lat' dir='ltr'><strong>libello</strong></span> <span class='ocrx_word' id='word_1_370' title='bbox 2547 3156 2823 3239; x_wconf 87' lang='lat' dir='ltr'><strong>quodam</strong></span> <span class='ocrx_word' id='word_1_371' title='bbox 2848 3160 3186 3224; x_wconf 86' lang='lat' dir='ltr'><strong>vernaculo</strong></span> <span class='ocrx_word' id='word_1_372' title='bbox 3210 3161 3279 3225; x_wconf 89' lang='lat' dir='ltr'><strong>in</strong></span> <span class='ocrx_word' id='word_1_373' title='bbox 3310 3165 3370 3227; x_wconf 88' lang='grc'><strong>4.</strong></span> <span class='ocrx_word' id='word_1_374' title='bbox 3396 3165 3443 3230; x_wconf 66' lang='grc' dir='ltr'><strong>ἃ</strong></span> <span class='ocrx_word' id='word_1_375' title='bbox 3466 3186 3569 3226; x_wconf 87' lang='lat' dir='ltr'><strong>nu·</strong></span> 
     </span>
     <span class='ocr_line' id='line_1_33' title="bbox 663 3243 3569 3332; baseline 0.001 -21"><span class='ocrx_word' id='word_1_376' title='bbox 663 3246 938 3332; x_wconf 75' lang='lat' dir='ltr'><strong>perrime</strong></span> <span class='ocrx_word' id='word_1_377' title='bbox 974 3247 1261 3311; x_wconf 88' lang='lat' dir='ltr'><strong>tenebrio</strong></span> <span class='ocrx_word' id='word_1_378' title='bbox 1292 3247 1550 3330; x_wconf 88' lang='lat' dir='ltr'><strong>quidam</strong></span> <span class='ocrx_word' id='word_1_379' title='bbox 1599 3244 1994 3310; x_wconf 85' lang='lat' dir='ltr'><strong>Thersiticus</strong></span> <span class='ocrx_word' id='word_1_380' title='bbox 2018 3243 2419 3328; x_wconf 73' lang='lat' dir='ltr'><strong>ineptissima</strong></span> <span class='ocrx_word' id='word_1_381' title='bbox 2442 3250 2557 3308; x_wconf 73' lang='lat' dir='ltr'><strong>sua</strong></span> <span class='ocrx_word' id='word_1_382' title='bbox 2578 3245 2939 3328; x_wconf 73' lang='lat' dir='ltr'><strong>rhapsodia,</strong></span> <span class='ocrx_word' id='word_1_383' title='bbox 2963 3249 3097 3311; x_wconf 89' lang='lat' dir='ltr'><strong>tam</strong></span> <span class='ocrx_word' id='word_1_384' title='bbox 3120 3248 3188 3312; x_wconf 92' lang='lat' dir='ltr'><strong>in</strong></span> <span class='ocrx_word' id='word_1_385' title='bbox 3217 3249 3424 3315; x_wconf 88' lang='lat' dir='ltr'><strong>Deum</strong></span> <span class='ocrx_word' id='word_1_386' title='bbox 3446 3251 3569 3316; x_wconf 89' lang='lat' dir='ltr'><strong>bla-</strong></span> 
     </span>
     <span class='ocr_line' id='line_1_34' title="bbox 663 3333 3568 3420; baseline 0.001 -18"><span class='ocrx_word' id='word_1_387' title='bbox 663 3335 953 3420; x_wconf 74' lang='lat' dir='ltr'><strong>sphema,</strong></span> <span class='ocrx_word' id='word_1_388' title='bbox 1000 3357 1190 3420; x_wconf 89' lang='lat' dir='ltr'><strong>quam</strong></span> <span class='ocrx_word' id='word_1_389' title='bbox 1229 3335 1296 3398; x_wconf 91' lang='lat' dir='ltr'><strong>in</strong></span> <span class='ocrx_word' id='word_1_390' title='bbox 1327 3335 1616 3400; x_wconf 86' lang='lat' dir='ltr'><strong>homines</strong></span> <span class='ocrx_word' id='word_1_391' title='bbox 1642 3334 1973 3420; x_wconf 79' lang='lat' dir='ltr'><strong>desperate</strong></span> <span class='ocrx_word' id='word_1_392' title='bbox 1999 3333 2339 3398; x_wconf 67' lang='lat' dir='ltr'><strong>maledica:</strong></span> <span class='ocrx_word' id='word_1_393' title='bbox 2366 3333 2475 3397; x_wconf 88' lang='lat' dir='ltr'><strong>sed</strong></span> <span class='ocrx_word' id='word_1_394' title='bbox 2499 3333 2728 3398; x_wconf 89' lang='lat' dir='ltr'><strong>horum</strong></span> <span class='ocrx_word' id='word_1_395' title='bbox 2753 3334 3177 3418; x_wconf 89' lang='lat' dir='ltr'><strong>posteriorum</strong></span> <span class='ocrx_word' id='word_1_396' title='bbox 3200 3337 3568 3416; x_wconf 83' lang='lat' dir='ltr'><strong>libellorum,</strong></span> 
     </span>
     <span class='ocr_line' id='line_1_35' title="bbox 707 3420 3567 3514; baseline 0.001 -25"><span class='ocrx_word' id='word_1_397' title='bbox 707 3425 814 3489; x_wconf 91' lang='lat' dir='ltr'><strong>uia</strong></span> <span class='ocrx_word' id='word_1_398' title='bbox 836 3424 1155 3489; x_wconf 83' lang='lat' dir='ltr'><strong>communi</strong></span> <span class='ocrx_word' id='word_1_399' title='bbox 1179 3422 1476 3488; x_wconf 88' lang='lat' dir='ltr'><strong>Societat.</strong></span> <span class='ocrx_word' id='word_1_400' title='bbox 1503 3422 1758 3488; x_wconf 92' lang='lat' dir='ltr'><strong>nomine</strong></span> <span class='ocrx_word' id='word_1_401' title='bbox 1791 3423 1947 3486; x_wconf 85' lang='lat' dir='ltr'><strong>editi</strong></span> <span class='ocrx_word' id='word_1_402' title='bbox 1969 3444 2095 3486; x_wconf 91' lang='lat' dir='ltr'><strong>non</strong></span> <span class='ocrx_word' id='word_1_403' title='bbox 2121 3425 2291 3502; x_wconf 90' lang='lat' dir='ltr'><strong>sunt,</strong></span> <span class='ocrx_word' id='word_1_404' title='bbox 2316 3420 2627 3487; x_wconf 89' lang='lat' dir='ltr'><strong>autoritas</strong></span> <span class='ocrx_word' id='word_1_405' title='bbox 2659 3423 2829 3506; x_wconf 87' lang='lat' dir='ltr'><strong>apud</strong></span> <span class='ocrx_word' id='word_1_406' title='bbox 2851 3423 2997 3488; x_wconf 91' lang='lat' dir='ltr'><strong>illos</strong></span> <span class='ocrx_word' id='word_1_407' title='bbox 3023 3427 3187 3490; x_wconf 84' lang='lat' dir='ltr'><strong>sorte</strong></span> <span class='ocrx_word' id='word_1_408' title='bbox 3213 3427 3443 3514; x_wconf 79' lang='lat' dir='ltr'><strong>exigua</strong></span> <span class='ocrx_word' id='word_1_409' title='bbox 3466 3433 3567 3493; x_wconf 88' lang='lat' dir='ltr'><strong>est.</strong></span> 
     </span>
     <span class='ocr_line' id='line_1_36' title="bbox 661 3447 3569 3597; baseline 0.002 -20"><span class='ocrx_word' id='word_1_410' title='bbox 661 3447 748 3578; x_wconf 50' lang='lat' dir='ltr'><strong>(III.</strong></span> <span class='ocrx_word' id='word_1_411' title='bbox 797 3511 1118 3597; x_wconf 84' lang='lat' dir='ltr'><strong>Quidquid</strong></span> <span class='ocrx_word' id='word_1_412' title='bbox 1163 3513 1248 3576; x_wconf 88' lang='lat' dir='ltr'><strong>sit</strong></span> <span class='ocrx_word' id='word_1_413' title='bbox 1294 3513 1369 3576; x_wconf 90' lang='lat' dir='ltr'><strong>de</strong></span> <span class='ocrx_word' id='word_1_414' title='bbox 1416 3512 1704 3596; x_wconf 89' lang='lat' dir='ltr'><strong>ipsorum</strong></span> <span class='ocrx_word' id='word_1_415' title='bbox 1750 3511 1942 3592; x_wconf 84' lang='lat' dir='ltr'><strong>facto,</strong></span> <span class='ocrx_word' id='word_1_416' title='bbox 1984 3511 2212 3576; x_wconf 88' lang='lat' dir='ltr'><strong>saltem</strong></span> <span class='ocrx_word' id='word_1_417' title='bbox 2237 3533 2311 3574; x_wconf 81' lang='lat' dir='ltr'><strong>ex</strong></span> <span class='ocrx_word' id='word_1_418' title='bbox 2340 3510 2807 3594; x_wconf 82' lang='lat' dir='ltr'><strong>hypothesibus</strong></span> <span class='ocrx_word' id='word_1_419' title='bbox 2830 3512 2963 3576; x_wconf 89' lang='lat' dir='ltr'><strong>suis</strong></span> <span class='ocrx_word' id='word_1_420' title='bbox 2986 3514 3152 3578; x_wconf 89' lang='lat' dir='ltr'><strong>serio</strong></span> <span class='ocrx_word' id='word_1_421' title='bbox 3178 3517 3226 3582; x_wconf 69' lang='lat' dir='ltr'><strong>a</strong></span> <span class='ocrx_word' id='word_1_422' title='bbox 3250 3517 3415 3581; x_wconf 69' lang='lat' dir='ltr'><strong>bona</strong></span> <span class='ocrx_word' id='word_1_423' title='bbox 3434 3541 3569 3582; x_wconf 88' lang='lat' dir='ltr'><strong>con-</strong></span> 
     </span>
     <span class='ocr_line' id='line_1_37' title="bbox 663 3599 3571 3686; baseline 0.001 -20"><span class='ocrx_word' id='word_1_424' title='bbox 663 3601 928 3668; x_wconf 72' lang='lat' dir='ltr'><strong>scientia</strong></span> <span class='ocrx_word' id='word_1_425' title='bbox 952 3601 1437 3686; x_wconf 88' lang='lat' dir='ltr'><strong>syncretismum</strong></span> <span class='ocrx_word' id='word_1_426' title='bbox 1462 3623 1606 3665; x_wconf 86' lang='lat' dir='ltr'><strong>cum</strong></span> <span class='ocrx_word' id='word_1_427' title='bbox 1637 3601 1873 3665; x_wconf 89' lang='lat' dir='ltr'><strong>nostris</strong></span> <span class='ocrx_word' id='word_1_428' title='bbox 1896 3599 2176 3664; x_wconf 89' lang='lat' dir='ltr'><strong>ecclesiis</strong></span> <span class='ocrx_word' id='word_1_429' title='bbox 2200 3621 2317 3664; x_wconf 91' lang='lat' dir='ltr'><strong>nec</strong></span> <span class='ocrx_word' id='word_1_430' title='bbox 2340 3603 2660 3682; x_wconf 88' lang='lat' dir='ltr'><strong>appetere,</strong></span> <span class='ocrx_word' id='word_1_431' title='bbox 2686 3621 2801 3664; x_wconf 89' lang='lat' dir='ltr'><strong>nec</strong></span> <span class='ocrx_word' id='word_1_432' title='bbox 2832 3600 3079 3680; x_wconf 84' lang='lat' dir='ltr'><strong>offerre,</strong></span> <span class='ocrx_word' id='word_1_433' title='bbox 3104 3625 3223 3669; x_wconf 89' lang='lat' dir='ltr'><strong>nec</strong></span> <span class='ocrx_word' id='word_1_434' title='bbox 3252 3605 3571 3672; x_wconf 87' lang='lat' dir='ltr'><strong>admittere</strong></span> 
     </span>
     <span class='ocr_line' id='line_1_38' title="bbox 665 3688 3570 3779; baseline 0.001 -25"><span class='ocrx_word' id='word_1_435' title='bbox 665 3694 932 3774; x_wconf 83' lang='lat' dir='ltr'><strong>possunt</strong></span> <span class='ocrx_word' id='word_1_436' title='bbox 977 3694 1237 3775; x_wconf 89' lang='lat' dir='ltr'><strong>propter</strong></span> <span class='ocrx_word' id='word_1_437' title='bbox 1281 3712 1523 3769; x_wconf 75' lang='lat' dir='ltr'><strong>causaS,</strong></span> <span class='ocrx_word' id='word_1_438' title='bbox 1559 3713 1718 3774; x_wconf 88' lang='lat' dir='ltr'><strong>quas</strong></span> <span class='ocrx_word' id='word_1_439' title='bbox 1742 3689 1981 3774; x_wconf 87' lang='lat' dir='ltr'><strong>passim</strong></span> <span class='ocrx_word' id='word_1_440' title='bbox 2009 3689 2312 3773; x_wconf 86' lang='lat' dir='ltr'><strong>allegant.</strong></span> <span class='ocrx_word' id='word_1_441' title='bbox 2351 3689 2408 3753; x_wconf 89' lang='lat'><strong>1.</strong></span> <span class='ocrx_word' id='word_1_442' title='bbox 2440 3688 2609 3769; x_wconf 83' lang='lat' dir='ltr'><strong>Quia</strong></span> <span class='ocrx_word' id='word_1_443' title='bbox 2630 3693 2850 3754; x_wconf 88' lang='lat' dir='ltr'><strong>nostra</strong></span> <span class='ocrx_word' id='word_1_444' title='bbox 2874 3689 3163 3756; x_wconf 89' lang='lat' dir='ltr'><strong>doctrina</strong></span> <span class='ocrx_word' id='word_1_445' title='bbox 3185 3695 3570 3779; x_wconf 88' lang='lat' dir='ltr'><strong>quinquarti-</strong></span> 
     </span>
     <span class='ocr_line' id='line_1_39' title="bbox 664 3776 3569 3863; baseline 0 -19"><span class='ocrx_word' id='word_1_446' title='bbox 664 3779 913 3859; x_wconf 87' lang='lat' dir='ltr'><strong>culana,</strong></span> <span class='ocrx_word' id='word_1_447' title='bbox 983 3801 1097 3863; x_wconf 92' lang='lat' dir='ltr'><strong>per</strong></span> <span class='ocrx_word' id='word_1_448' title='bbox 1160 3778 1515 3843; x_wconf 87' lang='lat' dir='ltr'><strong>evidentem</strong></span> <span class='ocrx_word' id='word_1_449' title='bbox 1585 3780 1632 3845; x_wconf 71' lang='lat' dir='ltr'><strong>St</strong></span> <span class='ocrx_word' id='word_1_450' title='bbox 1693 3777 2113 3842; x_wconf 89' lang='lat' dir='ltr'><strong>necessariam</strong></span> <span class='ocrx_word' id='word_1_451' title='bbox 2182 3776 2703 3859; x_wconf 86' lang='lat' dir='ltr'><strong>consequentiam</strong></span> <span class='ocrx_word' id='word_1_452' title='bbox 2766 3800 2979 3842; x_wconf 91' lang='lat' dir='ltr'><strong>secum</strong></span> <span class='ocrx_word' id='word_1_453' title='bbox 3025 3780 3230 3845; x_wconf 88' lang='lat' dir='ltr'><strong>trahit</strong></span> <span class='ocrx_word' id='word_1_454' title='bbox 3274 3783 3569 3849; x_wconf 87' lang='lat' dir='ltr'><strong>horrenda</strong></span> 
     </span>
     <span class='ocr_line' id='line_1_40' title="bbox 665 3864 3567 3952; baseline 0.003 -26"><span class='ocrx_word' id='word_1_455' title='bbox 665 3865 1032 3944; x_wconf 75' lang='grc' dir='ltr'><em>βδελὺματα</em></span> <span class='ocrx_word' id='word_1_456' title='bbox 1078 3865 1500 3946; x_wconf 85' lang='lat' dir='ltr'><strong>Manichaica‚</strong></span> <span class='ocrx_word' id='word_1_457' title='bbox 1547 3865 1782 3946; x_wconf 85' lang='lat' dir='ltr'><strong>Stoica,</strong></span> <span class='ocrx_word' id='word_1_458' title='bbox 1809 3864 2147 3930; x_wconf 88' lang='lat' dir='ltr'><strong>Sociniana</strong></span> <span class='ocrx_word' id='word_1_459' title='bbox 2172 3887 2187 3942; x_wconf 82' lang='lat'>3</span> <span class='ocrx_word' id='word_1_460' title='bbox 2220 3887 2381 3947; x_wconf 89' lang='lat' dir='ltr'><strong>quae</strong></span> <span class='ocrx_word' id='word_1_461' title='bbox 2404 3887 2655 3930; x_wconf 91' lang='lat' dir='ltr'><strong>omnem</strong></span> <span class='ocrx_word' id='word_1_462' title='bbox 2679 3866 2929 3950; x_wconf 83' lang='lat' dir='ltr'><strong>praxim</strong></span> <span class='ocrx_word' id='word_1_463' title='bbox 2953 3867 3214 3952; x_wconf 87' lang='lat' dir='ltr'><strong>pietatis</strong></span> <span class='ocrx_word' id='word_1_464' title='bbox 3238 3871 3285 3936; x_wconf 65' lang='grc' dir='ltr'>ἃ</span> <span class='ocrx_word' id='word_1_465' title='bbox 3306 3873 3567 3938; x_wconf 88' lang='lat' dir='ltr'><strong>consola·</strong></span> 
     </span>
     <span class='ocr_line' id='line_1_41' title="bbox 663 3953 3569 4041; baseline 0.002 -22"><span class='ocrx_word' id='word_1_466' title='bbox 663 3955 856 4020; x_wconf 89' lang='lat' dir='ltr'><strong>tionis</strong></span> <span class='ocrx_word' id='word_1_467' title='bbox 880 3956 1069 4040; x_wconf 88' lang='lat' dir='ltr'><strong>plane</strong></span> <span class='ocrx_word' id='word_1_468' title='bbox 1093 3956 1486 4021; x_wconf 84' lang='lat' dir='ltr'><strong>subvertant.</strong></span> <span class='ocrx_word' id='word_1_469' title='bbox 1511 3955 1768 4040; x_wconf 71' lang='lat' dir='ltr'><strong>Apoloq.</strong></span> <span class='ocrx_word' id='word_1_470' title='bbox 1795 3957 1867 4020; x_wconf 80' lang='lat' dir='ltr'><strong>in</strong></span> <span class='ocrx_word' id='word_1_471' title='bbox 1884 3955 2088 4038; x_wconf 79' lang='lat' dir='ltr'><strong>praef.</strong></span> <span class='ocrx_word' id='word_1_472' title='bbox 2118 3953 2180 4019; x_wconf 70' lang='lat' dir='ltr'><strong>a</strong></span> <span class='ocrx_word' id='word_1_473' title='bbox 2208 3973 2341 4037; x_wconf 83' lang='lat' dir='ltr'><strong>cap.</strong></span> <span class='ocrx_word' id='word_1_474' title='bbox 2370 3953 2431 4018; x_wconf 84' lang='lat'><strong>6.</strong></span> <span class='ocrx_word' id='word_1_475' title='bbox 2458 3953 2546 4018; x_wconf 85' lang='lat' dir='ltr'><strong>Et</strong></span> <span class='ocrx_word' id='word_1_476' title='bbox 2586 3955 2777 4020; x_wconf 80' lang='lat' dir='ltr'><strong>Vedel.</strong></span> <span class='ocrx_word' id='word_1_477' title='bbox 2804 3957 3037 4040; x_wconf 79' lang='lat' dir='ltr'><strong>Rhaps.</strong></span> <span class='ocrx_word' id='word_1_478' title='bbox 3058 3978 3127 4041; x_wconf 81' lang='lat' dir='ltr'><strong>p.</strong></span> <span class='ocrx_word' id='word_1_479' title='bbox 3156 3959 3305 4025; x_wconf 86' lang='lat'><strong>202.</strong></span> <span class='ocrx_word' id='word_1_480' title='bbox 3326 3963 3393 4026; x_wconf 82' lang='lat'><strong>2.</strong></span> <span class='ocrx_word' id='word_1_481' title='bbox 3423 3961 3569 4041; x_wconf 76' lang='lat' dir='ltr'><strong>Quia</strong></span> 
     </span>
     <span class='ocr_line' id='line_1_42' title="bbox 664 4043 3569 4136; baseline 0.002 -28"><span class='ocrx_word' id='word_1_482' title='bbox 664 4044 966 4128; x_wconf 83' lang='lat' dir='ltr'><strong>dogmata</strong></span> <span class='ocrx_word' id='word_1_483' title='bbox 1014 4067 1208 4129; x_wconf 86' lang='lat' dir='ltr'><strong>quam</strong></span> <span class='ocrx_word' id='word_1_484' title='bbox 1254 4045 1531 4127; x_wconf 89' lang='lat' dir='ltr'><strong>plurima</strong></span> <span class='ocrx_word' id='word_1_485' title='bbox 1561 4043 1717 4108; x_wconf 91' lang='lat' dir='ltr'><strong>facit</strong></span> <span class='ocrx_word' id='word_1_486' title='bbox 1753 4043 2129 4121; x_wconf 87' lang='lat' dir='ltr'><strong>necessaria,</strong></span> <span class='ocrx_word' id='word_1_487' title='bbox 2162 4064 2325 4126; x_wconf 87' lang='lat' dir='ltr'><strong>quae</strong></span> <span class='ocrx_word' id='word_1_488' title='bbox 2356 4064 2483 4108; x_wconf 91' lang='lat' dir='ltr'><strong>non</strong></span> <span class='ocrx_word' id='word_1_489' title='bbox 2506 4047 2657 4108; x_wconf 88' lang='lat' dir='ltr'><strong>sunt</strong></span> <span class='ocrx_word' id='word_1_490' title='bbox 2680 4045 3053 4110; x_wconf 83' lang='lat' dir='ltr'><strong>necessaria.</strong></span> <span class='ocrx_word' id='word_1_491' title='bbox 3096 4047 3320 4114; x_wconf 77' lang='lat' dir='ltr'><strong>Vedelii</strong></span> <span class='ocrx_word' id='word_1_492' title='bbox 3341 4051 3569 4136; x_wconf 72' lang='lat' dir='ltr'><strong>Rhaps-</strong></span> 
     </span>
     <span class='ocr_line' id='line_1_43' title="bbox 665 4131 3556 4221; baseline 0.001 -24"><span class='ocrx_word' id='word_1_493' title='bbox 665 4132 772 4198; x_wconf 80' lang='lat' dir='ltr'><strong>odi</strong></span> <span class='ocrx_word' id='word_1_494' title='bbox 811 4152 879 4216; x_wconf 81' lang='lat' dir='ltr'><strong>p.</strong></span> <span class='ocrx_word' id='word_1_495' title='bbox 929 4133 1076 4197; x_wconf 88' lang='lat'><strong>121.</strong></span> <span class='ocrx_word' id='word_1_496' title='bbox 1133 4134 1193 4197; x_wconf 90' lang='lat'><strong>3.</strong></span> <span class='ocrx_word' id='word_1_497' title='bbox 1247 4133 1414 4214; x_wconf 74' lang='lat' dir='ltr'><strong>Quia</strong></span> <span class='ocrx_word' id='word_1_498' title='bbox 1461 4133 1967 4216; x_wconf 88' lang='lat' dir='ltr'><strong>persecutionem</strong></span> <span class='ocrx_word' id='word_1_499' title='bbox 2021 4131 2236 4196; x_wconf 86' lang='lat' dir='ltr'><strong>docet:</strong></span> <span class='ocrx_word' id='word_1_500' title='bbox 2272 4132 2609 4196; x_wconf 87' lang='lat' dir='ltr'><strong>statuendo</strong></span> <span class='ocrx_word' id='word_1_501' title='bbox 2634 4154 2720 4208; x_wconf 84' lang='lat' dir='ltr'><strong>sc.</strong></span> <span class='ocrx_word' id='word_1_502' title='bbox 2748 4136 2787 4198; x_wconf 76' lang='lat' dir='ltr'><strong>a</strong></span> <span class='ocrx_word' id='word_1_503' title='bbox 2814 4131 3202 4220; x_wconf 84' lang='lat' dir='ltr'><strong>Magistratu</strong></span> <span class='ocrx_word' id='word_1_504' title='bbox 3229 4160 3414 4221; x_wconf 84' lang='lat' dir='ltr'><strong>posse</strong></span> <span class='ocrx_word' id='word_1_505' title='bbox 3435 4161 3556 4204; x_wconf 88' lang='lat' dir='ltr'><strong>con·</strong></span> 
     </span>
     <span class='ocr_line' id='line_1_44' title="bbox 669 4217 3572 4309; baseline 0.002 -24"><span class='ocrx_word' id='word_1_506' title='bbox 669 4221 986 4285; x_wconf 88' lang='lat' dir='ltr'><strong>venticula</strong></span> <span class='ocrx_word' id='word_1_507' title='bbox 1016 4225 1330 4286; x_wconf 89' lang='lat' dir='ltr'><strong>sectarum</strong></span> <span class='ocrx_word' id='word_1_508' title='bbox 1362 4221 1720 4304; x_wconf 84' lang='lat' dir='ltr'><strong>prohiberi:</strong></span> <span class='ocrx_word' id='word_1_509' title='bbox 1756 4220 2108 4285; x_wconf 88' lang='lat' dir='ltr'><strong>haereticos</strong></span> <span class='ocrx_word' id='word_1_510' title='bbox 2140 4220 2274 4284; x_wconf 90' lang='lat' dir='ltr'><strong>sive</strong></span> <span class='ocrx_word' id='word_1_511' title='bbox 2297 4217 2665 4286; x_wconf 86' lang='lat' dir='ltr'><strong>Socinianos</strong></span> <span class='ocrx_word' id='word_1_512' title='bbox 2696 4221 2829 4287; x_wconf 90' lang='lat' dir='ltr'><strong>sive</strong></span> <span class='ocrx_word' id='word_1_513' title='bbox 2854 4222 3014 4287; x_wconf 87' lang='lat' dir='ltr'><strong>alios</strong></span> <span class='ocrx_word' id='word_1_514' title='bbox 3039 4223 3379 4309; x_wconf 88' lang='lat' dir='ltr'><strong>(siquidem</strong></span> <span class='ocrx_word' id='word_1_515' title='bbox 3402 4228 3572 4293; x_wconf 84' lang='lat' dir='ltr'><strong>aliter</strong></span> 
     </span>
     <span class='ocr_line' id='line_1_45' title="bbox 666 4307 3569 4400; baseline 0.003 -27"><span class='ocrx_word' id='word_1_516' title='bbox 666 4313 707 4373; x_wconf 75' lang='lat' dir='ltr'><strong>a</strong></span> <span class='ocrx_word' id='word_1_517' title='bbox 727 4309 1058 4374; x_wconf 89' lang='lat' dir='ltr'><strong>conatibus</strong></span> <span class='ocrx_word' id='word_1_518' title='bbox 1083 4309 1215 4374; x_wconf 89' lang='lat' dir='ltr'><strong>suis</strong></span> <span class='ocrx_word' id='word_1_519' title='bbox 1239 4309 1284 4372; x_wconf 72' lang='grc' dir='ltr'><strong>δι</strong></span> <span class='ocrx_word' id='word_1_520' title='bbox 1309 4312 1646 4393; x_wconf 74' lang='lat' dir='ltr'><strong>praetensa</strong></span> <span class='ocrx_word' id='word_1_521' title='bbox 1669 4309 1965 4374; x_wconf 89' lang='lat' dir='ltr'><strong>libertate</strong></span> <span class='ocrx_word' id='word_1_522' title='bbox 1998 4307 2282 4373; x_wconf 83' lang='lat' dir='ltr'><strong>exercitii</strong></span> <span class='ocrx_word' id='word_1_523' title='bbox 2307 4309 2609 4374; x_wconf 87' lang='lat' dir='ltr'><strong>desistere</strong></span> <span class='ocrx_word' id='word_1_524' title='bbox 2632 4310 2865 4394; x_wconf 90' lang='lat' dir='ltr'><strong>nolint)</strong></span> <span class='ocrx_word' id='word_1_525' title='bbox 2890 4312 3146 4377; x_wconf 90' lang='lat' dir='ltr'><strong>mulctis</strong></span> <span class='ocrx_word' id='word_1_526' title='bbox 3172 4317 3448 4381; x_wconf 83' lang='lat' dir='ltr'><strong>externis</strong></span> <span class='ocrx_word' id='word_1_527' title='bbox 3470 4339 3569 4400; x_wconf 89' lang='lat' dir='ltr'><strong>pe-</strong></span> 
     </span>
     <span class='ocr_line' id='line_1_46' title="bbox 666 4397 3569 4488; baseline 0.001 -24"><span class='ocrx_word' id='word_1_528' title='bbox 666 4397 989 4478; x_wconf 87' lang='lat' dir='ltr'><strong>cuniariis,</strong></span> <span class='ocrx_word' id='word_1_529' title='bbox 1037 4397 1194 4463; x_wconf 89' lang='lat' dir='ltr'><strong>item</strong></span> <span class='ocrx_word' id='word_1_530' title='bbox 1240 4397 1469 4476; x_wconf 80' lang='lat' dir='ltr'><strong>exiliis,</strong></span> <span class='ocrx_word' id='word_1_531' title='bbox 1518 4398 1977 4481; x_wconf 90' lang='lat' dir='ltr'><strong>deportatione,</strong></span> <span class='ocrx_word' id='word_1_532' title='bbox 2024 4397 2521 4464; x_wconf 86' lang='lat' dir='ltr'><strong>incarceratione</strong></span> <span class='ocrx_word' id='word_1_533' title='bbox 2568 4421 2751 4482; x_wconf 90' lang='lat' dir='ltr'><strong>posse</strong></span> <span class='ocrx_word' id='word_1_534' title='bbox 2776 4399 3077 4465; x_wconf 58' lang='lat' dir='ltr'><strong>cofirceri:</strong></span> <span class='ocrx_word' id='word_1_535' title='bbox 3114 4401 3413 4484; x_wconf 89' lang='lat' dir='ltr'><strong>breviter,</strong></span> <span class='ocrx_word' id='word_1_536' title='bbox 3437 4405 3569 4488; x_wconf 82' lang='lat' dir='ltr'><strong>quia</strong></span> 
     </span>
    </p>
   </div>
   <div class='ocr_carea' id='block_1_3' title="bbox 3430 4493 3571 4558">
    <p class='ocr_par' dir='ltr' id='par_1_4' title="bbox 3430 4493 3571 4558">
     <span class='ocr_line' id='line_1_47' title="bbox 3430 4493 3571 4558; baseline -0.021 0"><span class='ocrx_word' id='word_1_537' title='bbox 3430 4493 3571 4558; x_wconf 82' lang='lat' dir='ltr'><strong>talia</strong></span> 
     </span>
    </p>
   </div>
  </div>
 </body>
</html>
