3694 4871
544 325 2219 397 Doenar1snnSS.Ta1n1trA'1-a.PAns
2268 352 2621 395 ALTERA.
2925 333 3049 397 113

147 514 288 577 talia
327 535 478 599 erga
503 512 1030 595 Remonstrantes
1056 514 1306 578 decreto
1338 512 1580 578 Illustr.
1607 512 1798 578 Ordd.
1827 510 2237 580 Generalium
2262 538 2363 580 an.
2396 516 2585 581 1619.
2613 520 2856 581 statuta
2880 522 3051 595 sunt,

149 606 188 669 ἃ
229 608 372 667 tunc
417 604 492 667 ad
530 603 826 686 deinceps
851 603 1210 667 executioni
1241 602 1562 682 mandata,
1587 626 1704 667 nec
1729 603 2051 667 Ecclesiae
2076 609 2190 669 aut
2212 604 2681 669 concionatores
2704 605 2823 669 hoc
2844 605 3050 671 dissu-

145 692 396 767 aserint3
447 692 821 775 Anonymus
845 690 1104 775 quidam
1131 692 1311 776 [pag.
1339 692 1501 776 517]
1527 692 1592 755 in
1620 691 1837 756 libello
1864 692 1965 756 cui
1996 694 2223 756 titulus
2249 693 2525 777 Sponqia
2552 695 2807 759 Erasini
2829 694 3046 759 adver-

143 800 240 845 sus
281 781 590 863 quendam
617 780 982 843 ministrum
1015 778 1640 859 Roterodamensem,
1667 784 1913 844 exserte
1947 784 1991 847 δι
2020 782 2237 845 multis
2262 782 2616 845 rationibus
2650 783 2918 866 probare
2944 804 3048 847 co·

143 874 314 933 natur
349 868 706 933 Ecclesiam
754 868 1166 933 reformatam
1192 869 1258 932 in
1285 869 1515 953 Belgio
1541 869 1718 932 nullo
1747 870 1930 933 modo
1956 892 2091 933 esse
2122 870 2477 933 Ecclesiam
2504 869 2648 949 Dei,
2676 871 2845 953 quod
2869 872 3050 936 doce-

143 962 228 1021 ret
267 956 768 1040 prohibitionem
815 961 1241 1022 conventuum
1289 956 1905 1035 Remonstrantium,
1954 963 2066 1022 aut
2112 959 2342 1023 saltem
2382 960 2858 1059 receptaculum
2885 965 3054 1024 esset

143 1047 427 1129 ejusmodi
477 1044 1002 1131 Magistratuum,
1049 1046 1160 1129 qui
1207 1046 1531 1129 praedicta
1579 1046 1830 1109 decreta
1886 1046 2145 1123 ferrent,
2187 1048 2233 1112 &
2264 1046 2621 1111 executioni
2656 1047 3049 1111 mandarent.

143 1134 352 1199 Confer
373 1137 614 1218 apoloq.
641 1156 692 1199 c.
721 1134 821 1197 24.
851 1136 958 1219 fol.
988 1136 1136 1197 273.
1165 1138 1242 1201 δι
1232 1136 1498 1219 praefat.
1525 1135 1571 1199 e
1607 1135 1786 1218 Hesp.
1811 1136 1898 1199 ad
1926 1136 2097 1219 l’rof.
2130 1136 2295 1199 leid.
2318 1157 2384 1219 p.
2416 1137 2519 1198 53.
2547 1132 2617 1199 In
2650 1135 2869 1199 libello
2906 1135 3052 1199 Bel-

143 1224 266 1307 gieo
309 1224 410 1287 cui
445 1224 546 1287 tit.
573 1226 677 1290 hm
703 1223 938 1308 Rcdjim
961 1223 1271 1309 Brmnnstt.
1297 1222 1650 1311 OEljtulnguui
1671 1245 1735 1307 p.
1766 1224 1915 1287 847.
1943 1224 2161 1287 dicunt
2184 1224 2339 1287 duas
2372 1224 2518 1288 illas
2558 1224 2888 1307 opiniones
2928 1247 3051 1288 no-

143 1316 286 1375 stras
332 1313 408 1375 de
448 1311 874 1375 decisionibus
917 1312 1268 1376 necessario
1300 1313 1773 1388 credendorum,
1812 1315 1857 1377 δι
1883 1312 1958 1375 de
1982 1311 2413 1397 prohibitione
2439 1312 2785 1377 haereseon
2814 1336 2887 1377 ac
2910 1336 3052 1377 coe-

141 1404 303 1464 tuum
339 1401 771 1485 cujuscunque
811 1399 1166 1475 haereseOS,
1193 1423 1329 1464 esse
1353 1402 1476 1464 duo
1504 1400 1881 1483 principalia
1912 1400 2117 1463 fulcra
2148 1400 2443 1484 Papatus.
2488 1403 2549 1464 4.
2582 1402 2746 1483 Quia
2778 1401 2927 1465 talis
2955 1406 3053 1465 est

143 1489 424 1567 doctrina,
473 1488 868 1571 speculativa
915 1488 1453 1567 Calvinianorum,
1486 1490 1648 1553 tales
1674 1490 1875 1553 nostri
1908 1488 2235 1567 Doctores,
2264 1512 2408 1554 cum
2434 1490 2691 1553 asseclis
2722 1489 2876 1568 suiS,
2902 1490 3052 1555 talis

143 1582 294 1641 secta
339 1575 1227 1652 Contra-Remonstrantinm,
1275 1581 1347 1640 ut
1371 1580 1494 1641 nec'
1519 1578 1941 1641 ecclesiastice
1968 1600 2081 1639 ne(-
2106 1578 2362 1661 politice
2388 1579 2715 1641 toleranda
2742 1578 3050 1642 videatur.

145 1666 302 1741 Quod
351 1666 705 1747 benignum
758 1664 1346 1729 ltemonstranticae
1395 1666 1680 1729 caritatis
1721 1666 2031 1747 judicium
2084 1668 2158 1729 de
2199 1666 2382 1729 nobis
2410 1667 2475 1729 in
2504 1667 2706 1730 lucem
2741 1667 3056 1749 protraxit

147 1754 216 1821 D.
273 1755 546 1819 Vedelins
595 1756 897 1819 Arcanor.
943 1765 1108 1838 part.
1161 1756 1220 1817 2.
1264 1755 1369 1821 lib.
1404 1756 1454 1817 l.
1482 1776 1530 1818 c.
1562 1755 1618 1818 7.
1648 1754 1706 1815 8.
1737 1756 1800 1818 9.
1827 1759 1872 1819 a
1899 1755 1967 1817 in
1992 1756 2231 1838 epistol.
2260 1756 2611 1819 Dedicalor.
2638 1755 2723 1818 ad
2748 1756 3050 1821 Arcanor.

144 1844 624 1909 Amninianismi
644 1854 910 1926 partem.
939 1843 1100 1906 4.Et
1125 1849 1306 1925 parte
1339 1844 1398 1903 3.
1425 1844 1528 1907 cib.
1557 1844 1618 1905 2.
1643 1864 1691 1907 e.
1715 1843 1774 1905 8.
1805 1841 1904 1905 lta
1923 1848 1993 1905 ut
2012 1844 2437 1926 peremptoria
2456 1843 2774 1907 conclusio
2792 1843 3051 1907 illorum

142 1932 418 1995 adversus
475 1954 590 1995 nos
637 1932 750 1995 sit:
799 1932 1031 1995 Anima
1063 1943 1282 1996 nostra
1307 1953 1438 1996 non
1461 1932 1665 1995 veniat
1693 1933 1760 1995 in
1790 1932 2124 1997 concilium.
2148 1953 2385 1995 eorum.
2422 1930 2507 1994 Et
2531 1932 2689 1995 haec
2712 1954 2835 2013 pax
2861 1936 3051 2013 atque

145 2020 274 2083 unio
315 2021 560 2084 scilicet
583 2020 1030 2099 ecclesiastica,
1055 2043 1250 2103 quam
1267 2020 1575 2083 moderati
1597 2020 1691 2083 illi
1709 2020 2001 2083 homines
2021 2024 2350 2102 tantopere
2370 2024 2663 2103 expetere
2682 2042 2748 2083 se
2775 2020 3046 2103 fingunt.

227 2110 422 2173 Tertia
447 2108 758 2191 quaestio.
787 2108 888 2171 An
916 2108 1438 2172 Remonstrantes
1464 2109 1628 2171 serio
1653 2110 1924 2171 offerant
1951 2112 2063 2171 aut
2089 2131 2164 2171 ex
2190 2107 2654 2191 hypothesibus
2672 2108 2803 2171 suis
2821 2108 3048 2172 offerre

143 2196 184 2261 ἃ
231 2198 567 2261 admittere
613 2197 861 2279 possint
908 2198 1393 2280 syncretismum
1443 2220 1586 2261 cum
1640 2197 1933 2259 omnibus
1978 2197 2361 2260 Christianis
2388 2196 2907 2279 professionibu8‚
2936 2209 3049 2259 aut

147 2286 420 2349 unionem
470 2285 726 2349 dissecti
780 2286 1269 2351 Christianismi.
1322 2287 1502 2370 Hesp.
1563 2287 1705 2369 Ncq.
1759 2297 1883 2349 mr.
1926 2284 2082 2349 Cum
2116 2286 2267 2349 solis
2293 2284 2645 2349 Socinianis
2674 2289 2971 2367 possuut3
2998 2287 3043 2351 δι

143 2373 284 2440 forte
305 2398 454 2440 cum
477 2372 822 2439 nonnullis.
839 2374 1284 2458 Anabaptistis
1303 2376 1442 2460 (qui
1458 2396 1622 2439 nunc
1641 2374 1910 2438 audiunt
1927 2372 2593 2440 Senii-Enthusiastae
2612 2376 2657 2438 δι
2676 2372 3047 2456 Sociniani).

143 2461 364 2530 Saltem
412 2486 560 2528 cum
607 2463 958 2528 Pontificiis
1003 2487 1130 2528 non
1175 2468 1441 2547 possunt
1491 2476 1626 2528 lum
1653 2467 1912 2546 propter
1939 2463 2385 2540 idololatriam,
2414 2475 2547 2526 lum
2573 2462 2725 2544 quia
2750 2463 3051 2546 dogmata

143 2552 362 2618 faciunt
385 2551 765 2630 necessaria,
800 2554 845 2617 8⁶
871 2553 1372 2634 persecutionem
1397 2554 1644 2616 (locent.
1693 2551 1785 2616 Ut
1815 2575 1930 2615 nec
1954 2575 2096 2614 cum
2129 2551 2529 2615 LutheraniS.
2558 2549 2654 2614 De
2689 2550 3051 2614 reformatis

135 2640 250 2720 jam
302 2643 548 2705 dictum
595 2645 711 2703 est.
760 2638 922 2704 Sunt
955 2661 1110 2724 ergo
1135 2641 1294 2704 talia
1317 2641 1511 2723 paciS,
1537 2640 2009 2715 moderationis,
2046 2663 2115 2702 ac
2140 2638 2517 2703 tolerantiae
2545 2643 2880 2722 praetensa
2903 2661 3051 2702 con·

141 2728 266 2792 silia
289 2731 574 2813 ipsorum
599 2727 763 2792 nihil
788 2729 982 2805 aliud,
1009 2750 1200 2811 quam
1225 2751 1436 2792 merae
1461 2729 1954 2813 logodaedaliac,
1982 2733 2025 2794 δι
2050 2728 2531 2812 ‹·hrestologiae,
2550 2727 2783 2810 quibus
2802 2727 3048 2810 impru-

140 2817 436 2882 dentiores
468 2817 991 2882 circumveniunt.
1031 2816 1212 2882 Nihil
1237 2818 1476 2881 habent
1499 2819 1664 2901 quod
1690 2817 2043 2898 excipiant:
2075 2817 2194 2880 nisi
2220 2816 2410 2894 forte,
2436 2839 2503 2879 se
2521 2816 3042 2893 moderationem,

141 2906 528 2970 tolerantiam
581 2909 626 2972 δι
671 2906 1155 2989 syncretismum
1205 2907 1386 2969 illum
1433 2907 1521 2970 sic
1568 2906 1952 2988 intelligere,
1988 2909 2059 2968 ut
2096 2903 2448 2969 Reformati
2474 2904 2826 2968 doctrinam
2860 2927 3043 2968 suam

141 2993 462 3080 abnegent,
504 2999 618 3058 aut
665 2997 958 3077 premant
1005 2994 1366 3095 (speciatim
1409 2994 2101 3094 quiuquarticulanam)
2157 2995 2203 3058 δι
2240 2993 2374 3056 sola
2406 2992 2998 3057 Remonstrantica
2981 3016 3047 3056 ιιι

143 3081 421 3148 Ευείθείἰε
477 3083 672 3146 unitis
719 3087 998 3162 resonet;
1045 3082 1304 3166 insuper
1351 3083 1417 3146 in
1461 3084 1605 3146 fidei
1652 3105 1801 3145 nec(
1806 3081 2043 3160 ssariis,
2070 3087 2115 3148 δι
2142 3081 2201 3146 h
2190 3082 2510 3146 ieresibus
2542 3081 2935 3161 definiendis,
2971 3085 3043 3145 ut

141 3172 312 3236 etiam
359 3173 426 3236 in
475 3171 782 3236 Doctrina
835 3171 911 3234 de
959 3175 1276 3254 potestate
1328 3170 1748 3252 Magistratus
1775 3171 2153 3235 extendente
2178 3194 2245 3234 se
2272 3170 2468 3235 etiam
2502 3170 2580 3232 ad
2604 3169 3043 3234 conventicula

143 3265 438 3326 sectarum
487 3259 1048 3344 privato-publiea,
1075 3262 1122 3324 δι
1146 3261 1221 3323 de
1247 3264 1509 3324 externa
1541 3261 1867 3323 moderata
1891 3281 1963 3323 ac
1988 3282 2064 3322 ιιι
2068 3258 2342 3323 cessaria
2366 3257 2741 3322 coercitione
2765 3258 3045 3321 haereti-

143 3369 336 3414 corum
385 3349 824 3413 seducentium
870 3349 917 3414 ἃ
961 3348 1380 3426 turbantium,
1429 3349 1812 3412 sententiam
1862 3371 2042 3411 suani
2092 3352 2419 3424 revocent;
2446 3369 2637 3430 quam
2665 3351 2878 3409 tamen
2903 3367 3041 3410 cum

145 3439 416 3502 universo
463 3437 954 3501 christianismo
1001 3439 1046 3502 &
1071 3437 1334 3520 antiquo
1358 3438 1404 3500 &
1429 3437 1752 3514 hodierno,
1783 3443 1853 3498 ut
1877 3438 2071 3499 etiam
2097 3458 2235 3500 cum
2266 3437 2421 3519 ipsis
2448 3433 3045 3499 Remonsti··‹mtil)us

141 3529 347 3610 (usque
373 3527 454 3590 ad
478 3547 720 3590 annum
751 3525 884 3588 scil.
926 3525 1092 3588 1618
1099 3525 1142 3607 .)
1169 3526 1408 3588 habent
1432 3547 1851 3588 communem.
1885 3525 1993 3608 διε]
2007 3526 2213 3588 uidem
2241 3525 2330 3588 ita
2356 3522 2695 3606 excipiant,
2708 3523 2843 3604 jam
2860 3545 3047 3586 nemo

142 3621 226 3678 est
273 3621 376 3698 qui
423 3637 548 3678 non
597 3614 810 3677 videat
855 3635 1046 3695 quam
1091 3614 1378 3676 illusoria
1426 3614 1511 3678 sit
1534 3614 1648 3676 illa
1670 3615 1889 3676 model
1892 3613 2041 3690 atio
2074 3636 2215 3695 pax,
2242 3614 2504 3676 libertas
2530 3611 2969 3695 prophetandi,
2998 3613 3045 3676 δι

143 3703 460 3768 tolerantia
485 3703 676 3766 aliter
699 3703 873 3786 [pag.
901 3701 1062 3786 518]
1087 3703 1534 3767 sentientium:
1561 3702 1797 3786 quippe
1823 3723 1984 3783 qua(
2018 3703 2236 3765 eodem
2261 3723 2447 3764 seusu
2476 3699 2858 3777 Gentilibus,
2880 3697 3045 3762 Tur-

143 3789 240 3868 cis,
261 3791 522 3857 ludaeis
553 3790 770 3854 offerri
793 3795 1034 3874 posset,
1055 3791 1109 3855 si
1135 3815 1220 3857 sc.
1245 3791 1630 3854 sententiam
1662 3813 1840 3854 suam
1870 3795 2139 3854 mutent.

221 3877 286 3947 5.
341 3881 588 3963 Quarta
635 3879 944 3962 quaestio·
991 3883 1092 3942 An
1141 3878 1184 3942 J
1187 3902 1489 3944 uriscons
1519 3879 1921 3944 Christianus
1948 3883 2093 3943 utut
2119 3875 2717 3942 Remonstrantibus
2744 3877 3043 3940 accedens

145 3965 200 4030 in
236 3968 884 4054 quinquarticulanis:
937 3967 1312 4052 religionem
1361 3990 1542 4032 suam
1573 3991 1865 4032 exercere
1892 3990 1963 4032 ac
1989 3967 2269 4051 profiteri
2300 3966 2538 4049 possit
2522 3988 2585 4028 ιιι
2616 3968 2797 4028 coetu
2826 3964 3041 4046 aliquo

151 4051 700 4134 Remonstrantico,
725 4055 852 4119 nisi
877 4054 1157 4120 Societas
1182 4057 1262 4120 ab
1287 4057 1604 4121 erroribus
1633 4056 1939 4121 I'hontini
1964 4079 2029 4119 se
2057 4055 2231 4138 prins
2256 4054 2649 4140 purgaverit.
2682 4055 2857 4136 Resp-
2892 4054 3038 4138 N.e²9

141 4143 433 4233 siquidem
483 4144 836 4210 Justiniani
885 4145 1160 4209 codicem
1203 4151 1522 4228 sequatur.
1571 4144 1669 4208 Ibi
1696 4146 1868 4208 enim
1900 4145 2193 4207 haereses
2223 4144 2499 4222 l’hotiui,
2530 4143 2715 4206 Pauli
2741 4141 3039 4206 Samosa-

141 4222 282 4310 teni,
321 4257 480 4318 quas
525 4233 768 4298 scilicet
796 4255 1138 4296 consensus
1161 4233 1460 4298 ecclesiae
1484 4234 1955 4309 condemnarat,
1982 4233 2171 4316 plane
2196 4233 2694 4332 proscribuntur.
2744 4229 3046 4305 Quaestio

151 4321 386 4403 Quinta,
445 4324 548 4386 An
596 4322 920 4386 auditores
962 4319 1479 4386 Remonstrantes
1525 4321 1980 4386 conventiculis
2008 4319 2577 4385 Remonstranticis
2603 4320 2909 4383 absistere
2935 4319 3044 4382 ‹le-

151 4405 340 4492 beant,
384 4411 582 4475 etiam
629 4433 707 4474 ex
761 4409 903 4486 fide,
951 4411 1332 4474 conscientia
1385 4414 1432 4476 δι
1470 4410 1834 4474 definitione
1860 4409 2122 4494 genuini
2149 4411 2195 4475 8ι
2222 4409 2411 4494 primi
2438 4407 2719 4488 Renum-i,
2746 4429 2938 4561 quam
2965 4429 3041 4508 ex

1565 4506 1602 4564 8
2888 4506 3046 4560 roho
