3694 4871
621 302 746 367 170
881 301 1122 369 str.
1168 297 1306 367 VI.
1355 298 2219 367 DnPnorAeArtons
2270 298 3281 367 ΡιιοοιτιΟιιιιιιιιιιιι-ι.

614 491 872 574 peccato
916 486 1238 571 originali,
1285 486 1440 571 quia
1486 509 1565 551 ex
1588 486 1837 573 virgine
1861 509 1976 571 per
2006 486 2396 571 optationem
2420 486 2685 572 spiritus
2708 488 2915 551 sancti
2937 488 3194 573 genitus
3218 489 3324 567 sit,
3348 490 3395 554 δι
3420 512 3543 555 ιιοιι

613 577 958 643 secundum
983 575 1367 641 ordinariam
1395 576 1605 661 legem
1629 575 1904 641 carnalis
1934 575 2385 661 generationis.
2412 573 2536 640 Sed
2559 575 2717 640 haec
2748 576 2914 641 ratio
2938 598 3062 641 non
3088 577 3339 642 videtur
3354 578 3543 643 adae-

615 669 830 749 quata,
883 686 1000 729 nec
1046 664 1126 729 ad
1172 664 1445 748 primam
1479 664 1758 731 radicem
1794 664 1985 748 hujus
2016 663 2464 744 immunitatis,
2482 664 2588 748 jus
2618 664 2831 749 ipsum
2860 665 2997 731 scil.
3045 687 3412 751 assurgere.
3438 668 3543 731 sed

614 758 866 818 tantum
911 752 1123 837 ipsum
1171 752 1471 817 effectum
1522 774 1636 819 seu
1689 756 1989 818 eventum
2034 756 2146 817 aut
2180 752 2262 817 ad
2284 774 2627 830 summum,
2660 752 2917 835 aliquod
2942 753 3077 818 sive
3108 754 3389 819 medium
3414 755 3541 819 sive

613 841 1040 907 conditionem
1071 840 1548 906 subordinatam
1595 840 1933 925 explicare.
1980 838 2152 905 Nam
2206 841 2260 905 si
2308 841 2451 925 quis
2482 841 2813 905 nobiscum
2858 863 2985 906 non
3008 846 3278 927 negaret
3300 847 3539 907 exserte

615 928 944 995 Christum
989 928 1188 994 fuisse
1239 929 1308 994 in
1354 928 1622 1009 Adamo,
1655 936 1701 992 δι
1723 928 1915 1013 primi
1942 950 2015 993 ac
2040 928 2391 995 communis
2414 928 2709 1010 foederis,
2736 930 2999 1013 ejusque
3021 931 3540 1016 transgressionis

615 1018 996 1103 participem
1020 1017 1240 1097 fuisse,
1265 1019 1578 1101 quomodo
1603 1018 1839 1102 poterit
1862 1018 2029 1082 tueri
2052 1019 2188 1102 ejus
2220 1018 2742 1083 immunitatem
2718 1041 2757 1082 a
2779 1022 2963 1082 reatu
2986 1020 3033 1085 St
3056 1025 3337 1103 peccato,
3370 1042 3535 1084 eam·

614 1128 737 1191 que
784 1128 927 1171 cnm
966 1106 1222 1191 justitia
1267 1107 1314 1172 δε
1361 1107 1630 1171 veritate
1662 1106 1878 1171 divina
1901 1106 2258 1173 conciliare.
2305 1104 2587 1171 Rursum
2612 1128 2775 1191 pone
2798 1105 3009 1171 Deum
3040 1108 3241 1173 alium
3268 1108 3537 1193 aliquem

614 1194 936 1261 hominem
985 1199 1166 1260 extra
1213 1216 1608 1261 communem
1643 1197 1689 1261 a
1720 1194 2107 1259 ordinariam
2131 1195 2561 1281 generationis
2584 1194 2795 1279 legem
2818 1196 3166 1279 producere
3190 1198 3383 1281 (qnod
3406 1197 3535 1261 fieri

614 1306 802 1369 posse
826 1306 951 1349 non
982 1282 1297 1368 implicat)
1347 1305 1474 1368 qua
1500 1284 1746 1349 ratione
1771 1306 1917 1348 eum
1940 1284 2291 1348 immunem
2324 1284 2727 1368 praestabis
2706 1306 2744 1347 a
2765 1305 2971 1368 poena
2994 1285 3241 1369 peccati
3264 1285 3536 1370 origina-

613 1371 712 1448 lis,
741 1372 867 1437 nisi
892 1373 1160 1457 probare
1186 1372 1391 1458 possis
1423 1394 1570 1437 eum
1601 1394 1728 1437 non
1747 1371 1991 1437 fuisse
1973 1394 2040 1435 ιιι
2068 1371 2315 1437 Adamo
2338 1372 2766 1451 foederaliter,
2792 1376 2988 1457 atque
3013 1373 3214 1437 adeo
3194 1395 3533 1438 immunem

615 1461 696 1525 ab
721 1460 835 1525 illo
856 1460 1108 1526 foedere
1141 1461 1400 1545 ejusque
1423 1460 1952 1545 transgressione.
2000 1459 2232 1525 Confer
2266 1462 2649 1527 Molinaeum
2687 1461 2759 1526 in
2785 1474 3079 1527 anatome
3106 1462 3535 1527 Arminianis-

615 1551 707 1615 mi
750 1570 884 1634 cap.
936 1550 1040 1614 10.
1087 1551 1143 1635 ἓ.
1197 1549 1299 1615 16.
1333 1551 1568 1615 axiam
1616 1550 1674 1614 1.
1705 1548 1806 1614 Ex
1827 1548 1953 1613 hac
1981 1553 2201 1614 nostra
2234 1550 2654 1634 explicatione
2678 1553 2837 1633 puto
2852 1550 2991 1634 jam
3015 1551 3261 1633 liquere
3286 1552 3437 1634 quid
3460 1550 3535 1615 sit

615 1637 1119 1722 respondendum
1158 1638 1238 1703 ad
1271 1638 1688 1723 objectionem
1737 1636 2013 1711 Corvini,
2058 1660 2185 1721 qua
2231 1642 2420 1723 urget
2446 1639 2854 1719 Molinaeum,
2878 1639 2988 1722 qui
3014 1639 3081 1703 in
3110 1640 3415 1705 Anatome
3438 1639 3539 1704 Ar·

617 1726 1015 1791 miniani-sini
1065 1748 1202 1812 cap.
1251 1726 1311 1793 7.
1360 1728 1416 1812 g.
1475 1727 1536 1791 6.
1591 1730 1987 1792 concesserat
2040 1727 2119 1813 (8⁶
2142 1728 2337 1812 recte)
2374 1726 2699 1795 Christum
2720 1728 2965 1813 fuisse'
2940 1748 3011 1792 m
3028 1728 3300 1807 Adamo,
3322 1729 3539 1815 quippe

619 1836 828 1881 unum
851 1814 926 1881 de
945 1816 1078 1899 ejus
1098 1816 1380 1899 posteris.
1429 1814 1722 1880 Breviter
1753 1816 1866 1900 qui
1911 1816 1976 1879 in
2004 1814 2252 1880 Adamo
2275 1813 2537 1881 fuerunt
2558 1818 2809 1881 tantum
2835 1815 3261 1900 originaliter,
3284 1778 3535 1881 ’natura-

615 1903 785 1979 liter,
833 1904 1246 1985 seminaliter,
1270 1904 1653 1985 radicaliter,
1681 1904 1805 1991 (uti
1829 1903 2123 1969 Christus
2127 1903 2172 1987 ,)
2198 1905 2245 1969 ἃ
2268 1926 2393 1969 ιιοιι
2426 1904 2621 1969 etiam
2644 1904 2994 1983 moraliter,
3041 1906 3087 1971 a
3120 1903 3535 1982 foederaliter,

619 1993 744 2077 (uti
789 1991 856 2056 in
902 2015 975 2057 eo
1027 1990 1290 2057 fuerunt
1321 2014 1539 2057 omnes
1587 1992 1698 2057 alii
1722 1992 2034 2070 homineS,
2062 1997 2317 2076 praeter
2340 1991 2693 2077 Christum)
2719 1993 2817 2057 illi
2839 2014 2967 2057 non
2994 1993 3387 2077 participant
3408 2016 3535 2058 rea-

617 2083 776 2155 tum,
811 2083 858 2148 8ι
900 2103 1172 2165 poenam
1216 2082 1440 2146 mortis
1471 2103 1546 2146 ac
1592 2081 2015 2183 corruptionis
2038 2081 2411 2165 spiritualis.
2458 2081 2640 2159 Quod
2662 2081 2775 2146 alii
2807 2081 2888 2146 ad
2908 2080 3103 2145 istam
3126 2081 3537 2167 objectionem

617 2170 998 2254 respondent
1043 2192 1157 2253 per
1203 2169 1672 2235 distinctionem
1721 2170 2019 2254 principii
2062 2170 2301 2254 passivi
2324 2192 2436 2235 seu
2460 2170 2811 2235 materialis
2834 2174 3109 2249 tantum,
3140 2172 3187 2236 ἃ
3210 2192 3339 2235 ιιοιι
3364 2171 3535 2235 effec-

618 2257 738 2323 tivi
785 2281 894 2323 seu
945 2258 1172 2335 activi3
1227 2258 1321 2322 ita
1366 2262 1438 2324 ut
1475 2261 1816 2341 utrumque
1865 2258 2062 2323 fuerit
2092 2257 2378 2324 Adamus
2417 2261 2707 2343 respectu
2732 2257 3017 2322 omnium
3046 2258 3324 2324 aliorum
3347 2258 3537 2323 homi-

619 2368 806 2424 num3
831 2346 1008 2430 prius
1033 2350 1288 2412 tantum
1317 2347 1364 2412 8⁵
1388 2368 1514 2411 non
1540 2346 1855 2431 posterius
1879 2350 2171 2431 respectu
2205 2345 2478 2412 Christi:
2511 2348 2575 2411 id
2607 2346 2768 2411 mihi
2794 2346 3244 2412 difficultatem
3272 2346 3404 2411 alia
3426 2345 3538 2411 dif-

617 2434 902 2501 ficultate
947 2434 1114 2501 forte
1145 2433 1516 2516 difficiliori)
1563 2435 1789 2501 tollere
1820 2437 2101 2502 videtur.
2158 2435 2257 2500 nti
2280 2437 2671 2520 aliquando
2653 2459 2721 2500 ιιι
2745 2437 2911 2522 disp.
2931 2437 3394 2520 proba-malicia
3441 2432 3537 2495 σὺν

618 2527 742 2600 θεῷ
780 2524 1204 2590 ostendemus.
1250 2524 1432 2602 Quod
1483 2524 1540 2588 si
1587 2523 1772 2590 nobis
1827 2526 1875 2590 ἃ
1921 2525 2065 2589 aliis
2110 2523 2477 2590 satisfacere
2508 2546 2635 2590 non
2658 2525 2996 2610 possimus,
3020 2525 3537 2610 acquiescendum
3658 2563 3660 2572 =

617 2613 831 2696 potius
879 2613 1000 2678 erit
1046 2613 1112 2677 in
1143 2613 1407 2679 consilio
1457 2612 1895 2692 Melanthonis,
1928 2614 2099 2699 quod
2142 2613 2285 2677 vide
2308 2626 2471 2698 part.
2501 2614 2561 2680 2.
2592 2614 2909 2679 consilior.
2930 2634 3000 2698 p.
3030 2614 3177 2678 127.
3202 2611 3323 2678 IV.
3344 2613 3535 2700 probl-

620 2699 945 2776 Quomodo
989 2702 1241 2767 animae
1292 2702 1612 2767 humanae
1661 2723 1824 2785 quae
1870 2702 1937 2766 in
1995 2700 2241 2766 Adamo
2279 2725 2405 2767 non
2430 2700 2712 2783 fuerunt,
2736 2723 2853 2766 nec
2876 2724 2955 2766 ex
2978 2724 3056 2767 eo
3076 2723 3193 2786 per
3220 2703 3537 2768 traducem

617 2789 3535 2955 {1‘21'22252213312‘1233223335522‘2.zssfflssztssffizssz‘ffissssffifflg‘ssffimssffiss.

617 2963 738 3030 Dei
786 2967 1124 3047 creatione,
1171 2989 1288 3032 uec
1331 2968 1397 3032 in
1429 2967 1678 3033 Adamo
1702 2968 1899 3033 fuerit
1923 2967 2137 3032 anima
2159 2967 2363 3052 ipsius
2387 2968 2556 3053 quod
2586 2968 2667 3033 ad
2689 2968 3003 3053 originem
3030 2968 3377 3044 essentiae3
3422 2967 3535 3032 fuit

617 3059 834 3119 tamen
858 3057 1031 3120 totus
1056 3055 1247 3120 homo
1270 3079 1384 3121 seu
1406 3056 1824 3142 compositum
1849 3056 2202 3121 humanum
2226 3060 2520 3122 constans
2537 3056 2753 3121 anima
2776 3059 2823 3123 8ι
2853 3078 3117 3140 corpore
3140 3057 3210 3121 in
3234 3019 3535 3122 Ada’mo&

618 3143 988 3208 moraliater
1003 3166 1114 3208 seu
1129 3145 1487 3228 reputative
1511 3145 1854 3228 tanquam‘
1834 3167 1903 3209 ιιι
1918 3145 2228 3230 principio
2251 3145 2459 3229 capite
2475 3147 2521 3211 a
2537 3145 2747 3210 radice
2762 3145 3089 3224 foederali,
3101 3146 3149 3212 ἃ
3165 3144 3535 3210 naturaliter

615 3235 924 3334 tanquam
971 3236 1036 3295 in
1083 3232 1293 3298 radice
1341 3234 1388 3300 s
1411 3233 1725 3318 principio
1747 3233 2018 3319 originis
2048 3256 2164 3318 per
2188 3234 2701 3319 generationem3
2727 3233 2855 3298 fuit
2878 3233 3116 3298 etiam
3096 3233 3306 3317 1psins
3332 3235 3531 3299 anima

615 3321 683 3388 in
729 3319 977 3386 Adamo
1001 3321 1172 3405 quod
1196 3322 1277 3386 ab
1301 3322 1616 3408 originem
1641 3321 2125 3387 subsistentiae:
2165 3321 2357 3387 homo
2382 3322 2555 3386 enim
2576 3321 2687 3386 ille
2712 3326 2921 3387 totum
2944 3321 3275 3387 hominem
3300 3321 3531 3409 genuit,

615 3411 662 3476 ἃ
685 3409 797 3474 ille
821 3431 1040 3474 rursus
1065 3409 1300 3489 alium3
1326 3413 1372 3477 a
1405 3410 1696 3495 quamvis
1721 3433 1846 3474 non
1874 3411 2056 3498 [pag.
2088 3410 2291 3496 1116]
2318 3410 2689 3494 produxerit
2712 3433 2859 3476 eum
2880 3410 3229 3476 secundum
3252 3412 3533 3476 substan·

611 3499 774 3565 tiam
825 3498 1097 3578 animae,
1145 3498 1368 3602 attigit
1411 3504 1627 3564 tamen
1661 3499 1963 3564 unionem
1985 3499 2261 3583 corporis
2291 3521 2436 3563 cum
2461 3499 2675 3564 anima
2700 3521 2738 3563 a
2760 3499 2898 3564 Deo
2921 3499 3271 3564 secundum
3294 3499 3529 3566 ordina-

614 3586 778 3652 riam
801 3587 1236 3673 generationis
1259 3589 1470 3674 legem
1495 3589 1838 3672 producta·
1888 3589 1953 3652 in
1987 3610 2113 3672 quo
2144 3588 2398 3689 proprie
2422 3590 2468 3654 a
2490 3587 2849 3652 formaliter
2871 3587 3165 3652 consistit
3188 3588 3529 3674 generatio.

613 3675 755 3740 Et'
737 3699 804 3740 ιιι
857 3674 978 3741 hac
1023 3676 1340 3741 sententia
1387 3678 1556 3762 quod
1609 3677 1690 3741 ad
1719 3699 2035 3742 summam
2084 3677 2179 3742 rei
2202 3676 2382 3740 video
2406 3676 2741 3742 convenire
2776 3677 3131 3744 Zanchium
3152 3677 3307 3742 lib.·
3278 3699 3416 3762 Jam
3442 3676 3529 3741 cit.

609 3786 675 3850 p.
733 3763 840 3828 63.
887 3764 1035 3829 edit.
1085 3765 1148 3828 in
1199 3769 1428 3849 quarto
1474 3767 1520 3831 a
1567 3767 1792 3832 Franc.
1823 3767 2088 3832 lunium
2116 3767 2187 3831 in
2216 3765 2381 3851 disp.
2406 3766 2485 3830 de
2504 3777 2745 3850 peccato
2774 3766 3089 3852 oriyinali,
3116 3765 3273 3831 thesi
3278 3701 3410 3830 ³14.
3438 3763 3526 3827 15.

623 3853 898 3920 Pareum
951 3854 1194 3919 inedies.
1241 3855 1328 3920 ad
1354 3856 1533 3921 Rom.
1565 3875 1702 3938 cap.
1739 3855 1798 3918 5.
1823 3876 1882 3920 v.
1914 3855 2015 3918 12.
2065 3855 2351 3921 Βίυοιιιηι
2384 3855 2453 3918 in
2474 3855 2737 3940 synopsi
2759 3855 2937 3920 theol.
2968 3853 3255 3921 Leidensi
3286 3855 3397 3920 loc.
3430 3873 3527 3919 su·

607 3961 730 4027 pra
777 3943 876 4008 cit.
925 3941 1014 4007 Et
1064 3943 1414 4028 Altinqium
1450 3943 1518 4008 in
1557 3942 1861 4028 problem.
1887 3944 2142 4029 theoloq.
2163 3955 2338 4028 part.
2370 3945 2427 4008 l.
2454 3942 2657 4027 probl.
2688 3943 2794 4007 27.
2826 3942 2916 4008 Et
2945 3942 3301 4008 Parkerum
3326 3943 3434 4007 lib.
3459 3941 3524 4005 de

613 4031 915 4096 descensu
961 4031 1042 4095 ad
1093 4030 1342 4096 Inferos
1391 4032 1446 4116 g.
1496 4033 1600 4096 65.
1651 4055 1712 4117 p.
1756 4033 1902 4097 120.
1934 4033 2113 4117 cujus
2136 4032 2331 4096 verba
2355 4031 2731 4118 dignissima
2754 4053 2919 4116 quae
2943 4031 3047 4096 hic
3081 4031 3524 4096 exhibeantur.

620 4119 863 4204 Corpus
916 4117 980 4185 ἃ·
1023 4121 1244 4185 anima
1277 4122 1544 4204 perinde
1565 4119 1642 4185 ab
1675 4121 1919 4186 Adamo
1940 4123 2172 4207 fluunt,
2205 4121 2390 4186 modo
2414 4131 2623 4185 tamen
2640 4121 3048 4206 propayandi
3076 4120 3361 4205 dispari.-
3344 4117 3527 4186 wad

611 4208 864 4294 quidem
909 4229 986 4273 ex
1031 4209 1286 4274 traduce
1329 4220 1434 4289 est,
1461 4209 1609 4275 lutee
1635 4229 1777 4275 vero
1801 4231 1877 4275 ex
1901 4210 2237 4296 inlusione,
2271 4230 2433 4296 quae
2454 4209 2567 4275 hoc
2588 4221 2866 4311 respectu
2888 4212 2929 4274 ὰ
2950 4221 3211 4294 parente
3230 4220 3351 4275 est:
3374 4205 3525 4308 quod

612 4314 745 4360 non
776 4296 1064 4360 animam
1089 4301 1277 4362 creat
1301 4259 1474 4362 Dezis
1496 4318 1626 4384 qua
1647 4299 1938 4363 animam
1955 4298 2337 4382 simpliciter,
2362 4299 2469 4363 sed
2492 4318 2622 4385 qua
2644 4299 2841 4364 unius
2868 4299 2945 4364 de
2969 4298 3204 4364 Adami
3222 4299 3375 4386 filiis
3396 4315 3523 4364 am·
3651 4355 3653 4364 .

613 4403 722 4447 ma
763 4392 874 4462 est,
897 4381 1070 4448 unde
1091 4381 1153 4447 ἃ
1173 4385 1441 4448 creando
1465 4385 1854 4470 infunditur,
1896 4385 2381 4470 &infundendo
2404 4398 2672 4468 creatur,
2704 4385 2768 4453 ἃ·
2788 4407 2921 4454 non
2934 4399 3111 4454 extra
3138 4407 3371 4473 corpus
3392 4383 3523 4452 eub-
3651 4383 3654 4432 ἶ

3325 4477 3524 4542 sisten-
