3694 4871
911 252 2285 323 D1s1›.X.DERro⁴anaair1onr
2936 260 3063 323 295

157 438 260 503 IV.
289 438 608 503 Radicatio
644 442 868 505 ColosS.
902 440 962 503 3.
989 438 1072 503 V.
1098 438 1549 505 Inaedificatio.
1601 439 1759 503 lbicl.
1803 438 1885 505 a.
1918 440 1974 503 1.
2008 441 2286 506 Corinth.
2321 442 2377 507 1.
2418 445 2463 508 δι
2486 445 2545 507 3.
2574 444 2796 528 Ephesi.
2834 446 2870 505 2
2880 445 2981 513 ,ἃ
3006 446 3065 505 -.1

157 528 210 591 V
217 528 260 591 Ι.
286 528 614 593 Generatio
638 528 935 612 Physica.
961 526 1111 592 VII.
1159 527 1372 593 Motus
1397 526 1726 611 PhysicuS.
1778 526 2010 592 Confer
2052 530 2405 595 Zanchiecm
2429 532 2505 595 de
2533 532 2825 615 operibus
2848 554 2915 597 cr
2916 534 3063 597 cati·

151 618 302 695 onis,
326 638 449 702 cap
480 618 556 683 de
583 618 804 685 Motu..-
827 622 870 678 δι
896 616 1194 680 eximiam
1219 615 1557 681 diatribem
1586 616 1858 683 Parkeri
1896 617 1971 682 de
2004 618 2417 684 Τναάιωὶἰοηε
2437 622 2787 704 peccatoria
2816 620 2865 683 F
2871 644 3065 685 rane-

149 706 328 769 kerae
352 706 466 769 sub
499 705 818 789 praesidio
837 704 917 769 D.
944 702 1250 769 Maccovii
1276 706 1689 790 propositam,
1716 712 1758 767 δι
1786 728 1929 770 cum
1943 707 2176 772 Amesa
2206 708 2605 809 rescriptione
2625 710 2711 774 ad
2738 711 3069 776 Gretinclc-

149 794 410 871 hovium,
464 816 778 871 recusam,
807 791 990 857 VIII.
1038 793 1263 879 Imago
1321 792 1440 858 Dei
1494 794 1740 878 angelis
1788 794 1834 860 δι
1900 794 2269 859 hominibus
2315 796 2613 880 primitus
2678 799 2959 863 increata
3022 802 3067 865 &

149 880 882 948 i11dita.lX.Pe1-fectio
929 905 1038 947 seu
1089 883 1550 947 consummatio
1603 882 1887 947 fidelium
1932 883 1999 947 in
2046 883 2288 967 patria:
2332 885 2441 949 ubi
2466 886 2805 950 induentur
2830 885 3069 951 lumine

147 971 395 1053 gloriae.
421 970 502 1036 X.
528 970 571 1035 J
576 970 937 1036 ustificatio
987 969 1099 1035 XI.
1147 971 1446 1055 Adoptio.
1474 969 1619 1036 XII.
1668 970 2072 1035 Beatificatio
2125 972 2191 1036 in
2228 972 2346 1037 hac
2372 974 2522 1038 vita.
2550 972 2729 1040 XIII.
2777 974 3067 1041 Vocati0.

145 1058 308 1122 XIV.
343 1058 825 1143 Resipiscentia.
875 1057 1016 1123 XV.
1069 1057 1501 1125 Sanctificatio
1525 1060 1742 1125 stricte
1769 1060 1959 1125 dicta.
2014 1058 2187 1125 XVI.
2240 1060 2593 1127 Renovatio
2626 1062 2843 1128 stricte
2877 1064 3063 1128 dicta.

141 1146 338 1211 XVII.
385 1146 822 1213 sanctificatio
857 1149 1167 1231 quaedam
1195 1172 1318 1213 non
1344 1171 1490 1213 vere
1516 1148 1971 1235 regenitorum,
2019 1170 2133 1232 per
2158 1150 2447 1215 veritatis
2482 1151 2894 1227 oblationem,
2918 1175 3069 1235 pro-

141 1235 466 1301 sessionem
491 1240 538 1303 &
577 1240 908 1301 externam
955 1237 1462 1301 communionem
1517 1237 2039 1314 ecclesiastican13
2090 1239 2423 1304 accedente
2468 1260 2940 1361 nonnunquam
2967 1240 3066 1304 in-

141 1328 311 1387 terna
333 1325 837 1390 illuminatione:
886 1325 962 1389 de
1009 1348 1138 1409 qua
1183 1326 1415 1410 exponi
1438 1331 1702 1427 possunt
1727 1326 1864 1390 loca
1893 1327 1951 1391 2.
1981 1286 2132 1393 P’eer
2176 1328 2237 1390 2.
2263 1348 2320 1391 υ.
2350 1328 2412 1392 2.
2438 1328 2623 1393 Hebr.
2651 1328 2711 1392 6.
2741 1350 2794 1393 υ.
2822 1328 2940 1393 4.”
2910 1353 2970 1391 o.
3002 1328 3064 1394 6.

135 1413 270 1478 coll.
317 1436 484 1478 cum.
527 1414 742 1479 Mateh.
799 1415 898 1477 13.
951 1416 1055 1477 20.
1085 1415 1192 1479 21.
1227 1416 1331 1477 22.
1359 1414 1556 1491 Quae,
1583 1416 1734 1499 quia
1767 1415 2132 1479 essentialia
2157 1415 2464 1498 requisita
2488 1416 2785 1499 adjuncta
2808 1417 3062 1496 absunt,

137 1524 244 1583 per
285 1524 352 1567 se
398 1524 524 1567 non
553 1507 650 1567 est
681 1503 1015 1567 salutaris:
1053 1504 1160 1567 sed
1188 1503 1384 1567 habet
1413 1506 1666 1567 tantum
1691 1504 1861 1567 hunc
1886 1503 2077 1567 finem
2115 1504 2590 1582 succedaneum,
2618 1510 2689 1569 ut
2718 1506 3065 1570 reddantur

135 1591 566 1664 ἁναπελὸγητει
589 1590 778 1677 (haut
801 1591 989 1656 aliter
1013 1614 1086 1656 ac
1109 1591 1438 1677 theologia
1461 1592 1774 1656 naturalis
1805 1594 1981 1657 Rom.
2028 1596 2084 1656 1.
2118 1594 2219 1656 19.
2246 1594 2381 1672 20.)
2406 1594 2705 1659 Ezechiel.
2734 1596 2793 1657 2.
2822 1594 2881 1659 3.
2912 1594 2971 1658 4.
2999 1595 3062 1658 5.

135 1678 358 1743 Jolum.
382 1680 445 1743 9.
474 1679 579 1745 41.
609 1700 754 1744 eum
784 1682 885 1745 15.
911 1702 966 1743 ι.
996 1680 1100 1744 22.
1130 1680 1233 1744 24.
1283 1679 1371 1744 Et
1393 1680 1483 1744 sic
1507 1703 1620 1765 per
1644 1680 1931 1745 accidens
1956 1680 2029 1743 fit
2054 1684 2191 1745 tota
2212 1680 2353 1745 illa.
2348 1682 2692 1747 anctitas
2675 1682 2831 1767 ipsis
2856 1682 3061 1758 mala3

133 1768 178 1833 a
223 1772 512 1833 censetur
553 1768 720 1833 inter
767 1768 1060 1852 opposita
1106 1768 1610 1853 regenerationis
1657 1791 1768 1833 seu
1807 1790 2008 1833 novae
2032 1772 2393 1847 creaturae;
2420 1770 2611 1835 titulo
2633 1772 3060 1858 Hypera-5830&

135 1854 230 1920 Ex
274 1856 594 1935 omnibus,
636 1857 767 1920 illis
808 1856 1098 1941 cognatis
1130 1857 1582 1922 similitudines
1609 1858 1688 1921 ad
1713 1857 2066 1922 doctrinam
2090 1859 2591 1942 regenerationis
2615 1859 3061 1925 illustrandam

131 1943 362 2009 adferri
387 1949 691 2028 possunt·
739 1946 1149 2030 ipsorumque
1197 1946 1636 2011 convenientia
1661 1968 1802 2010 cum
1831 1968 1926 2024 ea,
1956 1950 2069 2009 aut
2092 1947 2451 2011 differentia
2478 1947 2559 2011 ab
2592 1970 2668 2012 ea
2698 1948 2873 2013 varie
2911 1970 3059 2012 con-

136 2032 304 2097 ferri.
352 2033 532 2110 Quod
571 2034 762 2098 facile
794 2036 840 2101 &
883 2039 1173 2099 accurate
1203 2034 1336 2113 fiet,
1364 2034 1418 2099 si
1444 2034 1586 2118 quis
1612 2038 1979 2118 comparata
2012 2034 2165 2098 illa
2147 2057 2215 2098 m
2241 2035 2371 2099 suis
2396 2058 2698 2138 quaeque·
2710 2036 3060 2120 disciplinis

134 2123 178 2187 St
203 2121 352 2186 locis
375 2121 694 2210 inspiciat.
744 2121 870 2187 Sed
917 2123 1068 2206 quia
1107 2085 1558 2187 nonnullorum
1581 2146 1726 2188 cum
1749 2124 2231 2208 regeneratione
2257 2123 2585 2188 confusio
2559 2125 2844 2208 juniores
2870 2147 3059 2208 saepe

133 2210 381 2275 turbat:
417 2233 748 2276 monemus
771 2212 878 2277 hic
915 2212 1122 2276 tribus
1148 2212 1356 2277 verbis
1389 2214 1445 2275 1.
1471 2210 2053 2276 Sanctificationem
2078 2212 2297 2276 stricte
2322 2212 2553 2276 dictam
2589 2216 2835 2297 (quae
2812 2238 2850 2277 a
2876 2212 3056 2277 latis-

131 2299 284 2363 sime
329 2304 590 2383 accepta
640 2300 822 2365 Hebr.
880 2288 981 2364 10.
1013 2298 1113 2364 llr.
1150 2299 1676 2385 distinguenda)
1645 2325 1705 2365 a
1715 2299 2197 2388 regeneratione
2222 2300 2510 2365 differre.
2541 2302 2708 2384 quod
2732 2300 2905 2365 illius
2927 2305 3056 2365 ter·

131 2387 335 2452 minus
377 2388 464 2452 sit
507 2388 814 2454 sanctitas
861 2388 1171 2458 bonorum
1195 2410 1458 2474 operum
1486 2389 1669 2475 [pag.
1701 2388 1865 2475 464]
1894 2410 2005 2454 seu
2029 2411 2230 2454 novae
2255 2388 2685 2468 obedientiae3
2712 2388 2897 2456 istius
2920 2393 3057 2455 tota
3154 2399 3162 2407 '

129 2498 286 2542 nova
317 2481 628 2556 creatura,
655 2477 765 2541 ubi
791 2478 1044 2542 excellit
1074 2479 1252 2554 fides,
1285 2482 1358 2542 ut
1397 2483 1493 2543 est
1517 2500 1829 2564 organum
1847 2477 2345 2562 justificationis,
2396 2480 2456 2543 2.
2506 2477 2927 2544 Vocationem
2973 2480 3053 2542 ab

128 2587 198 2630 ea
219 2565 506 2630 differre:
557 2565 724 2650 quod
751 2566 996 2631 vocatio
1019 2567 1424 2651 proponendo
1459 2567 1623 2631 bona
1646 2566 2049 2650 spiritualia
2034 2588 2099 2630 ιιι
2126 2565 2414 2631 Christo·
2400 2615 2414 2643 ‚
2444 2567 2524 2630 ad
2550 2588 2767 2632 eorum
2794 2567 3053 2651 partici-

125 2653 442 2738 pationem
489 2655 722 2719 electos
771 2654 1031 2719 invitet:
1081 2655 1483 2740 regeneratio
1533 2677 1680 2720 vero
1713 2655 1794 2719 ad
1825 2677 2046 2720 eorum
2069 2655 2517 2738 receptionem,
2544 2678 2617 2720 ac
2641 2655 3047 2720 confoedera-

125 2742 359 2808 tionem
391 2741 680 2808 homines
705 2743 1000 2827 disponat
1031 2745 1076 2809 a
1102 2743 1358 2808 idoneos
1382 2742 1622 2808 reddat.
1676 2745 1735 2807 3.
1785 2742 2321 2827 Resipiscentiam
2353 2744 2433 2808 ab
2466 2749 2543 2808 ea
2568 2743 2855 2808 differre:
2885 2745 3050 2828 quod

124 2830 234 2896 illa
279 2831 500 2896 stricte
539 2853 612 2896 ac
657 2831 910 2916 proprie
950 2832 1120 2896 dicta
1138 2832 1222 2897 sit
1249 2833 1543 2907 effectus;
1579 2833 1735 2897 haec
1758 2835 1908 2896 vero
1933 2833 2068 2915 ejus
2100 2855 2324 2908 causa;
2366 2833 2534 2916 quod
2557 2832 2671 2896 illa
2694 2831 3051 2898 formaliter

125 2919 204 2984 sit
234 2923 414 2984 actus
438 2925 684 2996 noster3
732 2920 890 2984 haec
923 2943 1068 2985 vero
1097 2925 1276 2986 actus
1301 2921 1497 2986 solius
1537 2919 1678 2986 Dei.
1729 2919 1903 2985 Deus
1936 2921 2107 2985 enim
2132 2943 2256 2984 non
2282 2920 2618 3005 resipiscit,
2648 2921 2757 2986 sed
2787 2943 3051 3006 regene-

123 3013 252 3072 rat:
279 3007 472 3074 homo
497 3014 716 3073 contra
737 3031 860 3073 non
887 3015 1240 3094 regenerat,
1291 3010 1400 3074 sed
1441 3009 1776 3094 resipiscit.
1804 3009 1865 3072 4.
1894 3007 2383 3074 Conversionem
2410 3009 2663 3074 differre
2688 3010 2768 3074 ab
2796 3011 3051 3074 eadem:

123 3097 288 3180 quod
319 3097 643 3162 conversio
667 3119 792 3162 nou
816 3101 1068 3163 tantum
1091 3099 1364 3183 passive,
1414 3099 1524 3163 sed
1561 3100 1607 3165 δι
1649 3097 1853 3162 active
1878 3097 2123 3161 homini
2151 3098 2491 3162 seeundum
2519 3099 2901 3182 scripturam
2932 3098 3052 3162 tri-

125 3185 230 3250 bui
263 3185 499 3269 possit;
554 3187 618 3250 in
670 3187 940 3252 secundo
987 3187 1123 3252 scil.
1163 3192 1505 3266 momento,
1541 3187 1650 3251 ubi
1667 3187 1861 3251 homo
1894 3190 1931 3250 a
1951 3185 2089 3250 Deo
2114 3203 2451 3252 conversus
2477 3211 2543 3251 se
2568 3187 2913 3254 convertit:
2941 3188 3049 3252 sed

121 3273 296 3339 notio
339 3274 841 3360 regenerationis
883 3275 1132 3340 homini
1171 3298 1297 3341 non
1327 3276 1452 3342 nisi
1477 3275 1851 3350 ἀκιρελόγως
1874 3274 2074 3340 tribui
2099 3276 2325 3359 possit:
2352 3298 2536 3340 nemo
2560 3276 2729 3340 enim
2761 3275 3039 3358 seipsum

121 3385 333 3428 creare
360 3367 474 3428 aut
502 3384 806 3449 generare
832 3363 1082 3429 dicitur.
1131 3363 1344 3448 Atque
1369 3363 1526 3429 haec
1556 3364 1632 3428 de
1657 3364 1968 3448 cognatiS.
2016 3363 2327 3448 Opposita
2372 3387 2484 3428 seu
2522 3364 2876 3447 pugnantia
2900 3368 3041 3428 tan·

123 3457 258 3516 tum
313 3451 698 3528 indicamus;
746 3474 908 3536 quae
957 3457 1105 3516 sut
1150 3454 1464 3537 pri-maria
1512 3455 1556 3518 ἃ
1589 3453 1975 3517 universalia
2005 3454 2060 3516 l.
2088 3473 2363 3536 regnans
2388 3457 2714 3536 peccatum
2738 3474 2881 3516 cum
2906 3457 3041 3516 toto

123 3562 319 3626 regno
349 3540 782 3605 tenebrarum.
833 3544 891 3604 2.
925 3541 1290 3626 ignorantia
1313 3544 1358 3607 δι
1383 3541 1600 3606 totalis
1627 3541 1947 3624 apostasia
1978 3541 2332 3620 hominum,
2372 3540 2611 3623 absque
2633 3539 2806 3603 omni
2832 3539 3042 3624 gratia

125 3629 368 3694 externi
390 3628 684 3694 foederis·
731 3629 1139 3710 Secundam'a,
1166 3631 1212 3695 δι
1235 3630 1648 3714 particularia
1707 3637 1760 3692 l.
1787 3628 2111 3694 Securitas
2136 3630 2193 3692 2.
2244 3627 2629 3693 consuetudo
2654 3627 2951 3711 peccandi
2979 3629 3040 3692 3.

123 3739 348 3803 graves
369 3716 588 3801 lapsus
611 3719 659 3782 δι
676 3717 990 3793 scandala,
1019 3723 1278 3802 peccata
1309 3718 1374 3782 in
1402 3718 1643 3783 deliciis
1669 3721 1765 3784 &c
1797 3717 2113 3782 Peculiari
2145 3717 2420 3801 quadani
2444 3717 2689 3781 ratione
2716 3717 2761 3780 a
2788 3715 3042 3781 fortiter

123 3805 462 3890 opponitur
501 3805 560 3870 ei
616 3805 904 3872 formalis
951 3809 998 3872 δι
1045 3807 1300 3872 subtilis
1344 3807 1719 3892 hypocrisis
1767 3805 1938 3871 Hinc
1970 3811 2067 3872 est
2098 3806 2265 3890 quod
2291 3804 2563 3869 civiliter
2586 3804 2836 3869 honesti
2861 3808 3043 3868 extra

125 3894 481 3972 ecelesiam·
530 3896 576 3961 δι
607 3896 927 3979 personati
975 3897 1178 3960 sancti
1209 3919 1282 3960 ac
1305 3895 1590 3981 religiosi
1613 3899 1784 3958 intra
1808 3895 2159 3972 ecclesiam,
2191 3897 2371 3958 tanto
2397 3893 2832 3958 vehementius
2855 3915 3043 3978 saepe

127 3983 508 4048 insectentur
525 4005 740 4049 veram
757 3984 1061 4068 pietatem
1087 3987 1132 4050 8⁶
1157 4007 1304 4050 vere
1328 3985 1486 4069 piOS,
1513 3987 1751 4067 quanto
1789 3984 2117 4068 propiores
2142 3982 2435 4047 videntur
2464 4003 2663 4047 novae
2696 3986 3042 4046 creaturae.

125 4070 353 4136 Confer
377 4093 541 4155 quae
565 4072 640 4138 de
663 4073 978 4159 hypocrisi
1001 4072 1276 4138 diximus
1313 4072 1618 4158 peculiari
1643 4073 2102 4157 Disputatione-

213 4157 278 4230 7.
325 4155 652 4225 Dividitur
704 4161 1103 4262 regeneratio
1143 4161 1194 4226 Ι.
1243 4161 1488 4226 ratione
1525 4161 1787 4226 effectus
1827 4161 1947 4239 sui,
1998 4160 2063 4224 in
2112 4159 2668 4224 mortificationem
2714 4160 2973 4240 veteriS‚
2998 4161 3044 4226 ἃ

127 4248 608 4316 vivificationem
647 4250 795 4316 novi
846 4249 1143 4316 hominis.
1194 4249 1342 4317 Non
1375 4251 1543 4335 quod
1589 4249 1718 4314 sint
1767 4250 1889 4313 duo
1916 4253 2095 4313 actus
2120 4247 2379 4313 realiter
2408 4247 2711 4328 distincti,
2737 4249 2847 4312 sed
2877 4248 3045 4332 quod

123 4361 284 4405 unus
325 4336 624 4424 idemque
669 4337 916 4405 ratione
964 4338 1274 4404 termini
1255 4363 1292 4404 a
1316 4361 1464 4424 quo,
1491 4339 1603 4424 qui
1626 4337 1947 4424 abjicitur,
1972 4337 2219 4404 dicatur
2248 4337 2687 4404 mortificatio·
2672 4385 2687 4414 ‚
2722 4337 2768 4404 a
2799 4336 3045 4489 ratipne

2950 4446 3049 4489 er·
