3694 4871
315 330 516 394 D1sp.
566 327 746 394 VIII.
794 328 913 392 Dr:
963 327 1366 392 PnasouA
1413 325 2423 392 Cunls‘r1MsD1Aroa1s
2471 327 2703 391 Pras
2751 326 2803 393 I.
2898 325 3029 390 219

111 538 266 592 rum,
284 516 362 578 ad
387 515 691 579 subsellia
715 513 1158 598 philosophiae
1179 512 1609 597 professorum
1633 511 1996 596 releganda:
2023 532 2293 594 quorum
2302 509 2558 594 judiciis
2575 515 2701 596 (cuj
2710 533 3031 596 uscunque

111 603 431 688 religionis
455 603 615 682 sint)
640 603 746 667 hic
769 603 1043 667 libenter
1066 602 1400 666 stabimus,
1449 601 1613 676 Quin
1647 603 1692 667 ἃ
1717 601 2002 683 ipsorum
2028 597 2617 664 Remonstrantium
2648 623 2721 664 ac
2746 599 3029 665 Socinia-

109 715 353 769 norum,
379 695 417 755 a
441 692 672 774 quibus
698 691 1040 767 distinctim
1066 713 1179 756 seu
1203 690 1504 754 limitatio
1527 689 1642 753 illa
1666 689 2053 753 adorationis
2078 687 2317 752 Christi
2340 709 2456 771 per
2476 685 2547 745 τὸ
2581 709 2707 774 qua
2730 691 3034 755 mediator

111 781 384 865 primum
437 779 804 845 orthodoxis
857 780 993 844 vice
1041 778 1428 862 exceptionis
1452 777 1744 862 opposita
1769 782 1887 853 est,
1913 776 2222 860 judicium
2245 776 2367 841 hac
2398 777 2465 840 in
2496 781 2677 860 parte
2702 799 2829 840 non
2854 777 3028 842 refu-

111 869 341 954 gimus,
391 868 460 934 Si
515 869 686 932 enim
731 868 828 932 illi
873 869 942 932 in
975 868 1340 950 exceptione
1366 889 1480 931 sua
1503 871 1724 931 contra
1747 869 2043 948 quartam
2070 865 2339 930 classem
2362 869 2885 950 argumentorum
2916 889 3031 950 pro

112 958 344 1022 deitate
393 957 634 1022 Christi
658 957 800 1022 laxe
850 957 1064 1034 locuti,
1092 959 1138 1022 ἃ
1177 957 1460 1021 terreiinis
1483 955 1927 1038 philosophicis
1952 954 2135 1017 abusi
2159 951 2231 1012 τὸ
2262 974 2389 1041 qua
2418 954 2836 1041 specificative,
2862 977 3030 1018 acce-

111 1050 338 1130 perunt
363 1051 478 1111 aut
500 1045 820 1129 accipiunt
843 1048 890 1112 ἃ
913 1068 1040 1110 non
1059 1045 1512 1128 reduplicative.
1531 1048 1724 1126 atque
1741 1044 1897 1107 adeo
1917 1042 2213 1125 objectum
2232 1042 2746 1108 considerationis
2764 1045 3035 1122 tantum,

113 1139 218 1200 aut
271 1139 528 1201 tantum
551 1136 881 1212 rationem,
913 1135 960 1198 a
985 1135 1286 1199 motimtm
1311 1132 1697 1197 adorationis
1724 1154 1839 1214 per
1872 1131 2052 1195 illam
2083 1129 2463 1214 particulam
2488 1130 2767 1214 intelligi
2794 1131 3036 1210 volunt,

111 1246 230 1288 non
278 1246 429 1289 vero
477 1225 968 1308 fundamentum
1019 1222 1425 1300 adorationiS,
1453 1243 1576 1304 quo
1603 1221 1810 1304 posito
1832 1219 1948 1284 illa
1970 1219 2230 1302 ponitur
2254 1221 2300 1284 ἃ
2324 1241 2448 1302 quo
2472 1219 2689 1284 ablato
2713 1218 3034 1295 aufertur;

110 1315 152 1378 &
175 1313 228 1377 si
259 1312 426 1377 nihil
459 1312 632 1376 aliud
656 1312 813 1395 ipsi·
837 1315 1016 1375 notet
1039 1333 1162 1398 qua
1189 1333 1382 1394 quam
1411 1311 1583 1395 quia,
1617 1331 1733 1374 nec
1756 1311 1919 1373 ratio
1944 1309 2237 1392 formalis
2270 1309 2449 1393 [pag.
2480 1307 2641 1393 306]
2669 1309 2713 1372 81
2736 1307 3031 1392 objectum

109 1404 374 1484 formate
419 1401 594 1465 aliud
648 1401 802 1484 quid
847 1404 1048 1477 notet,
1107 1421 1296 1481 quam
1345 1399 1644 1482 objectu-m
1689 1397 2204 1462 considerationis
2254 1418 2365 1460 seu
2396 1397 2904 1483 specificationem
2927 1407 3037 1461 aut

108 1491 593 1574 desim-ationem
642 1501 754 1554 aut
802 1489 1324 1575 qualificationem
1349 1487 1578 1570 objecti,
1606 1487 1696 1550 ita
1722 1490 1794 1550 ut
1823 1486 2142 1568 objectum
2168 1484 2555 1548 adorationis
2579 1485 2749 1548 filius
2774 1483 2895 1548 Dei
2922 1489 3034 1548 aut

107 1577 276 1642 Deus
301 1578 719 1662 specificetur,
746 1577 1115 1660 designetur
1147 1579 1192 1642 &
1217 1577 1618 1660 qualificetur
1649 1597 1763 1658 per
1793 1571 1865 1632 τὲ
1894 1595 2021 1638 esse
2054 1574 2463 1638 mediatorem
2498 1573 2719 1655 utique
2743 1594 2871 1636 non
2897 1595 3039 1636 am·

109 1667 272 1750 plius
320 1667 630 1730 minorem
679 1666 801 1750 (uti
847 1665 1156 1729 hactenus
1202 1665 1471 1728 facimus
1515 1685 1658 1728 cum
1704 1662 2023 1746 theologis
2067 1674 2231 1746 part.
2264 1664 2321 1726 1.
2349 1662 2510 1746 disp.
2534 1681 2680 1746 pay.
2707 1661 2855 1726 537.
2885 1661 3034 1724 541.

109 1755 343 1840 citatis)
371 1755 479 1818 sed
503 1755 809 1837 majorem
833 1754 1199 1838 argumenti
1229 1751 2140 1817 Sociniano-Remonstrantici
2176 1773 2319 1814 cum
2351 1749 2718 1814 orthodoxis
2744 1749 2933 1813 aliter
2964 1771 3037 1813 ac

110 1843 467 1907 Maccovius
492 1842 729 1908 dictum
755 1846 1202 1926 argumentum
1227 1841 1618 1905 solventibus
1643 1840 2021 1925 negabimus
2042 1863 2055 1914 ;
2084 1839 2333 1921 eritque
2357 1838 2515 1902 haec
2530 1837 2869 1901 nominalis
2888 1859 3035 1902 con—

115 1932 424 1996 troversia
470 1929 672 1995 finita.
724 1928 880 1994 Tale
929 1930 1097 1994 enim
1145 1933 1242 1994 est
1286 1932 1737 2012 argumentum
1781 1928 2332 1993 heterodoxorum.
2382 1925 2505 2000 Qui
2560 1928 2859 1990 adoratur
2912 1929 3039 2009 qua

118 2021 442 2098 mediator,
500 2019 612 2083 ille
659 2041 736 2083 ex
784 2019 958 2082 cultu
1007 2017 1390 2082 adorationis
1437 2039 1562 2081 non
1609 2017 1918 2100 probatur
1964 2015 2261 2098 ὃμοούσιος
2297 2036 2440 2078 cum
2463 2018 2646 2097 patre
2671 2013 2863 2078 Deus,
2913 2012 3039 2078 Sed

115 2107 402 2174 Christus
443 2109 746 2172 adoratur
769 2129 896 2190 qua
920 2107 1263 2171 mediator:
1292 2108 1478 2191 Erqo.
1499 2105 1679 2182 Quod
1704 2106 1759 2168 si
1783 2105 1851 2168 in
1884 2105 2120 2186 majore
2138 2101 2567 2186 propositione
2590 2100 2660 2160 τὸ
2688 2104 2818 2187 qua
2840 2102 3037 2186 priori

115 2199 294 2262 modo
345 2195 688 2280 accipiunt,
731 2196 867 2279 jam
923 2196 1216 2280 expedita
1263 2197 1309 2261 &
1355 2195 1556 2259 solida
1604 2193 1930 2276 responsio
1976 2196 2075 2256 est
2118 2213 2232 2274 per
2256 2191 2663 2276 negationem
2686 2190 2965 2273 majoriS,
2991 2191 3038 2255 ἃ

117 2286 304 2350 tacite
345 2284 708 2350 conceditur
732 2283 1058 2349 Christum
1075 2306 1148 2348 eo
1173 2285 1379 2361 modo,
1405 2305 1530 2366 quo
1557 2283 1795 2346 dic-tum
1821 2286 1919 2368 est
1941 2280 2380 2345 invocandum.
2400 2277 2511 2344 Sin
2537 2300 2687 2343 vero
2704 2279 3038 2362 posteriori

123 2377 302 2439 modo
351 2373 722 2458 accipiatur,
769 2374 905 2458 jam
954 2373 1151 2438 solide
1190 2371 1554 2457 responderi
1599 2393 1726 2435 non
1772 2373 2003 2455 potest,
2037 2368 2159 2432 nisi
2183 2389 2296 2452 per
2326 2367 2731 2451 negationem
2754 2367 3036 2431 minoris,

118 2462 512 2529 Solidissima
531 2463 700 2527 enim
725 2463 770 2528 ἃ
797 2462 1272 2526 evidentissima
1289 2466 1440 2525 tunc
1459 2466 1624 2525 esset
1641 2460 1899 2544 majoris
1916 2457 2384 2540 consequentia.
2412 2456 2583 2520 Nam
2599 2455 2654 2519 si
2670 2456 2872 2521 deitas
2890 2456 3034 2521 ado-

118 2552 462 2618 rabilitatis
493 2574 604 2615 seu
630 2551 1013 2615 adorationis
1037 2572 1163 2614 non
1187 2550 1271 2614 sit
1296 2550 1552 2613 unicum
1574 2549 2059 2613 fundamentum
2084 2548 2128 2612 &
2145 2546 2402 2609 unicum
2419 2545 2735 2629 objectum
2750 2544 3037 2624 formale,

117 2664 224 2706 seu
249 2643 302 2706 si
329 2639 574 2724 aliquid
597 2644 852 2723 praeter
874 2639 1178 2703 deitatem
1201 2637 1424 2702 fundet
1450 2642 1562 2702 aut
1584 2637 1851 2702 fundare
1875 2637 2079 2720 possit
2100 2634 2551 2709 adorationem3
2570 2634 2706 2716 jam
2728 2655 2853 2697 non
2878 2633 3037 2697 reci-

117 2733 454 2813 procantur
477 2728 762 2792 adoratio
785 2728 830 2791 81,
855 2728 1057 2792 deitas
1082 2733 1122 2789 δι
1157 2732 1611 2809 consequenter
1635 2748 1710 2790 ex
1735 2724 2101 2789 adoratione
2126 2722 2329 2787 deitas
2353 2726 2524 2786 certo
2548 2721 2967 2786 demonstrari
2991 2722 3037 2785 ἃ

119 2819 318 2883 evinci
371 2840 498 2881 non
542 2820 770 2900 potest.
798 2816 987 2881 Esset
1034 2815 1204 2879 enim
1232 2815 1622 2880 solummodo
1661 2814 2071 2897 syllogismus
2104 2834 2173 2875 ex
2200 2812 2451 2890 εἰκότων,
2476 2810 2683 2893 qualis
2708 2810 2863 2874 iste:
2913 2809 3039 2874 Hic

117 2908 348 2989 pallet;
405 2905 581 2990 Ergo
627 2909 820 2969 amat.
869 2904 1002 2968 Aut
1045 2903 1150 2967 hic
1197 2904 1431 2987 pallet;
1457 2904 1632 2988 Ergo
1663 2902 1932 2966 nimium
1956 2901 2185 2965 studet.
2233 2898 2277 2963 J
2280 2922 2385 2963 am
2407 2921 2557 2964 vero
2580 2902 2723 2963 utro
2751 2899 2937 2963 modo
2966 2900 3037 2957 τὸ

117 2998 242 3080 qud
289 2996 336 3059 St
361 3015 712 3079 synonyma
738 2994 874 3075 ejus
897 2992 1004 3056 hic
1027 2992 1226 3076 accipi
1258 2992 1456 3056 velint
1482 2989 2005 3056 Remonstrantes
2029 3011 2171 3075 cum
2194 2986 2568 3066 Sociniani8‚
2596 2987 2676 3051 ab
2702 2987 2857 3071 ipsis
2888 2987 3039 3052 solis

121 3082 582 3167 explicandum,
630 3084 676 3147 ἃ
699 3081 882 3145 nobis
905 3080 1272 3145 discendum
1296 3084 1425 3144 est:
1476 3080 1758 3163 alioquin
1782 3079 1851 3142 in
1875 3078 2167 3142 terminis
2190 3100 2332 3141 cum
2358 3076 2439 3141 iis
2461 3098 2589 3139 non
2620 3076 3037 3159 disputamuS,

121 3193 230 3235 nec
276 3172 514 3235 directe
563 3170 644 3234 iis
689 3169 1117 3245 occurrimus;
1142 3170 1253 3234 sed
1275 3172 1516 3233 statum
1539 3168 2001 3232 controversiae
2026 3169 2347 3230 mutamus
2372 3169 2487 3229 aut
2508 3164 2908 3243 involvimUS,
2934 3165 3039 3247 ju-

123 3264 415 3343 stumque
469 3259 561 3323 rei
606 3258 807 3343 ipsius
854 3279 1117 3323 examen
1167 3257 1588 3321 declinamus:
1639 3256 1804 3339 quod
1828 3254 2124 3339 ingenius
2140 3254 2187 3319 a
2211 3253 2492 3319 candidis
2513 3252 3037 3335 Disputatoribus

125 3348 330 3412 minus
386 3348 696 3411 convenit.
745 3345 837 3411 Ut
891 3366 1044 3431 ergo
1089 3346 1402 3410 rationem
1455 3349 1744 3410 accurate
1791 3343 2157 3409 occurrendi
2211 3346 2589 3427 argumento
2635 3339 2970 3404 Sociniano
2995 3342 3041 3405 δε

127 3434 703 3513 Remonstrantic-O,
751 3456 866 3518 pro
913 3435 1168 3499 modulo
1223 3436 1427 3498 denuo
1483 3434 1909 3511 ostendamus,
1964 3434 2012 3498 ἃ
2035 3432 2115 3495 ab
2140 3430 2448 3515 oppositis
2474 3429 2683 3494 dubiis
2708 3432 2899 3511 atque
2922 3428 3037 3491 ab·

129 3525 331 3589 surdis
356 3524 721 3600 liberemus,
747 3545 1200 3606 persequemur
1225 3522 1618 3587 solummodo
1643 3521 1761 3585 hac
1785 3522 1921 3585 vice
1946 3542 2021 3584 ea
2045 3542 2207 3603 quae
2232 3519 2312 3583 ad
2328 3540 2637 3582 summam
2658 3517 2769 3593 rei,
2789 3515 2908 3579 hoc
2924 3520 3042 3594 est,

128 3614 202 3676 ad
247 3612 712 3677 controversiae
759 3612 1184 3675 evolutionem
1220 3610 1507 3694 proxime
1534 3613 1579 3676 a
1605 3610 1962 3674 necessario
1985 3610 2195 3673 facere
2218 3607 2635 3671 videbuntur:
2670 3604 3031 3687 praeteritis

126 3702 386 3786 reliquis
435 3701 717 3779 annexiS,
766 3700 1191 3777 consectariis,
1240 3698 1722 3782 hypothesibm,
1771 3698 1973 3762 modis
2022 3694 2340 3779 loquendi,
2398 3716 2561 3776 quae
2589 3693 2656 3756 in
2681 3691 3039 3755 diductione

127 3790 530 3854 adversarum
554 3788 1085 3872 disceptationum
1109 3788 1571 3863 intercurrunt3
1599 3787 1673 3850 de
1701 3787 1933 3869 quibus
1958 3784 2264 3849 nonnulla
2288 3781 2553 3865 disquiri
2584 3783 2857 3864 possent.
2886 3778 3041 3843 Tria

105 3876 322 3961 .igitur
344 3877 839 3941 PraestabimuS.
2102 3882 2107 3887 “

214 3968 264 4031 Ι.
385 3967 632 4031 Statu-m
653 3966 1102 4032 controversiae
1131 3965 1336 4029 denuo
1359 3964 1821 4049 explicabimus,

215 4054 301 4120 ΙΙ.
385 4056 674 4140 Quinque
695 4066 1087 4138 amum-enta,
1112 4074 1272 4139 quae
1303 4053 1456 4117 thesi
1482 4065 1728 4118 nostrae
1752 4052 2115 4135 principati,
2142 4049 2203 4115 a·
2224 4049 2634 4133 exceptionem
2662 4043 2857 4112 mia‘m
2884 4068 3043 4134 quae

389 4142 740 4208 rationibus
761 4144 994 4207 nostris
1016 4143 1376 4226 opponitur,
1408 4141 1931 4206 examinabimus.

216 4234 334 4297 ΙΙΙ.
383 4233 603 4297 Falsas
625 4232 862 4316 aliquot
891 4230 1248 4315 hypotheses
1271 4231 1742 4295 removebimus,

215 4318 282 4388 2.
310 4320 490 4396 Quod
514 4321 594 4383 ad
616 4320 929 4403 primum:
965 4318 1410 4383 Terminorum
1433 4317 1951 4402 praecognitione
1977 4318 2023 4382 St
2046 4319 2252 4379 status
2276 4314 2739 4379 controversiae
2764 4314 3041 4398 explica-

131 4408 296 4473 tione
317 4408 624 4495 putabam
646 4430 750 4473 me
774 4409 928 4473 satis
953 4428 1270 4494 superque
1295 4406 1660 4473 defunctum
1685 4406 1753 4470 in
1777 4406 1941 4490 disp.
1974 4404 2170 4471 editis.
2218 4402 2343 4469 Sed
2366 4402 2617 4487 quando
2641 4402 2897 4487 quidem
2928 4403 3043 4467 illa

2859 4490 3041 4558 video
