3694 4871
814 304 1384 373 D1sp.X1.D1·:
1431 303 1898 371 Sinnlmno
1946 328 2038 371 nr
2086 306 2434 371 Fnsms.
2954 312 3084 376 333

149 492 464 559 andr-inus
510 490 614 557 lib.
661 489 722 553 3.
777 490 1138 575 Paedaqoyi
1181 511 1318 573 cap.
1353 491 1451 555 ll.
1475 490 1588 557 suh
1613 494 1826 578 finem.
1876 492 2267 577 Auyuslinus
2292 492 2365 557 de
2394 512 2699 559 consensu
2722 494 3081 580 Euanqelic.

147 580 240 647 lib.
273 581 332 644 2.
375 600 516 665 cap.
561 579 668 643 77.
717 578 763 644 δι
797 580 868 643 in
915 580 1159 645 Psalm.
1211 580 1316 643 32.
1344 579 1390 644 ἃ
1417 592 1589 645 tract.
1619 582 1678 643 3.
1703 581 1774 643 in
1807 579 2185 647 Johannew.
2220 582 2495 666 Cyrillus
2518 582 2988 649 Alexandrinus
3012 586 3083 649 in

145 669 490 733 Iohannem
544 667 650 732 lib.
703 669 760 730 8.
805 688 940 751 cap.
988 668 1047 730 5.
1091 664 1257 741 Quin
1289 669 1333 733 81
1365 668 1485 751 ipsi
1511 667 1832 733 Pontificii
1859 669 2161 733 Doctores
2182 674 2401 733 contra
2423 691 2567 733 suos
2591 670 2695 734 hic
2720 675 3081 736 contestan-

159 760 274 821 tur.
298 756 508 822 Ferus
533 756 603 819 in
634 756 842 819 Exodi
866 757 970 821 32.
998 756 1164 821 Sedit
1185 759 1459 840 populus
1486 765 1552 821 ul
1575 758 1927 835 comederet,
1968 756 2033 822 ἃ
2054 756 2291 832 biberet,
2317 759 2589 823 surremit
2619 771 2825 824 autem
2852 761 3083 826 ludere.

157 844 270 911 Hic
311 847 442 929 suit
467 846 672 911 culeus
694 864 924 933 eorum
939 865 1076 909 vere
1099 844 1482 929 Paqaniczw,
1507 845 1617 930 qui
1646 856 1855 910 tamen
1878 846 2055 929 apud
2092 866 2208 909 nos
2238 866 2413 911 nunc
2434 848 2607 911 solus
2630 847 2992 914 observalur
3012 849 3081 914 in

155 933 354 999 Festi&
411 934 591 1001 Nihil
611 933 778 997 enim
805 933 987 999 aliud
1008 934 1262 1017 aqimus
1287 934 1358 997 in
1381 933 1575 998 Festis
1605 935 1859 999 nostris.
1910 935 2344 1000 Bellarminus
2374 938 2554 1001 Cone.
2582 935 2642 998 6.
2670 937 2741 1001 in
2763 937 3079 1003 Dominio.

153 1022 206 1084 3.
251 1022 604 1099 Adventu-3,
637 1020 702 1086 3.·
721 1022 792 1085 in
829 1023 1008 1087 Cone.
1037 1022 1098 1085 9.
1123 1022 1200 1085 de
1220 1022 1558 1087 Dominicaei
1587 1022 2011 1107 Quinquayes.
2038 1025 2257 1105 aperte
2284 1023 2348 1086 in
2376 1025 2627 1101 easdem
2659 1022 3081 1090 Sabbathicas

151 1112 570 1176 recreationes
621 1110 956 1174 declamat.
1005 1107 1240 1173 Docuit
1288 1109 1482 1173 etiam
1519 1109 1723 1174 tristis
1757 1111 2169 1193 experientia,
2197 1112 2611 1195 &loquuntur
2642 1116 2784 1177 acta
2808 1116 2855 1179 a
2878 1114 3080 1179 histo-

149 1199 274 1263 riae
306 1199 740 1285 Anglicanae‚
777 1202 1092 1283 quantum
1137 1197 1364 1281 religio
1389 1200 1434 1263 a
1460 1198 1665 1281 pietas
1689 1198 2035 1262 reformata
2058 1221 2171 1281 per
2196 1199 2401 1264 edicta
2425 1202 2475 1263 &
2492 1201 2729 1283 scripta
2751 1223 2868 1285 pro
2894 1203 3083 1267 liber-

149 1289 272 1351 tate
318 1311 438 1353 seu
469 1286 732 1351 licentia
749 1287 1123 1351 chorearum
1146 1288 1192 1352 a
1215 1286 1520 1350 similium
1545 1287 2025 1365 recreationum,
2060 1287 2417 1369 profecerit,
2450 1288 2496 1351 δι.
2521 1288 2801 1371 Papatus
2827 1290 3082 1355 defece-

151 1374 245 1439 rit.
275 1376 374 1441 Ad
408 1376 743 1441 cumulum
765 1374 1060 1440 miseriae
1093 1374 1448 1452 accedebat,
1475 1376 1642 1458 quod
1675 1375 2021 1439 edictorum
2047 1375 2301 1439 illorum
2332 1378 2367 1439 ὲ
2392 1376 2707 1441 Cathedra
2738 1379 3084 1461 praelectio

149 1461 578 1529 Ecclesiarum
611 1461 988 1528 Pastoribus
1013 1463 1252 1547 passim
1276 1462 1758 1546 imponebatur:
1793 1464 1949 1527 adeo
1974 1468 2046 1527 ut
2068 1462 2381 1548 Episcopo
2408 1464 2595 1528 alicui
2623 1466 3082 1549 papaturienti,

151 1556 254 1615 aut
267 1560 565 1633 κοσμινῷ,
595 1552 1096 1635 quandocunque
1144 1550 1372 1615 liberet
1403 1552 1772 1615 mandatum
1797 1551 1957 1615 illud
1983 1552 2227 1635 exequi,
2253 1552 2529 1635 proclive
2555 1557 2720 1617 esset
2751 1552 3081 1619 Ministros

150 1639 223 1703 ob
273 1640 460 1726 [pag.
518 1640 724 1725 1272]
772 1639 1201 1703 orthodoxiae
1229 1643 1345 1723 aut
1368 1639 1628 1722 pietatis
1653 1640 1881 1718 zelum,
1908 1644 2021 1704 aut
2044 1662 2485 1724 quamcunque
2516 1641 2709 1723 aliam
2726 1642 2807 1706 ob
2824 1664 3081 1707 causam

151 1728 264 1792 sibi
291 1728 508 1793 minus
541 1732 762 1813 gratos
785 1728 1032 1810 objecta
1056 1727 1409 1791 tentatione
1441 1728 1905 1810 praelectioniS‚
1940 1728 2005 1791 in
2038 1750 2188 1792 casu
2211 1730 2623 1794 recusationis
2647 1730 2783 1795 loco
2807 1753 3081 1797 movere.

158 1814 388 1882 XVIII.
439 1816 544 1881 An
597 1817 880 1881 actiones
927 1818 974 1881 δι
1021 1816 1382 1899 spectacula
1406 1816 1891 1891 comoediarum,
1920 1817 2311 1881 concedenda
2352 1817 2529 1882 sint?
2567 1820 2741 1902 Hesp.
2769 1818 2897 1906 Aff.
2926 1819 3081 1884 Bal-

151 1904 374 1971 duinus
409 1906 503 1969 lib
537 1906 597 1968 2.
634 1904 914 1969 Casuum
942 1927 1078 1987 cap.
1109 1905 1204 1967 13.
1230 1903 1350 1967 cal.
1377 1905 1438 1966 6.
1471 1905 1644 1971 Nihil
1665 1904 1881 1983 obstat,
1932 1925 2057 1990 quo
2088 1905 2305 1991 ‘eninus
2326 1906 2426 1971 die
2454 1906 2787 1973 Dominico
2815 1911 3082 1991 spectari

151 1996 406 2076 possint,
430 1994 636 2082 finitis
661 1994 876 2071 sacris,
901 1993 1262 2077 praesertim
1297 1991 1584 2071 Biblicae,
1609 2014 1769 2078 quae
1791 1993 2073 2058 sensibus
2112 1995 2316 2058 animi
2338 1996 2571 2078 fortius
2593 1996 3079 2079 imprimuntur,

153 2102 334 2166 quam
383 2104 550 2170 quae
595 2102 710 2166 per
752 2102 942 2147 aures
965 2082 1402 2146 demittuntur.
1449 2080 1585 2145 Nos
1618 2082 1694 2145 de
1726 2080 2079 2145 Comoediis
2112 2082 2266 2146 alibi
2296 2104 2373 2145 ex
2396 2082 2679 2165 professo
2712 2084 2981 2168 agimus,
3009 2086 3077 2149 in

157 2170 372 2257 Dispp.
415 2173 496 2237 dc
539 2170 810 2237 Excelsis
857 2170 1108 2235 rumuli.
1157 2168 1316 2233 Cum
1363 2174 1577 2233 autem
1624 2170 1752 2233 sint
1801 2192 1877 2233 ex
1904 2191 2119 2233 eorum
2143 2191 2428 2250 numero,
2453 2192 2615 2253 quae
2640 2172 2721 2235 ad
2741 2173 3077 2237 minimum

155 2267 372 2327 sonant
419 2262 492 2325 in
539 2260 816 2324 malum:
867 2258 1135 2323 velimus
1182 2258 1412 2323 saltem
1452 2257 1582 2322 dies
1615 2258 1981 2323 Dominicos
2008 2258 2087 2321 ab
2112 2258 2191 2322 iis
2216 2259 2528 2323 immunes
2553 2281 2708 2324 esse.
2757 2260 3078 2326 Ecclesiae

155 2346 446 2433 Belgicae
473 2348 584 2412 diu
607 2348 1008 2431 multumque
1030 2351 1249 2411 contra
1273 2346 1582 2429 ejusmodi
1606 2345 2078 2429 profanationes
2102 2346 2505 2412 laborarunt:
2534 2370 2658 2412 non
2684 2350 2818 2413 sine
2840 2350 3075 2415 fructu.

157 2434 222 2500 In
247 2437 516 2505 Biblicis
540 2437 884 2503 comoediis
917 2441 988 2500 ut
1013 2435 1360 2520 plurimum
1383 2437 1690 2519 majorem
1715 2435 2073 2500 invenimus
2107 2434 2571 2514 difficultatem,
2597 2459 2787 2520 quam
2819 2439 2887 2503 in
2911 2439 3076 2518 aliis,

157 2547 304 2609 quae
351 2526 716 2593 saeculares
762 2524 1062 2589 historias
1087 2525 1133 2589 δῦ
1159 2525 1434 2588 actiones
1460 2527 1961 2608 repraesentant.
2008 2523 2105 2588 De
2138 2546 2262 2608 quo
2286 2525 2353 2588 in
2384 2526 2614 2592 nostris
2637 2528 2866 2612 Dispp.
2891 2529 3075 2593 modo

157 2616 245 2679 cil.
291 2615 580 2681 Ministri
625 2614 812 2678 modo
866 2613 1192 2677 Christum
1223 2611 1593 2676 crucifixum
1637 2612 1751 2676 illo
1772 2613 2091 2696 imprimis
2129 2613 2231 2676 die
2254 2613 2385 2677 suis
2408 2618 2555 2678 ante
2588 2615 2800 2680 oculos
2824 2616 3075 2700 publice

157 2703 576 2789 privatimque
623 2725 700 2767 ex
745 2701 1032 2766 fontibus
1077 2700 1336 2765 Israelis
1381 2700 1764 2786 depingant;
1821 2703 1867 2767 a
1892 2723 2144 2766 necesse
2176 2723 2299 2765 non
2325 2701 2447 2766 erit
2480 2725 2557 2766 ex
2579 2703 2829 2787 pumice
2856 2704 3075 2769 histri-

157 2813 336 2858 onum
367 2815 608 2877 aquam
633 2791 802 2855 vitae
835 2793 1220 2874 exspectare.
1245 2788 1408 2852 Vide
1445 2791 1649 2855 Galat.
1679 2791 1738 2853 3.
1779 2810 1935 2854 vers.
1964 2791 2025 2854 2.
2052 2811 2195 2854 cum
2220 2790 2281 2854 4.
2313 2810 2467 2854 vers.
2501 2791 2602 2855 19.
2630 2791 2676 2857 δι
2716 2797 2764 2858 Ι.
2796 2794 3075 2860 Corinth.

161 2881 211 2944 1.
235 2901 387 2948 vers.
417 2881 704 2945 21—26.

237 2967 304 3038 3.
351 2968 876 3054 Respondeamus
921 2989 1090 3031 nunc
1119 2967 1198 3030 ad
1221 2966 1632 3032 Problemata
1657 2967 1901 3049 aliquot
1925 2966 2133 3052 magis
2156 2966 2558 3052 Philologica
2581 2973 2695 3034 aut
2716 2969 3075 3048 Historiam

157 3079 418 3140 quorum
463 3058 518 3123 I.
571 3057 678 3121 An
723 3056 892 3139 apud
943 3055 1298 3119 Extraneos
1353 3055 1548 3120 fuerit
1594 3055 1807 3138 aliqua
1856 3053 2170 3120 Sabbathi
2222 3055 2701 3122 hebdomadalis
2746 3059 2999 3141 notitia,
3032 3064 3077 3128 ἃ.

160 3147 310 3212 unde
328 3153 360 3214 ⁴?
411 3149 592 3230 Resp.
642 3145 720 3208 ad
749 3145 1057 3228 primum,
1103 3144 1154 3208 A
1162 3148 1232 3230 ff.
1260 3143 1418 3207 illud
1447 3146 1723 3210 Clemens
1749 3144 2217 3210 Alexandrinus
2243 3145 2539 3211 Stromat.
2566 3147 2625 3209 5.
2644 3167 2797 3232 pay.
2823 3149 2973 3213 438.
3000 3172 3077 3214 ex

161 3231 448 3313 HesiodO,
477 3235 776 3310 Homer0,
803 3231 1218 3309 Callimacho,
1245 3253 1407 3314 quae
1435 3233 1651 3296 eadem
1677 3254 1754 3296 ex
1778 3231 2105 3296 Clemente
2129 3233 2429 3298 describit
2453 3235 2757 3302 Eusebius
2776 3257 3076 3322 praepar.

162 3325 454 3410 Euanqel.
517 3322 615 3389 lib.
669 3322 770 3385 13.
817 3341 949 3405 cap.
1006 3321 1104 3385 13.
1155 3320 1252 3384 Ex
1295 3321 1750 3385 recentioribus
1775 3325 2129 3405 agnoscunt
2151 3322 2311 3386 illud
2344 3325 2651 3390 Mercerus
2674 3325 2743 3388 in
2771 3327 2985 3392 Genes.
3016 3329 3075 3390 2.

42 3484 50 3495 ,
163 3412 440 3491 Danaas,
487 3411 796 3488 Amesius,
841 3409 952 3492 qui
985 3409 1255 3472 videndi.
1303 3408 1538 3473 Contra
1589 3410 1904 3475 Gomarus
1950 3430 2097 3494 cap.·
2122 3411 2179 3473 4.
2207 3411 2631 3487 deSabbatho,
2663 3433 2811 3496 paq.
2836 3415 2940 3476 42.
2968 3415 3074 3479 43.

163 3499 437 3585 disputat
458 3497 883 3565 hallucinatos
914 3497 979 3560 in
1005 3520 1077 3561 eo
1103 3495 1492 3561 Clementem
1519 3497 1564 3561 δι
1589 3497 1961 3562 Eusebium.
2010 3499 2135 3562 Sed
2160 3499 2475 3564 Heraltlns
2490 3499 2576 3564 ad
2614 3499 3074 3567 Tertullianum

163 3593 394 3676 apoloy.
419 3611 550 3674 cap.
585 3590 684 3652 16.
735 3589 781 3652 St
803 3589 948 3669 post
972 3585 1158 3649 illum
1181 3587 1465 3652 Amesius
1487 3585 1718 3670 disput.
1745 3585 1818 3650 de
1839 3586 2167 3664 Sabbalho,
2215 3587 2529 3671 imprimis
2558 3589 2805 3654 Rivelus
2828 3590 3075 3656 dissert.

162 3677 230 3742 de
275 3679 532 3764 Oriqine
575 3675 872 3743 Sabbatha·
913 3695 1047 3758 cap.
1099 3675 1158 3738 5.
1210 3674 1528 3738 advocatis
1554 3674 1824 3738 aliorum
1856 3674 2258 3752 testimoniiS,
2291 3676 2519 3758 probat
2543 3675 2709 3741 diem
2732 3678 3075 3761 septimum

165 3763 516 3832 Gentilibus
547 3765 744 3830 fuisse
781 3783 1048 3828 sacrum.
1098 3761 1278 3827 Adde
1309 3763 1356 3828 δε
1380 3761 1883 3826 Mahumedistas
1908 3761 2309 3828 Sabbathum
2334 3764 2791 3829 hebdomadale
2823 3788 3076 3832 servare

163 3851 252 3918 die
275 3855 568 3934 Veneris,
592 3853 762 3937 quod
792 3852 857 3915 in
889 3851 1074 3914 illum
1096 3851 1388 3916 inciderit
1411 3850 1570 3935 fuga
1595 3849 1991 3916 Mahomedis
2023 3875 2099 3916 ex
2143 3850 2397 3930 Mecha3
2428 3853 2591 3918 unde
2616 3853 3077 3921 hebdomadem

165 3939 204 4004 ἃ
253 3965 492 4008 annum
535 3963 722 4007 suum
775 3940 919 4004 inde
966 3940 1286 4004 inchoant.
1335 3939 1423 4004 Et
1469 3942 1566 4003 est
1609 3939 1766 4003 haec
1797 3940 2149 4004 communis
2172 3939 2305 4006 fere
2330 3941 2645 4006 sententia
2668 3964 2795 4006 non
2818 3947 3075 4010 tantum

163 4025 436 4112 Patrum,
483 4053 642 4114 quos
665 4029 821 4093 citat
847 4029 1117 4107 RiveluS,
1149 4027 1258 4092 sed
1281 4031 1327 4094 δι
1350 4026 1393 4091 J
1395 4029 1758 4106 udaeorum,
1793 4028 1903 4110 qui
1928 4028 2286 4112 gloriantur
2314 4031 2659 4113 septimum
2681 4031 2849 4096 diem
2872 4031 3075 4098 inter·-

163 4116 318 4201 ipsos
367 4119 654 4185 Gentiles
701 4117 1010 4182 celebrem
1059 4116 1280 4182 fuisse.
1327 4115 1491 4180 Vide
1536 4121 1788 4200 praeter
1831 4116 2169 4200 losephum
2194 4116 2239 4180 a
2266 4117 2599 4184 Philonem
2624 4121 2703 4182 ab
2734 4121 3005 4187 Heraldo
3030 4125 3077 4190 s

165 4209 392 4275 Amesio
437 4209 537 4274 eit.
582 4206 994 4270 recentiorem
1043 4203 1358 4268 Judaeum
1397 4206 1448 4270 R
1506 4203 1681 4270 Isaac
1705 4205 1921 4268 Atiam
1950 4208 1987 4268 a
2012 4205 2219 4270 Bicelo
2244 4207 2340 4271 cil.
2368 4207 2413 4271 δι
2442 4209 2511 4273 R.
2540 4208 2771 4273 Eliahu
2818 4209 3074 4276 Vilalem

165 4295 257 4360 cit.
305 4301 342 4362 a
389 4297 668 4362 Menasse
711 4295 826 4360 ben
857 4294 1052 4359 lsrael
1071 4313 1176 4380 qn.
1206 4293 1310 4356 35.
1337 4293 1407 4357 in
1430 4293 1626 4358 Exod.
1656 4292 1755 4356 Ad
1781 4294 2125 4358 secundum
2152 4295 2331 4380 Hesp.
2354 4317 2481 4360 non
2506 4295 2705 4360 videri
2734 4294 2855 4360 hoc
2880 4298 3073 4363 colle-

167 4383 318 4466 gisse
353 4385 640 4451 Gentiles
664 4405 740 4448 ex
765 4383 1004 4447 lumine
1031 4403 1141 4446 seu
1169 4379 1522 4466 Theologia
1547 4382 1844 4462 naturali,
1895 4383 2005 4446 sed
2028 4404 2107 4446 ex
2130 4383 2418 4466 reliquiis
2442 4385 2761 4450 doctrinae
2786 4384 3074 4451 Patriar-

2811 4473 3074 4540 charum
