<?xml version="1.0" encoding="UTF-8"?>
<!DOCTYPE html PUBLIC "-//W3C//DTD XHTML 1.0 Transitional//EN"
    "http://www.w3.org/TR/xhtml1/DTD/xhtml1-transitional.dtd">
<html xmlns="http://www.w3.org/1999/xhtml" xml:lang="en" lang="en">
 <head>
  <title>
</title>
<meta http-equiv="Content-Type" content="text/html;charset=utf-8" />
  <meta name='ocr-system' content='tesseract 3.04.00' />
  <meta name='ocr-capabilities' content='ocr_page ocr_carea ocr_par ocr_line ocrx_word'/>
</head>
<body>
  <div class='ocr_page' id='page_1' title='image "./selectarumdispu00kuypgoog_0322.png"; bbox 0 0 3694 4871; ppageno 0'>
   <div class='ocr_carea' id='block_1_1' title="bbox 840 329 2982 403">
    <p class='ocr_par' dir='ltr' id='par_1_1' title="bbox 840 329 2982 403">
     <span class='ocr_line' id='line_1_1' title="bbox 840 329 2982 403; baseline 0.004 -8"><span class='ocrx_word' id='word_1_1' title='bbox 840 329 2201 399; x_wconf 72' lang='lat' dir='ltr'><strong>Drsr.X.DsRsscsnsnArtoNs.</strong></span> <span class='ocrx_word' id='word_1_2' title='bbox 2858 340 2982 403; x_wconf 85' lang='grc'><strong>291</strong></span> 
     </span>
    </p>
   </div>
   <div class='ocr_carea' id='block_1_2' title="bbox 63 514 2993 4570">
    <p class='ocr_par' dir='ltr' id='par_1_2' title="bbox 73 514 2993 2466">
     <span class='ocr_line' id='line_1_2' title="bbox 75 514 2983 606; baseline 0.004 -28"><span class='ocrx_word' id='word_1_3' title='bbox 75 514 262 599; x_wconf 84' lang='lat' dir='ltr'><strong>primo</strong></span> <span class='ocrx_word' id='word_1_4' title='bbox 305 517 352 581; x_wconf 70' lang='grc' dir='ltr'><strong>δι</strong></span> <span class='ocrx_word' id='word_1_5' title='bbox 375 516 440 579; x_wconf 91' lang='lat' dir='ltr'><strong>in</strong></span> <span class='ocrx_word' id='word_1_6' title='bbox 464 522 614 581; x_wconf 82' lang='lat' dir='ltr'><strong>actu</strong></span> <span class='ocrx_word' id='word_1_7' title='bbox 637 519 928 582; x_wconf 87' lang='lat' dir='ltr'><strong>secundo.</strong></span> <span class='ocrx_word' id='word_1_8' title='bbox 979 517 1164 583; x_wconf 84' lang='lat' dir='ltr'><strong>Fides</strong></span> <span class='ocrx_word' id='word_1_9' title='bbox 1190 519 1258 582; x_wconf 90' lang='lat' dir='ltr'><strong>in</strong></span> <span class='ocrx_word' id='word_1_10' title='bbox 1289 524 1436 583; x_wconf 87' lang='lat' dir='ltr'><strong>actu</strong></span> <span class='ocrx_word' id='word_1_11' title='bbox 1459 519 1685 603; x_wconf 89' lang='lat' dir='ltr'><strong>prim0,</strong></span> <span class='ocrx_word' id='word_1_12' title='bbox 1713 520 2131 585; x_wconf 73' lang='lat' dir='ltr'><strong>materialiter</strong></span> <span class='ocrx_word' id='word_1_13' title='bbox 2154 543 2227 585; x_wconf 88' lang='lat' dir='ltr'><strong>ac</strong></span> <span class='ocrx_word' id='word_1_14' title='bbox 2252 520 2542 587; x_wconf 90' lang='lat' dir='ltr'><strong>absolute</strong></span> <span class='ocrx_word' id='word_1_15' title='bbox 2572 528 2859 606; x_wconf 87' lang='lat' dir='ltr'><strong>spectata</strong></span> <span class='ocrx_word' id='word_1_16' title='bbox 2884 528 2983 589; x_wconf 88' lang='lat' dir='ltr'><strong>est</strong></span> 
     </span>
     <span class='ocr_line' id='line_1_3' title="bbox 73 602 2973 693; baseline 0.003 -26"><span class='ocrx_word' id='word_1_17' title='bbox 73 602 314 669; x_wconf 84' lang='lat' dir='ltr'><strong>habitus</strong></span> <span class='ocrx_word' id='word_1_18' title='bbox 337 627 448 667; x_wconf 89' lang='lat' dir='ltr'><strong>seu</strong></span> <span class='ocrx_word' id='word_1_19' title='bbox 471 606 676 669; x_wconf 89' lang='lat' dir='ltr'><strong>virtus</strong></span> <span class='ocrx_word' id='word_1_20' title='bbox 701 606 1055 682; x_wconf 87' lang='lat' dir='ltr'><strong>inhaerens;</strong></span> <span class='ocrx_word' id='word_1_21' title='bbox 1075 608 1120 673; x_wconf 64' lang='grc' dir='ltr'>ἃ</span> <span class='ocrx_word' id='word_1_22' title='bbox 1138 607 1334 671; x_wconf 83' lang='lat' dir='ltr'><strong>simul</strong></span> <span class='ocrx_word' id='word_1_23' title='bbox 1348 609 1547 673; x_wconf 87' lang='lat' dir='ltr'><strong>relate</strong></span> <span class='ocrx_word' id='word_1_24' title='bbox 1565 630 1677 673; x_wconf 88' lang='lat' dir='ltr'><strong>seu</strong></span> <span class='ocrx_word' id='word_1_25' title='bbox 1695 607 2052 673; x_wconf 75' lang='lat' dir='ltr'><strong>formaliter</strong></span> <span class='ocrx_word' id='word_1_26' title='bbox 2070 614 2354 693; x_wconf 84' lang='lat' dir='ltr'><strong>spectata</strong></span> <span class='ocrx_word' id='word_1_27' title='bbox 2371 612 2973 693; x_wconf 72' lang='lat' dir='ltr'><strong>(quajustificativa)</strong></span> 
     </span>
     <span class='ocr_line' id='line_1_4' title="bbox 75 693 2980 783; baseline 0.004 -28"><span class='ocrx_word' id='word_1_28' title='bbox 75 698 160 755; x_wconf 83' lang='lat' dir='ltr'><strong>est</strong></span> <span class='ocrx_word' id='word_1_29' title='bbox 183 693 692 759; x_wconf 74' lang='lat' dir='ltr'><strong>instrumentum.</strong></span> <span class='ocrx_word' id='word_1_30' title='bbox 721 693 909 759; x_wconf 85' lang='lat' dir='ltr'><strong>Fides</strong></span> <span class='ocrx_word' id='word_1_31' title='bbox 931 696 999 759; x_wconf 89' lang='lat' dir='ltr'><strong>in</strong></span> <span class='ocrx_word' id='word_1_32' title='bbox 1024 701 1168 759; x_wconf 83' lang='lat' dir='ltr'><strong>actu</strong></span> <span class='ocrx_word' id='word_1_33' title='bbox 1192 696 1483 771; x_wconf 87' lang='lat' dir='ltr'><strong>secundo,</strong></span> <span class='ocrx_word' id='word_1_34' title='bbox 1509 697 1931 761; x_wconf 69' lang='lat' dir='ltr'><strong>materialiter</strong></span> <span class='ocrx_word' id='word_1_35' title='bbox 1956 720 2029 763; x_wconf 89' lang='lat' dir='ltr'><strong>ac</strong></span> <span class='ocrx_word' id='word_1_36' title='bbox 2052 698 2343 763; x_wconf 87' lang='lat' dir='ltr'><strong>absolute</strong></span> <span class='ocrx_word' id='word_1_37' title='bbox 2366 704 2655 783; x_wconf 87' lang='lat' dir='ltr'><strong>spectata</strong></span> <span class='ocrx_word' id='word_1_38' title='bbox 2678 706 2777 764; x_wconf 90' lang='lat' dir='ltr'><strong>est</strong></span> <span class='ocrx_word' id='word_1_39' title='bbox 2802 706 2980 766; x_wconf 83' lang='lat' dir='ltr'><strong>actus</strong></span> 
     </span>
     <span class='ocr_line' id='line_1_5' title="bbox 77 781 2986 869; baseline 0.004 -25"><span class='ocrx_word' id='word_1_40' title='bbox 77 781 332 859; x_wconf 77' lang='lat' dir='ltr'><strong>virtutiS,</strong></span> <span class='ocrx_word' id='word_1_41' title='bbox 357 804 470 845; x_wconf 89' lang='lat' dir='ltr'><strong>seu</strong></span> <span class='ocrx_word' id='word_1_42' title='bbox 495 805 654 867; x_wconf 86' lang='lat' dir='ltr'><strong>opus</strong></span> <span class='ocrx_word' id='word_1_43' title='bbox 679 782 949 858; x_wconf 89' lang='lat' dir='ltr'><strong>bonum;</strong></span> <span class='ocrx_word' id='word_1_44' title='bbox 975 784 1020 849; x_wconf 82' lang='lat'>&amp;</span> <span class='ocrx_word' id='word_1_45' title='bbox 1044 784 1235 848; x_wconf 85' lang='lat' dir='ltr'><strong>simul</strong></span> <span class='ocrx_word' id='word_1_46' title='bbox 1261 785 1524 849; x_wconf 82' lang='lat' dir='ltr'><strong>relative</strong></span> <span class='ocrx_word' id='word_1_47' title='bbox 1551 808 1660 851; x_wconf 87' lang='lat' dir='ltr'><strong>seu</strong></span> <span class='ocrx_word' id='word_1_48' title='bbox 1681 784 2037 849; x_wconf 80' lang='lat' dir='ltr'><strong>formaliter</strong></span> <span class='ocrx_word' id='word_1_49' title='bbox 2052 790 2337 869; x_wconf 87' lang='lat' dir='ltr'><strong>spectata</strong></span> <span class='ocrx_word' id='word_1_50' title='bbox 2354 791 2451 851; x_wconf 87' lang='lat' dir='ltr'><strong>est</strong></span> <span class='ocrx_word' id='word_1_51' title='bbox 2468 787 2986 855; x_wconf 77' lang='lat' dir='ltr'><strong>instrumentum.</strong></span> 
     </span>
     <span class='ocr_line' id='line_1_6' title="bbox 73 869 2981 962; baseline 0.003 -29"><span class='ocrx_word' id='word_1_52' title='bbox 73 869 260 934; x_wconf 84' lang='lat' dir='ltr'><strong>Causa</strong></span> <span class='ocrx_word' id='word_1_53' title='bbox 309 870 594 937; x_wconf 83' lang='lat' dir='ltr'><strong>efficiens</strong></span> <span class='ocrx_word' id='word_1_54' title='bbox 637 874 772 935; x_wconf 86' lang='lat' dir='ltr'><strong>tam</strong></span> <span class='ocrx_word' id='word_1_55' title='bbox 817 872 1188 955; x_wconf 85' lang='lat' dir='ltr'><strong>principalis</strong></span> <span class='ocrx_word' id='word_1_56' title='bbox 1235 896 1428 956; x_wconf 86' lang='lat' dir='ltr'><strong>quam</strong></span> <span class='ocrx_word' id='word_1_57' title='bbox 1475 873 2001 953; x_wconf 82' lang='lat' dir='ltr'><strong>instrumentaliS,</strong></span> <span class='ocrx_word' id='word_1_58' title='bbox 2049 874 2467 959; x_wconf 83' lang='lat' dir='ltr'><strong>distinguitur</strong></span> <span class='ocrx_word' id='word_1_59' title='bbox 2491 875 2559 939; x_wconf 89' lang='lat' dir='ltr'><strong>in</strong></span> <span class='ocrx_word' id='word_1_60' title='bbox 2582 898 2837 942; x_wconf 89' lang='lat' dir='ltr'><strong>causam</strong></span> <span class='ocrx_word' id='word_1_61' title='bbox 2868 900 2981 962; x_wconf 77' lang='lat' dir='ltr'><strong>po-</strong></span> 
     </span>
     <span class='ocr_line' id='line_1_7' title="bbox 77 959 2974 1047; baseline 0.003 -25"><span class='ocrx_word' id='word_1_62' title='bbox 77 962 258 1023; x_wconf 82' lang='lat' dir='ltr'><strong>tentia</strong></span> <span class='ocrx_word' id='word_1_63' title='bbox 303 959 348 1023; x_wconf 65' lang='lat' dir='ltr'><strong>s</strong></span> <span class='ocrx_word' id='word_1_64' title='bbox 399 982 660 1024; x_wconf 89' lang='lat' dir='ltr'><strong>causam</strong></span> <span class='ocrx_word' id='word_1_65' title='bbox 713 960 980 1046; x_wconf 64' lang='lat' dir='ltr'><strong>actujex.</strong></span> <span class='ocrx_word' id='word_1_66' title='bbox 1005 982 1102 1045; x_wconf 89' lang='lat' dir='ltr'><strong>gr.</strong></span> <span class='ocrx_word' id='word_1_67' title='bbox 1129 962 1347 1025; x_wconf 87' lang='lat' dir='ltr'><strong>oculus</strong></span> <span class='ocrx_word' id='word_1_68' title='bbox 1383 984 1560 1026; x_wconf 91' lang='lat' dir='ltr'><strong>meus</strong></span> <span class='ocrx_word' id='word_1_69' title='bbox 1594 966 1689 1025; x_wconf 89' lang='lat' dir='ltr'><strong>est</strong></span> <span class='ocrx_word' id='word_1_70' title='bbox 1720 984 2033 1045; x_wconf 87' lang='lat' dir='ltr'><strong>organum</strong></span> <span class='ocrx_word' id='word_1_71' title='bbox 2058 964 2230 1027; x_wconf 88' lang='lat' dir='ltr'><strong>visus</strong></span> <span class='ocrx_word' id='word_1_72' title='bbox 2257 967 2370 1028; x_wconf 90' lang='lat' dir='ltr'><strong>aut</strong></span> <span class='ocrx_word' id='word_1_73' title='bbox 2394 966 2831 1047; x_wconf 81' lang='lat' dir='ltr'><strong>potentialiter</strong></span> <span class='ocrx_word' id='word_1_74' title='bbox 2860 972 2974 1031; x_wconf 89' lang='lat' dir='ltr'><strong>aut</strong></span> 
     </span>
     <span class='ocr_line' id='line_1_8' title="bbox 77 1048 2986 1140; baseline 0.003 -30"><span class='ocrx_word' id='word_1_75' title='bbox 77 1048 412 1125; x_wconf 75' lang='lat' dir='ltr'><strong>actualiter,</strong></span> <span class='ocrx_word' id='word_1_76' title='bbox 455 1051 500 1116; x_wconf 71' lang='lat' dir='ltr'><strong>St</strong></span> <span class='ocrx_word' id='word_1_77' title='bbox 547 1050 700 1113; x_wconf 88' lang='lat' dir='ltr'><strong>ulna</strong></span> <span class='ocrx_word' id='word_1_78' title='bbox 739 1054 834 1113; x_wconf 86' lang='lat' dir='ltr'><strong>est</strong></span> <span class='ocrx_word' id='word_1_79' title='bbox 869 1050 967 1113; x_wconf 88' lang='lat' dir='ltr'><strong>vel</strong></span> <span class='ocrx_word' id='word_1_80' title='bbox 1001 1050 1284 1133; x_wconf 71' lang='lat' dir='ltr'><strong>potentia</strong></span> <span class='ocrx_word' id='word_1_81' title='bbox 1317 1073 1690 1115; x_wconf 85' lang='lat' dir='ltr'><strong>mensurans</strong></span> <span class='ocrx_word' id='word_1_82' title='bbox 1717 1052 1811 1115; x_wconf 89' lang='lat' dir='ltr'><strong>vel</strong></span> <span class='ocrx_word' id='word_1_83' title='bbox 1840 1054 1987 1115; x_wconf 89' lang='lat' dir='ltr'><strong>actu</strong></span> <span class='ocrx_word' id='word_1_84' title='bbox 2011 1074 2407 1121; x_wconf 88' lang='lat' dir='ltr'><strong>mensurans.</strong></span> <span class='ocrx_word' id='word_1_85' title='bbox 2456 1051 2631 1117; x_wconf 88' lang='lat' dir='ltr'><strong>Haec</strong></span> <span class='ocrx_word' id='word_1_86' title='bbox 2657 1055 2986 1140; x_wconf 78' lang='lat' dir='ltr'><strong>analogice</strong></span> 
     </span>
     <span class='ocr_line' id='line_1_9' title="bbox 79 1137 2989 1223; baseline 0.002 -22"><span class='ocrx_word' id='word_1_87' title='bbox 79 1139 146 1201; x_wconf 74' lang='lat' dir='ltr'><strong>ad</strong></span> <span class='ocrx_word' id='word_1_88' title='bbox 195 1138 382 1203; x_wconf 86' lang='lat' dir='ltr'><strong>fidem</strong></span> <span class='ocrx_word' id='word_1_89' title='bbox 439 1138 836 1202; x_wconf 87' lang='lat' dir='ltr'><strong>habitualem</strong></span> <span class='ocrx_word' id='word_1_90' title='bbox 889 1142 1034 1202; x_wconf 86' lang='lat' dir='ltr'><strong>actu</strong></span> <span class='ocrx_word' id='word_1_91' title='bbox 1082 1137 1338 1223; x_wconf 87' lang='lat' dir='ltr'><strong>quidem</strong></span> <span class='ocrx_word' id='word_1_92' title='bbox 1363 1139 1736 1223; x_wconf 85' lang='lat' dir='ltr'><strong>impressam</strong></span> <span class='ocrx_word' id='word_1_93' title='bbox 1763 1141 1809 1206; x_wconf 72' lang='grc' dir='ltr'><strong>δι</strong></span> <span class='ocrx_word' id='word_1_94' title='bbox 1833 1139 2293 1219; x_wconf 74' lang='lat' dir='ltr'><strong>inhaerentem,</strong></span> <span class='ocrx_word' id='word_1_95' title='bbox 2317 1142 2426 1207; x_wconf 87' lang='lat' dir='ltr'><strong>sed</strong></span> <span class='ocrx_word' id='word_1_96' title='bbox 2450 1146 2663 1207; x_wconf 88' lang='lat' dir='ltr'><strong>actum</strong></span> <span class='ocrx_word' id='word_1_97' title='bbox 2690 1142 2839 1209; x_wconf 87' lang='lat' dir='ltr'><strong>fidei</strong></span> <span class='ocrx_word' id='word_1_98' title='bbox 2862 1166 2989 1208; x_wconf 90' lang='lat' dir='ltr'><strong>non</strong></span> 
     </span>
     <span class='ocr_line' id='line_1_10' title="bbox 81 1226 2991 1310; baseline 0.003 -21"><span class='ocrx_word' id='word_1_99' title='bbox 81 1226 442 1305; x_wconf 70' lang='lat' dir='ltr'><strong>elicientem,</strong></span> <span class='ocrx_word' id='word_1_100' title='bbox 491 1226 801 1310; x_wconf 86' lang='lat' dir='ltr'><strong>applicari</strong></span> <span class='ocrx_word' id='word_1_101' title='bbox 827 1232 1111 1310; x_wconf 86' lang='lat' dir='ltr'><strong>possunt.</strong></span> <span class='ocrx_word' id='word_1_102' title='bbox 1161 1226 1338 1291; x_wconf 87' lang='lat' dir='ltr'><strong>Talis</strong></span> <span class='ocrx_word' id='word_1_103' title='bbox 1370 1228 1537 1291; x_wconf 89' lang='lat' dir='ltr'><strong>enim</strong></span> <span class='ocrx_word' id='word_1_104' title='bbox 1565 1228 1718 1293; x_wconf 88' lang='lat' dir='ltr'><strong>fides</strong></span> <span class='ocrx_word' id='word_1_105' title='bbox 1741 1227 2092 1293; x_wconf 82' lang='lat' dir='ltr'><strong>habitualis</strong></span> <span class='ocrx_word' id='word_1_106' title='bbox 2124 1228 2439 1294; x_wconf 80' lang='lat' dir='ltr'><strong>actualem</strong></span> <span class='ocrx_word' id='word_1_107' title='bbox 2472 1230 2991 1309; x_wconf 74' lang='lat' dir='ltr'><strong>justificationem</strong></span> 
     </span>
     <span class='ocr_line' id='line_1_11' title="bbox 79 1315 2989 1402; baseline 0.002 -23"><span class='ocrx_word' id='word_1_108' title='bbox 79 1338 374 1380; x_wconf 83' lang='lat' dir='ltr'><strong>annexam</strong></span> <span class='ocrx_word' id='word_1_109' title='bbox 421 1315 638 1393; x_wconf 90' lang='lat' dir='ltr'><strong>habet,</strong></span> <span class='ocrx_word' id='word_1_110' title='bbox 665 1316 712 1379; x_wconf 66' lang='lat' dir='ltr'><strong>St</strong></span> <span class='ocrx_word' id='word_1_111' title='bbox 737 1315 990 1397; x_wconf 90' lang='lat' dir='ltr'><strong>quidem</strong></span> <span class='ocrx_word' id='word_1_112' title='bbox 1017 1316 1357 1399; x_wconf 79' lang='lat' dir='ltr'><strong>passivam,</strong></span> <span class='ocrx_word' id='word_1_113' title='bbox 1386 1338 1511 1379; x_wconf 91' lang='lat' dir='ltr'><strong>non</strong></span> <span class='ocrx_word' id='word_1_114' title='bbox 1540 1339 1686 1381; x_wconf 87' lang='lat' dir='ltr'><strong>vero</strong></span> <span class='ocrx_word' id='word_1_115' title='bbox 1709 1316 2079 1381; x_wconf 86' lang='lat' dir='ltr'><strong>sensitivam</strong></span> <span class='ocrx_word' id='word_1_116' title='bbox 2104 1318 2151 1383; x_wconf 68' lang='grc' dir='ltr'><strong>δι</strong></span> <span class='ocrx_word' id='word_1_117' title='bbox 2175 1318 2298 1383; x_wconf 91' lang='lat' dir='ltr'><strong>hoc</strong></span> <span class='ocrx_word' id='word_1_118' title='bbox 2323 1322 2613 1402; x_wconf 81' lang='lat' dir='ltr'><strong>respectu</strong></span> <span class='ocrx_word' id='word_1_119' title='bbox 2640 1324 2739 1383; x_wconf 86' lang='lat' dir='ltr'><strong>est</strong></span> <span class='ocrx_word' id='word_1_120' title='bbox 2760 1320 2808 1385; x_wconf 63' lang='grc' dir='ltr'>ἃ</span> <span class='ocrx_word' id='word_1_121' title='bbox 2837 1321 2989 1384; x_wconf 88' lang='lat' dir='ltr'><strong>dici·</strong></span> 
     </span>
     <span class='ocr_line' id='line_1_12' title="bbox 82 1403 2993 1491; baseline 0.002 -24"><span class='ocrx_word' id='word_1_122' title='bbox 82 1410 173 1468; x_wconf 76' lang='lat' dir='ltr'><strong>tnr</strong></span> <span class='ocrx_word' id='word_1_123' title='bbox 215 1427 408 1469; x_wconf 87' lang='lat' dir='ltr'><strong>causa</strong></span> <span class='ocrx_word' id='word_1_124' title='bbox 455 1404 962 1469; x_wconf 86' lang='lat' dir='ltr'><strong>instrumentalis</strong></span> <span class='ocrx_word' id='word_1_125' title='bbox 994 1410 1159 1469; x_wconf 90' lang='lat' dir='ltr'><strong>actu.</strong></span> <span class='ocrx_word' id='word_1_126' title='bbox 1209 1403 1331 1469; x_wconf 88' lang='lat' dir='ltr'><strong>Sed</strong></span> <span class='ocrx_word' id='word_1_127' title='bbox 1349 1405 1871 1488; x_wconf 90' lang='lat' dir='ltr'><strong>justificationem</strong></span> <span class='ocrx_word' id='word_1_128' title='bbox 1896 1406 2213 1489; x_wconf 84' lang='lat' dir='ltr'><strong>passivam</strong></span> <span class='ocrx_word' id='word_1_129' title='bbox 2247 1428 2357 1472; x_wconf 87' lang='lat' dir='ltr'><strong>seu</strong></span> <span class='ocrx_word' id='word_1_130' title='bbox 2387 1411 2707 1491; x_wconf 84' lang='lat' dir='ltr'><strong>receptam</strong></span> <span class='ocrx_word' id='word_1_131' title='bbox 2735 1408 2993 1472; x_wconf 83' lang='lat' dir='ltr'><strong>sensiti-</strong></span> 
     </span>
     <span class='ocr_line' id='line_1_13' title="bbox 81 1492 2988 1581; baseline 0.002 -26"><span class='ocrx_word' id='word_1_132' title='bbox 81 1516 208 1557; x_wconf 81' lang='lat' dir='ltr'><strong>vam</strong></span> <span class='ocrx_word' id='word_1_133' title='bbox 245 1492 822 1557; x_wconf 86' lang='lat' dir='ltr'><strong>instrumentaliter</strong></span> <span class='ocrx_word' id='word_1_134' title='bbox 854 1514 978 1555; x_wconf 91' lang='lat' dir='ltr'><strong>non</strong></span> <span class='ocrx_word' id='word_1_135' title='bbox 1012 1492 1321 1577; x_wconf 83' lang='lat' dir='ltr'><strong>producit,</strong></span> <span class='ocrx_word' id='word_1_136' title='bbox 1355 1494 1402 1559; x_wconf 70' lang='grc' dir='ltr'><strong>δι</strong></span> <span class='ocrx_word' id='word_1_137' title='bbox 1433 1493 1551 1557; x_wconf 92' lang='lat' dir='ltr'><strong>hoc</strong></span> <span class='ocrx_word' id='word_1_138' title='bbox 1583 1498 1871 1577; x_wconf 87' lang='lat' dir='ltr'><strong>respectu</strong></span> <span class='ocrx_word' id='word_1_139' title='bbox 1899 1494 2131 1559; x_wconf 87' lang='lat' dir='ltr'><strong>dicitur</strong></span> <span class='ocrx_word' id='word_1_140' title='bbox 2154 1495 2649 1561; x_wconf 87' lang='lat' dir='ltr'><strong>instrumentum</strong></span> <span class='ocrx_word' id='word_1_141' title='bbox 2675 1497 2988 1581; x_wconf 88' lang='lat' dir='ltr'><strong>potentia,</strong></span> 
     </span>
     <span class='ocr_line' id='line_1_14' title="bbox 80 1578 2991 1669; baseline 0.002 -25"><span class='ocrx_word' id='word_1_142' title='bbox 80 1602 186 1645; x_wconf 80' lang='lat' dir='ltr'><strong>non</strong></span> <span class='ocrx_word' id='word_1_143' title='bbox 243 1605 389 1646; x_wconf 77' lang='lat' dir='ltr'><strong>vero</strong></span> <span class='ocrx_word' id='word_1_144' title='bbox 443 1590 608 1645; x_wconf 82' lang='lat' dir='ltr'><strong>actu.</strong></span> <span class='ocrx_word' id='word_1_145' title='bbox 657 1578 807 1645; x_wconf 90' lang='lat' dir='ltr'><strong>Sola</strong></span> <span class='ocrx_word' id='word_1_146' title='bbox 839 1583 1054 1645; x_wconf 89' lang='lat' dir='ltr'><strong>autem</strong></span> <span class='ocrx_word' id='word_1_147' title='bbox 1078 1582 1230 1645; x_wconf 87' lang='lat' dir='ltr'><strong>fides</strong></span> <span class='ocrx_word' id='word_1_148' title='bbox 1264 1581 1533 1646; x_wconf 88' lang='lat' dir='ltr'><strong>actualis</strong></span> <span class='ocrx_word' id='word_1_149' title='bbox 1559 1587 1654 1647; x_wconf 89' lang='lat' dir='ltr'><strong>est</strong></span> <span class='ocrx_word' id='word_1_150' title='bbox 1681 1582 1937 1647; x_wconf 90' lang='lat' dir='ltr'><strong>unicum</strong></span> <span class='ocrx_word' id='word_1_151' title='bbox 1968 1582 2465 1648; x_wconf 88' lang='lat' dir='ltr'><strong>instrumentum</strong></span> <span class='ocrx_word' id='word_1_152' title='bbox 2490 1590 2655 1664; x_wconf 88' lang='lat' dir='ltr'><strong>actu,</strong></span> <span class='ocrx_word' id='word_1_153' title='bbox 2682 1608 2797 1669; x_wconf 89' lang='lat' dir='ltr'><strong>per</strong></span> <span class='ocrx_word' id='word_1_154' title='bbox 2822 1587 2991 1669; x_wconf 88' lang='lat' dir='ltr'><strong>quod</strong></span> 
     </span>
     <span class='ocr_line' id='line_1_15' title="bbox 75 1669 2989 1759; baseline 0.002 -26"><span class='ocrx_word' id='word_1_155' title='bbox 75 1670 430 1749; x_wconf 80' lang='lat' dir='ltr'><strong>justificatio</strong></span> <span class='ocrx_word' id='word_1_156' title='bbox 477 1670 728 1753; x_wconf 86' lang='lat' dir='ltr'><strong>passiva</strong></span> <span class='ocrx_word' id='word_1_157' title='bbox 775 1669 1161 1753; x_wconf 88' lang='lat' dir='ltr'><strong>producitur.</strong></span> <span class='ocrx_word' id='word_1_158' title='bbox 1209 1669 1378 1735; x_wconf 90' lang='lat' dir='ltr'><strong>Hinc</strong></span> <span class='ocrx_word' id='word_1_159' title='bbox 1431 1670 1710 1755; x_wconf 86' lang='lat' dir='ltr'><strong>intelligi</strong></span> <span class='ocrx_word' id='word_1_160' title='bbox 1769 1674 1983 1754; x_wconf 88' lang='lat' dir='ltr'><strong>potest</strong></span> <span class='ocrx_word' id='word_1_161' title='bbox 2030 1673 2345 1755; x_wconf 91' lang='lat' dir='ltr'><strong>quomodo</strong></span> <span class='ocrx_word' id='word_1_162' title='bbox 2396 1696 2541 1737; x_wconf 84' lang='lat' dir='ltr'><strong>vere</strong></span> <span class='ocrx_word' id='word_1_163' title='bbox 2573 1674 2777 1739; x_wconf 89' lang='lat' dir='ltr'><strong>fidelis</strong></span> <span class='ocrx_word' id='word_1_164' title='bbox 2810 1696 2863 1738; x_wconf 90' lang='lat' dir='ltr'><strong>e.</strong></span> <span class='ocrx_word' id='word_1_165' title='bbox 2891 1696 2989 1759; x_wconf 85' lang='lat' dir='ltr'><strong>gr.</strong></span> 
     </span>
     <span class='ocr_line' id='line_1_16' title="bbox 82 1756 2991 1844; baseline 0.003 -25"><span class='ocrx_word' id='word_1_166' title='bbox 82 1756 286 1837; x_wconf 83' lang='lat' dir='ltr'><strong>David,</strong></span> <span class='ocrx_word' id='word_1_167' title='bbox 345 1758 576 1823; x_wconf 88' lang='lat' dir='ltr'><strong>Petrus</strong></span> <span class='ocrx_word' id='word_1_168' title='bbox 621 1760 720 1823; x_wconf 60' lang='lat' dir='ltr'><strong>&amp;a</strong></span> <span class='ocrx_word' id='word_1_169' title='bbox 771 1757 836 1821; x_wconf 88' lang='lat' dir='ltr'><strong>in</strong></span> <span class='ocrx_word' id='word_1_170' title='bbox 860 1762 1034 1823; x_wconf 87' lang='lat' dir='ltr'><strong>statu</strong></span> <span class='ocrx_word' id='word_1_171' title='bbox 1059 1759 1296 1842; x_wconf 76' lang='lat' dir='ltr'><strong>lapsuS,</strong></span> <span class='ocrx_word' id='word_1_172' title='bbox 1323 1764 1470 1823; x_wconf 85' lang='lat' dir='ltr'><strong>ante</strong></span> <span class='ocrx_word' id='word_1_173' title='bbox 1503 1764 1834 1824; x_wconf 87' lang='lat' dir='ltr'><strong>renovatos</strong></span> <span class='ocrx_word' id='word_1_174' title='bbox 1860 1760 2355 1844; x_wconf 83' lang='lat' dir='ltr'><strong>resipiscentiae.</strong></span> <span class='ocrx_word' id='word_1_175' title='bbox 2382 1762 2428 1827; x_wconf 65' lang='grc' dir='ltr'><strong>ἃ</strong></span> <span class='ocrx_word' id='word_1_176' title='bbox 2452 1762 2597 1827; x_wconf 89' lang='lat' dir='ltr'><strong>fidei</strong></span> <span class='ocrx_word' id='word_1_177' title='bbox 2624 1768 2801 1827; x_wconf 88' lang='lat' dir='ltr'><strong>actus</strong></span> <span class='ocrx_word' id='word_1_178' title='bbox 2832 1762 2896 1826; x_wconf 90' lang='lat' dir='ltr'><strong>in</strong></span> <span class='ocrx_word' id='word_1_179' title='bbox 2924 1786 2991 1827; x_wconf 91' lang='lat' dir='ltr'><strong>se</strong></span> 
     </span>
     <span class='ocr_line' id='line_1_17' title="bbox 81 1846 2990 1935; baseline 0.002 -26"><span class='ocrx_word' id='word_1_180' title='bbox 81 1846 344 1913; x_wconf 85' lang='lat' dir='ltr'><strong>habeant</strong></span> <span class='ocrx_word' id='word_1_181' title='bbox 388 1846 666 1932; x_wconf 87' lang='lat' dir='ltr'><strong>gratiam</strong></span> <span class='ocrx_word' id='word_1_182' title='bbox 709 1846 1181 1929; x_wconf 86' lang='lat' dir='ltr'><strong>justificationis</strong></span> <span class='ocrx_word' id='word_1_183' title='bbox 1227 1850 1273 1913; x_wconf 77' lang='lat'><strong>81.</strong></span> <span class='ocrx_word' id='word_1_184' title='bbox 1297 1847 1687 1912; x_wconf 82' lang='lat' dir='ltr'><strong>remissionis</strong></span> <span class='ocrx_word' id='word_1_185' title='bbox 1714 1853 2135 1931; x_wconf 85' lang='lat' dir='ltr'><strong>peccatormn‚</strong></span> <span class='ocrx_word' id='word_1_186' title='bbox 2154 1850 2341 1932; x_wconf 84' lang='lat' dir='ltr'><strong>juxta</strong></span> <span class='ocrx_word' id='word_1_187' title='bbox 2366 1851 2513 1915; x_wconf 87' lang='lat' dir='ltr'><strong>novi</strong></span> <span class='ocrx_word' id='word_1_188' title='bbox 2537 1850 2808 1917; x_wconf 86' lang='lat' dir='ltr'><strong>foederis</strong></span> <span class='ocrx_word' id='word_1_189' title='bbox 2840 1874 2990 1935; x_wconf 87' lang='lat' dir='ltr'><strong>pro-</strong></span> 
     </span>
     <span class='ocr_line' id='line_1_18' title="bbox 85 1936 2991 2023; baseline 0.002 -26"><span class='ocrx_word' id='word_1_190' title='bbox 85 1936 393 2001; x_wconf 81' lang='lat' dir='ltr'><strong>missiones</strong></span> <span class='ocrx_word' id='word_1_191' title='bbox 418 1936 648 2002; x_wconf 78' lang='lat' dir='ltr'><strong>Jerem.</strong></span> <span class='ocrx_word' id='word_1_192' title='bbox 677 1936 780 1998; x_wconf 83' lang='lat'><strong>31.</strong></span> <span class='ocrx_word' id='word_1_193' title='bbox 809 1936 854 2001; x_wconf 82' lang='lat'>&amp;</span> <span class='ocrx_word' id='word_1_194' title='bbox 879 1936 984 2001; x_wconf 85' lang='lat'><strong>32.</strong></span> <span class='ocrx_word' id='word_1_195' title='bbox 1011 1938 1278 2001; x_wconf 80' lang='lat' dir='ltr'><strong>Roman.</strong></span> <span class='ocrx_word' id='word_1_196' title='bbox 1307 1937 1367 2001; x_wconf 87' lang='grc'><strong>8.</strong></span> <span class='ocrx_word' id='word_1_197' title='bbox 1393 1958 1450 2001; x_wconf 85' lang='grc' dir='ltr'><strong>υ.</strong></span> <span class='ocrx_word' id='word_1_198' title='bbox 1485 1938 1538 2000; x_wconf 89' lang='grc'><strong>1.</strong></span> <span class='ocrx_word' id='word_1_199' title='bbox 1567 1939 1671 2000; x_wconf 82' lang='grc'><strong>33.</strong></span> <span class='ocrx_word' id='word_1_200' title='bbox 1701 1938 1804 2000; x_wconf 82' lang='lat'><strong>34.</strong></span> <span class='ocrx_word' id='word_1_201' title='bbox 1834 1938 1895 2000; x_wconf 83' lang='lat'><strong>2.</strong></span> <span class='ocrx_word' id='word_1_202' title='bbox 1930 1938 2205 2003; x_wconf 66' lang='grc' dir='ltr'><strong>(ἔονίιιιὴ.</strong></span> <span class='ocrx_word' id='word_1_203' title='bbox 2234 1940 2294 2002; x_wconf 87' lang='grc'><strong>5.</strong></span> <span class='ocrx_word' id='word_1_204' title='bbox 2333 1941 2429 2005; x_wconf 89' lang='grc'><strong>18.</strong></span> <span class='ocrx_word' id='word_1_205' title='bbox 2457 1941 2503 2005; x_wconf 73' lang='grc' dir='ltr'><strong>8ι</strong></span> <span class='ocrx_word' id='word_1_206' title='bbox 2526 1940 2839 2023; x_wconf 88' lang='lat' dir='ltr'><strong>quomodo</strong></span> <span class='ocrx_word' id='word_1_207' title='bbox 2864 1962 2991 2003; x_wconf 87' lang='lat' dir='ltr'><strong>non</strong></span> 
     </span>
     <span class='ocr_line' id='line_1_19' title="bbox 85 2022 2988 2108; baseline 0.002 -23"><span class='ocrx_word' id='word_1_208' title='bbox 85 2022 362 2101; x_wconf 82' lang='lat' dir='ltr'><strong>habeant,</strong></span> <span class='ocrx_word' id='word_1_209' title='bbox 397 2028 736 2107; x_wconf 85' lang='lat' dir='ltr'><strong>antequam</strong></span> <span class='ocrx_word' id='word_1_210' title='bbox 766 2028 910 2088; x_wconf 90' lang='lat' dir='ltr'><strong>actu</strong></span> <span class='ocrx_word' id='word_1_211' title='bbox 935 2023 1380 2108; x_wconf 81' lang='lat' dir='ltr'><strong>resipiscant&amp;</strong></span> <span class='ocrx_word' id='word_1_212' title='bbox 1403 2032 1737 2091; x_wconf 86' lang='lat' dir='ltr'><strong>renovatos</strong></span> <span class='ocrx_word' id='word_1_213' title='bbox 1769 2029 1948 2089; x_wconf 89' lang='lat' dir='ltr'><strong>actus</strong></span> <span class='ocrx_word' id='word_1_214' title='bbox 1972 2026 2118 2090; x_wconf 88' lang='lat' dir='ltr'><strong>fidei</strong></span> <span class='ocrx_word' id='word_1_215' title='bbox 2152 2027 2409 2091; x_wconf 89' lang='lat' dir='ltr'><strong>eliciant</strong></span> <span class='ocrx_word' id='word_1_216' title='bbox 2433 2027 2675 2094; x_wconf 75' lang='lat' dir='ltr'><strong>Psacm.</strong></span> <span class='ocrx_word' id='word_1_217' title='bbox 2704 2030 2811 2093; x_wconf 76' lang='grc'><strong>32.</strong></span> <span class='ocrx_word' id='word_1_218' title='bbox 2842 2050 2899 2093; x_wconf 84' lang='grc' dir='ltr'><strong>υ.</strong></span> <span class='ocrx_word' id='word_1_219' title='bbox 2928 2032 2988 2091; x_wconf 74' lang='grc'><strong>3.</strong></span> 
     </span>
     <span class='ocr_line' id='line_1_20' title="bbox 94 2113 2989 2200; baseline 0.003 -27"><span class='ocrx_word' id='word_1_220' title='bbox 94 2114 137 2175; x_wconf 76' lang='grc'><strong>1.</strong></span> <span class='ocrx_word' id='word_1_221' title='bbox 185 2116 241 2177; x_wconf 76' lang='grc' dir='ltr'><strong>ἴ).</strong></span> <span class='ocrx_word' id='word_1_222' title='bbox 291 2113 442 2178; x_wconf 77' lang='lat' dir='ltr'><strong>vll.</strong></span> <span class='ocrx_word' id='word_1_223' title='bbox 505 2115 604 2176; x_wconf 83' lang='lat' dir='ltr'><strong>An</strong></span> <span class='ocrx_word' id='word_1_224' title='bbox 651 2114 698 2179; x_wconf 63' lang='grc' dir='ltr'>ἃ</span> <span class='ocrx_word' id='word_1_225' title='bbox 751 2114 1064 2195; x_wconf 91' lang='lat' dir='ltr'><strong>quomodo</strong></span> <span class='ocrx_word' id='word_1_226' title='bbox 1113 2114 1368 2197; x_wconf 87' lang='lat' dir='ltr'><strong>adoptio</strong></span> <span class='ocrx_word' id='word_1_227' title='bbox 1393 2114 1514 2178; x_wconf 90' lang='lat' dir='ltr'><strong>dici</strong></span> <span class='ocrx_word' id='word_1_228' title='bbox 1541 2116 1740 2198; x_wconf 86' lang='lat' dir='ltr'><strong>possit</strong></span> <span class='ocrx_word' id='word_1_229' title='bbox 1772 2115 2253 2198; x_wconf 82' lang='lat' dir='ltr'><strong>regeneratione</strong></span> <span class='ocrx_word' id='word_1_230' title='bbox 2277 2116 2451 2199; x_wconf 90' lang='lat' dir='ltr'><strong>prior</strong></span> <span class='ocrx_word' id='word_1_231' title='bbox 2487 2121 2601 2180; x_wconf 91' lang='lat' dir='ltr'><strong>ant</strong></span> <span class='ocrx_word' id='word_1_232' title='bbox 2634 2117 2989 2200; x_wconf 72' lang='lat' dir='ltr'><strong>posterior?</strong></span> 
     </span>
     <span class='ocr_line' id='line_1_21' title="bbox 87 2201 2989 2289; baseline 0.001 -23"><span class='ocrx_word' id='word_1_233' title='bbox 87 2202 244 2286; x_wconf 61' lang='grc' dir='ltr'><strong>Καρ.</strong></span> <span class='ocrx_word' id='word_1_234' title='bbox 295 2202 724 2285; x_wconf 89' lang='lat' dir='ltr'><strong>Adoptionem</strong></span> <span class='ocrx_word' id='word_1_235' title='bbox 780 2201 1190 2267; x_wconf 88' lang='lat' dir='ltr'><strong>intrinsecam</strong></span> <span class='ocrx_word' id='word_1_236' title='bbox 1238 2226 1346 2267; x_wconf 89' lang='lat' dir='ltr'><strong>sen</strong></span> <span class='ocrx_word' id='word_1_237' title='bbox 1375 2202 1690 2286; x_wconf 84' lang='lat' dir='ltr'><strong>passivam</strong></span> <span class='ocrx_word' id='word_1_238' title='bbox 1717 2225 1855 2267; x_wconf 86' lang='lat' dir='ltr'><strong>esse</strong></span> <span class='ocrx_word' id='word_1_239' title='bbox 1879 2204 2356 2287; x_wconf 80' lang='lat' dir='ltr'><strong>regeneratione</strong></span> <span class='ocrx_word' id='word_1_240' title='bbox 2390 2208 2697 2289; x_wconf 88' lang='lat' dir='ltr'><strong>tanquam</strong></span> <span class='ocrx_word' id='word_1_241' title='bbox 2720 2227 2911 2270; x_wconf 87' lang='lat' dir='ltr'><strong>causa</strong></span> <span class='ocrx_word' id='word_1_242' title='bbox 2944 2206 2989 2270; x_wconf 69' lang='grc' dir='ltr'><strong>δι</strong></span> 
     </span>
     <span class='ocr_line' id='line_1_22' title="bbox 85 2288 2992 2373; baseline 0.003 -22"><span class='ocrx_word' id='word_1_243' title='bbox 85 2288 476 2355; x_wconf 83' lang='lat' dir='ltr'><strong>fundamento</strong></span> <span class='ocrx_word' id='word_1_244' title='bbox 523 2312 638 2354; x_wconf 87' lang='lat' dir='ltr'><strong>suo</strong></span> <span class='ocrx_word' id='word_1_245' title='bbox 685 2290 1120 2373; x_wconf 88' lang='lat' dir='ltr'><strong>posteriorem,</strong></span> <span class='ocrx_word' id='word_1_246' title='bbox 1169 2296 1417 2356; x_wconf 89' lang='lat' dir='ltr'><strong>constat</strong></span> <span class='ocrx_word' id='word_1_247' title='bbox 1447 2314 1522 2355; x_wconf 78' lang='lat' dir='ltr'><strong>ex</strong></span> <span class='ocrx_word' id='word_1_248' title='bbox 1561 2293 1833 2356; x_wconf 73' lang='lat' dir='ltr'><strong>lohann-</strong></span> <span class='ocrx_word' id='word_1_249' title='bbox 1867 2295 1923 2354; x_wconf 89' lang='lat'><strong>1.</strong></span> <span class='ocrx_word' id='word_1_250' title='bbox 1956 2292 2057 2355; x_wconf 85' lang='lat'><strong>12.</strong></span> <span class='ocrx_word' id='word_1_251' title='bbox 2091 2294 2189 2356; x_wconf 84' lang='lat'><strong>13.</strong></span> <span class='ocrx_word' id='word_1_252' title='bbox 2217 2293 2357 2357; x_wconf 91' lang='lat' dir='ltr'><strong>coll.</strong></span> <span class='ocrx_word' id='word_1_253' title='bbox 2399 2314 2545 2357; x_wconf 89' lang='lat' dir='ltr'><strong>cum</strong></span> <span class='ocrx_word' id='word_1_254' title='bbox 2565 2294 2765 2358; x_wconf 80' lang='lat' dir='ltr'><strong>Jacob.</strong></span> <span class='ocrx_word' id='word_1_255' title='bbox 2800 2299 2853 2359; x_wconf 88' lang='grc'><strong>1.</strong></span> <span class='ocrx_word' id='word_1_256' title='bbox 2886 2295 2992 2359; x_wconf 73' lang='grc'><strong>18.</strong></span> 
     </span>
     <span class='ocr_line' id='line_1_23' title="bbox 87 2376 2992 2466; baseline 0.001 -21"><span class='ocrx_word' id='word_1_257' title='bbox 87 2379 245 2445; x_wconf 79' lang='lat' dir='ltr'><strong>Rom.</strong></span> <span class='ocrx_word' id='word_1_258' title='bbox 277 2380 340 2445; x_wconf 81' lang='lat'><strong>8.</strong></span> <span class='ocrx_word' id='word_1_259' title='bbox 369 2382 474 2443; x_wconf 84' lang='lat'><strong>15.</strong></span> <span class='ocrx_word' id='word_1_260' title='bbox 524 2376 646 2443; x_wconf 86' lang='lat' dir='ltr'><strong>Sed</strong></span> <span class='ocrx_word' id='word_1_261' title='bbox 671 2378 928 2463; x_wconf 89' lang='lat' dir='ltr'><strong>adoptio</strong></span> <span class='ocrx_word' id='word_1_262' title='bbox 959 2378 1313 2445; x_wconf 86' lang='lat' dir='ltr'><strong>extrinseca</strong></span> <span class='ocrx_word' id='word_1_263' title='bbox 1340 2402 1451 2445; x_wconf 89' lang='lat' dir='ltr'><strong>seu</strong></span> <span class='ocrx_word' id='word_1_264' title='bbox 1481 2380 1706 2460; x_wconf 89' lang='lat' dir='ltr'><strong>activa,</strong></span> <span class='ocrx_word' id='word_1_265' title='bbox 1733 2379 2045 2464; x_wconf 88' lang='lat' dir='ltr'><strong>siquidem</strong></span> <span class='ocrx_word' id='word_1_266' title='bbox 2072 2380 2209 2466; x_wconf 89' lang='lat' dir='ltr'><strong>pari</strong></span> <span class='ocrx_word' id='word_1_267' title='bbox 2242 2380 2458 2466; x_wconf 88' lang='lat' dir='ltr'><strong>passui</strong></span> <span class='ocrx_word' id='word_1_268' title='bbox 2490 2381 2583 2446; x_wconf 90' lang='lat' dir='ltr'><strong>ire</strong></span> <span class='ocrx_word' id='word_1_269' title='bbox 2610 2382 2871 2448; x_wconf 87' lang='lat' dir='ltr'><strong>dicenda</strong></span> <span class='ocrx_word' id='word_1_270' title='bbox 2896 2390 2992 2448; x_wconf 82' lang='lat' dir='ltr'><strong>est</strong></span> 
     </span>
    </p>

    <p class='ocr_par' dir='ltr' id='par_1_3' title="bbox 63 2468 2991 4570">
     <span class='ocr_line' id='line_1_24' title="bbox 85 2468 1300 2552; baseline 0.003 -24"><span class='ocrx_word' id='word_1_271' title='bbox 85 2488 208 2532; x_wconf 82' lang='lat' dir='ltr'><strong>cum</strong></span> <span class='ocrx_word' id='word_1_272' title='bbox 223 2468 703 2552; x_wconf 88' lang='lat' dir='ltr'><strong>justificatione,</strong></span> <span class='ocrx_word' id='word_1_273' title='bbox 739 2468 958 2532; x_wconf 73' lang='lat' dir='ltr'><strong>eadem</strong></span> <span class='ocrx_word' id='word_1_274' title='bbox 982 2469 1156 2552; x_wconf 92' lang='lat' dir='ltr'><strong>prior</strong></span> <span class='ocrx_word' id='word_1_275' title='bbox 1181 2474 1300 2534; x_wconf 86' lang='lat' dir='ltr'><strong>est.</strong></span> 
     </span>
     <span class='ocr_line' id='line_1_25' title="bbox 158 2555 2991 2643; baseline 0 -18"><span class='ocrx_word' id='word_1_276' title='bbox 158 2555 222 2625; x_wconf 81' lang='lat'><strong>2.</strong></span> <span class='ocrx_word' id='word_1_277' title='bbox 271 2559 590 2642; x_wconf 85' lang='lat' dir='ltr'><strong>Adjuncta</strong></span> <span class='ocrx_word' id='word_1_278' title='bbox 621 2556 913 2639; x_wconf 80' lang='lat' dir='ltr'><strong>positiva,</strong></span> <span class='ocrx_word' id='word_1_279' title='bbox 961 2558 1311 2642; x_wconf 86' lang='lat' dir='ltr'><strong>respectiva</strong></span> <span class='ocrx_word' id='word_1_280' title='bbox 1335 2561 1381 2624; x_wconf 82' lang='lat'><strong>&amp;</strong></span> <span class='ocrx_word' id='word_1_281' title='bbox 1405 2559 1836 2643; x_wconf 87' lang='lat' dir='ltr'><strong>comparativa</strong></span> <span class='ocrx_word' id='word_1_282' title='bbox 1860 2563 2029 2623; x_wconf 87' lang='lat' dir='ltr'><strong>sunt.</strong></span> <span class='ocrx_word' id='word_1_283' title='bbox 2084 2561 2141 2624; x_wconf 92' lang='lat'><strong>1.</strong></span> <span class='ocrx_word' id='word_1_284' title='bbox 2168 2560 2347 2634; x_wconf 78' lang='lat' dir='ltr'><strong>Quod</strong></span> <span class='ocrx_word' id='word_1_285' title='bbox 2386 2559 2470 2624; x_wconf 90' lang='lat' dir='ltr'><strong>sit</strong></span> <span class='ocrx_word' id='word_1_286' title='bbox 2502 2582 2733 2624; x_wconf 89' lang='lat' dir='ltr'><strong>arcana</strong></span> <span class='ocrx_word' id='word_1_287' title='bbox 2758 2563 2803 2626; x_wconf 72' lang='grc' dir='ltr'><strong>δι</strong></span> <span class='ocrx_word' id='word_1_288' title='bbox 2826 2560 2991 2626; x_wconf 90' lang='lat' dir='ltr'><strong>inco·</strong></span> 
     </span>
     <span class='ocr_line' id='line_1_26' title="bbox 84 2645 2983 2732; baseline 0.002 -24"><span class='ocrx_word' id='word_1_289' title='bbox 84 2645 264 2726; x_wconf 74' lang='lat' dir='ltr'><strong>gnita,</strong></span> <span class='ocrx_word' id='word_1_290' title='bbox 299 2646 466 2730; x_wconf 91' lang='lat' dir='ltr'><strong>quod</strong></span> <span class='ocrx_word' id='word_1_291' title='bbox 506 2646 586 2710; x_wconf 86' lang='lat' dir='ltr'><strong>ad</strong></span> <span class='ocrx_word' id='word_1_292' title='bbox 625 2646 883 2710; x_wconf 90' lang='lat' dir='ltr'><strong>modum</strong></span> <span class='ocrx_word' id='word_1_293' title='bbox 913 2647 1214 2730; x_wconf 88' lang='lat' dir='ltr'><strong>operandi</strong></span> <span class='ocrx_word' id='word_1_294' title='bbox 1239 2649 1425 2730; x_wconf 85' lang='lat' dir='ltr'><strong>juxta</strong></span> <span class='ocrx_word' id='word_1_295' title='bbox 1455 2651 1702 2711; x_wconf 83' lang='lat' dir='ltr'><strong>textum</strong></span> <span class='ocrx_word' id='word_1_296' title='bbox 1734 2647 2017 2714; x_wconf 68' lang='lat' dir='ltr'><strong>doliana.</strong></span> <span class='ocrx_word' id='word_1_297' title='bbox 2044 2651 2105 2714; x_wconf 83' lang='lat'><strong>3.</strong></span> <span class='ocrx_word' id='word_1_298' title='bbox 2148 2649 2209 2712; x_wconf 88' lang='grc'><strong>8.</strong></span> <span class='ocrx_word' id='word_1_299' title='bbox 2236 2649 2312 2712; x_wconf 91' lang='lat' dir='ltr'><strong>de</strong></span> <span class='ocrx_word' id='word_1_300' title='bbox 2344 2649 2521 2732; x_wconf 84' lang='lat' dir='ltr'><strong>cujus</strong></span> <span class='ocrx_word' id='word_1_301' title='bbox 2547 2649 2983 2714; x_wconf 87' lang='lat' dir='ltr'><strong>similitudinis</strong></span> 
     </span>
     <span class='ocr_line' id='line_1_27' title="bbox 85 2735 2991 2821; baseline 0.002 -25"><span class='ocrx_word' id='word_1_302' title='bbox 85 2736 303 2815; x_wconf 80' lang='lat' dir='ltr'><strong>protasi</strong></span> <span class='ocrx_word' id='word_1_303' title='bbox 335 2735 586 2820; x_wconf 77' lang='lat' dir='ltr'><strong>egimus</strong></span> <span class='ocrx_word' id='word_1_304' title='bbox 610 2735 792 2818; x_wconf 70' lang='lat' dir='ltr'><strong>Disp.</strong></span> <span class='ocrx_word' id='word_1_305' title='bbox 827 2735 902 2799; x_wconf 81' lang='lat' dir='ltr'><strong>de</strong></span> <span class='ocrx_word' id='word_1_306' title='bbox 928 2736 1246 2801; x_wconf 70' lang='lat' dir='ltr'><strong>Gremio-ne</strong></span> <span class='ocrx_word' id='word_1_307' title='bbox 1264 2747 1431 2820; x_wconf 76' lang='lat' dir='ltr'><strong>pare.</strong></span> <span class='ocrx_word' id='word_1_308' title='bbox 1459 2739 1520 2798; x_wconf 88' lang='grc'><strong>4.</strong></span> <span class='ocrx_word' id='word_1_309' title='bbox 1553 2737 1608 2800; x_wconf 90' lang='grc'><strong>1.</strong></span> <span class='ocrx_word' id='word_1_310' title='bbox 1639 2737 1804 2818; x_wconf 72' lang='lat' dir='ltr'><strong>Quia</strong></span> <span class='ocrx_word' id='word_1_311' title='bbox 1829 2737 2105 2821; x_wconf 90' lang='lat' dir='ltr'><strong>primum</strong></span> <span class='ocrx_word' id='word_1_312' title='bbox 2136 2737 2272 2817; x_wconf 75' lang='lat' dir='ltr'><strong>eius</strong></span> <span class='ocrx_word' id='word_1_313' title='bbox 2311 2741 2698 2802; x_wconf 88' lang='lat' dir='ltr'><strong>momentum</strong></span> <span class='ocrx_word' id='word_1_314' title='bbox 2734 2760 2857 2802; x_wconf 86' lang='lat' dir='ltr'><strong>non</strong></span> <span class='ocrx_word' id='word_1_315' title='bbox 2894 2745 2991 2804; x_wconf 86' lang='lat' dir='ltr'><strong>est</strong></span> 
     </span>
     <span class='ocr_line' id='line_1_28' title="bbox 83 2824 2989 2909; baseline 0.001 -23"><span class='ocrx_word' id='word_1_316' title='bbox 83 2843 208 2887; x_wconf 77' lang='lat' dir='ltr'><strong>cum</strong></span> <span class='ocrx_word' id='word_1_317' title='bbox 237 2825 658 2901; x_wconf 64' lang='grc' dir='ltr'><strong>παρατηρήσει,</strong></span> <span class='ocrx_word' id='word_1_318' title='bbox 705 2845 820 2888; x_wconf 86' lang='lat' dir='ltr'><strong>nec</strong></span> <span class='ocrx_word' id='word_1_319' title='bbox 865 2824 932 2887; x_wconf 90' lang='lat' dir='ltr'><strong>in</strong></span> <span class='ocrx_word' id='word_1_320' title='bbox 978 2824 1160 2888; x_wconf 87' lang='lat' dir='ltr'><strong>nobis</strong></span> <span class='ocrx_word' id='word_1_321' title='bbox 1183 2847 1298 2889; x_wconf 90' lang='lat' dir='ltr'><strong>nec</strong></span> <span class='ocrx_word' id='word_1_322' title='bbox 1331 2824 1398 2888; x_wconf 88' lang='lat' dir='ltr'><strong>in</strong></span> <span class='ocrx_word' id='word_1_323' title='bbox 1435 2824 1598 2888; x_wconf 88' lang='lat' dir='ltr'><strong>aliis.</strong></span> <span class='ocrx_word' id='word_1_324' title='bbox 1629 2826 1688 2890; x_wconf 85' lang='lat'><strong>2.</strong></span> <span class='ocrx_word' id='word_1_325' title='bbox 1729 2827 1893 2907; x_wconf 71' lang='lat' dir='ltr'><strong>Quia</strong></span> <span class='ocrx_word' id='word_1_326' title='bbox 1917 2847 2031 2890; x_wconf 91' lang='lat' dir='ltr'><strong>nec</strong></span> <span class='ocrx_word' id='word_1_327' title='bbox 2062 2826 2405 2890; x_wconf 89' lang='lat' dir='ltr'><strong>secundum</strong></span> <span class='ocrx_word' id='word_1_328' title='bbox 2436 2826 2570 2909; x_wconf 89' lang='lat' dir='ltr'><strong>ejus</strong></span> <span class='ocrx_word' id='word_1_329' title='bbox 2594 2831 2989 2891; x_wconf 87' lang='lat' dir='ltr'><strong>momentum</strong></span> 
     </span>
     <span class='ocr_line' id='line_1_29' title="bbox 63 2909 2985 2998; baseline 0.003 -26"><span class='ocrx_word' id='word_1_330' title='bbox 63 2909 166 2974; x_wconf 75' lang='lat' dir='ltr'><strong>&#39;est</strong></span> <span class='ocrx_word' id='word_1_331' title='bbox 207 2927 354 2976; x_wconf 86' lang='lat' dir='ltr'><strong>cnm</strong></span> <span class='ocrx_word' id='word_1_332' title='bbox 393 2915 809 2990; x_wconf 65' lang='grc' dir='ltr'><strong>παρατηρήσει,</strong></span> <span class='ocrx_word' id='word_1_333' title='bbox 837 2913 902 2976; x_wconf 90' lang='lat' dir='ltr'><strong>in</strong></span> <span class='ocrx_word' id='word_1_334' title='bbox 928 2912 1073 2976; x_wconf 88' lang='lat' dir='ltr'><strong>aliis</strong></span> <span class='ocrx_word' id='word_1_335' title='bbox 1107 2912 1504 2978; x_wconf 89' lang='lat' dir='ltr'><strong>hominibus:</strong></span> <span class='ocrx_word' id='word_1_336' title='bbox 1549 2917 1650 2998; x_wconf 92' lang='lat' dir='ltr'><strong>(ut</strong></span> <span class='ocrx_word' id='word_1_337' title='bbox 1671 2913 1832 2977; x_wconf 91' lang='lat' dir='ltr'><strong>illud</strong></span> <span class='ocrx_word' id='word_1_338' title='bbox 1857 2915 2005 2980; x_wconf 78' lang='lat' dir='ltr'><strong>Luc.</strong></span> <span class='ocrx_word' id='word_1_339' title='bbox 2040 2914 2139 2978; x_wconf 86' lang='lat'><strong>17.</strong></span> <span class='ocrx_word' id='word_1_340' title='bbox 2178 2935 2237 2979; x_wconf 85' lang='lat' dir='ltr'><strong>v.</strong></span> <span class='ocrx_word' id='word_1_341' title='bbox 2272 2915 2377 2978; x_wconf 85' lang='lat'><strong>20.</strong></span> <span class='ocrx_word' id='word_1_342' title='bbox 2420 2915 2562 2978; x_wconf 78' lang='lat' dir='ltr'><strong>coll.</strong></span> <span class='ocrx_word' id='word_1_343' title='bbox 2588 2937 2733 2980; x_wconf 90' lang='lat' dir='ltr'><strong>cum</strong></span> <span class='ocrx_word' id='word_1_344' title='bbox 2768 2915 2985 2982; x_wconf 69' lang='lat' dir='ltr'><strong>Manli.</strong></span> 
     </span>
     <span class='ocr_line' id='line_1_30' title="bbox 87 2999 2986 3086; baseline 0.003 -26"><span class='ocrx_word' id='word_1_345' title='bbox 87 2999 173 3064; x_wconf 81' lang='lat'><strong>13.</strong></span> <span class='ocrx_word' id='word_1_346' title='bbox 225 3005 332 3066; x_wconf 78' lang='lat'><strong>33.</strong></span> <span class='ocrx_word' id='word_1_347' title='bbox 379 3001 504 3065; x_wconf 89' lang='lat' dir='ltr'><strong>huc</strong></span> <span class='ocrx_word' id='word_1_348' title='bbox 551 3001 964 3084; x_wconf 88' lang='lat' dir='ltr'><strong>applicemus)</strong></span> <span class='ocrx_word' id='word_1_349' title='bbox 1018 3022 1133 3065; x_wconf 88' lang='lat' dir='ltr'><strong>nec</strong></span> <span class='ocrx_word' id='word_1_350' title='bbox 1177 3001 1244 3064; x_wconf 88' lang='lat' dir='ltr'><strong>in</strong></span> <span class='ocrx_word' id='word_1_351' title='bbox 1297 3003 1502 3084; x_wconf 89' lang='lat' dir='ltr'><strong>primo</strong></span> <span class='ocrx_word' id='word_1_352' title='bbox 1557 3002 1603 3068; x_wconf 65' lang='grc' dir='ltr'><strong>δι</strong></span> <span class='ocrx_word' id='word_1_353' title='bbox 1637 3002 1924 3086; x_wconf 82' lang='lat' dir='ltr'><strong>proximo</strong></span> <span class='ocrx_word' id='word_1_354' title='bbox 1949 3003 2176 3067; x_wconf 87' lang='lat' dir='ltr'><strong>effectu</strong></span> <span class='ocrx_word' id='word_1_355' title='bbox 2208 3024 2321 3067; x_wconf 89' lang='lat' dir='ltr'><strong>suo</strong></span> <span class='ocrx_word' id='word_1_356' title='bbox 2353 3002 2559 3086; x_wconf 87' lang='lat' dir='ltr'><strong>prima</strong></span> <span class='ocrx_word' id='word_1_357' title='bbox 2584 3003 2719 3068; x_wconf 87' lang='lat' dir='ltr'><strong>scil.</strong></span> <span class='ocrx_word' id='word_1_358' title='bbox 2753 3005 2986 3068; x_wconf 87' lang='lat' dir='ltr'><strong>actuali</strong></span> 
     </span>
     <span class='ocr_line' id='line_1_31' title="bbox 81 3089 2989 3175; baseline 0.003 -25"><span class='ocrx_word' id='word_1_359' title='bbox 81 3091 498 3174; x_wconf 85' lang='lat' dir='ltr'><strong>resipiscentia</strong></span> <span class='ocrx_word' id='word_1_360' title='bbox 545 3092 590 3155; x_wconf 64' lang='grc' dir='ltr'><strong><em>ἃ</em></strong></span> <span class='ocrx_word' id='word_1_361' title='bbox 635 3089 777 3167; x_wconf 83' lang='lat' dir='ltr'><strong>fide,</strong></span> <span class='ocrx_word' id='word_1_362' title='bbox 826 3111 940 3154; x_wconf 89' lang='lat' dir='ltr'><strong>nec</strong></span> <span class='ocrx_word' id='word_1_363' title='bbox 987 3089 1050 3152; x_wconf 89' lang='lat' dir='ltr'><strong>in</strong></span> <span class='ocrx_word' id='word_1_364' title='bbox 1101 3091 1425 3154; x_wconf 82' lang='lat' dir='ltr'><strong>remotiori</strong></span> <span class='ocrx_word' id='word_1_365' title='bbox 1472 3091 1719 3161; x_wconf 85' lang='lat' dir='ltr'><strong>effectu,</strong></span> <span class='ocrx_word' id='word_1_366' title='bbox 1768 3091 1917 3155; x_wconf 91' lang='lat' dir='ltr'><strong>fidei</strong></span> <span class='ocrx_word' id='word_1_367' title='bbox 1962 3091 2097 3156; x_wconf 84' lang='lat' dir='ltr'><strong>scil.</strong></span> <span class='ocrx_word' id='word_1_368' title='bbox 2122 3114 2197 3156; x_wconf 86' lang='lat' dir='ltr'><strong>ac</strong></span> <span class='ocrx_word' id='word_1_369' title='bbox 2218 3091 2690 3174; x_wconf 84' lang='lat' dir='ltr'><strong>resipiscentiae</strong></span> <span class='ocrx_word' id='word_1_370' title='bbox 2714 3093 2989 3175; x_wconf 86' lang='lat' dir='ltr'><strong>repetita</strong></span> 
     </span>
     <span class='ocr_line' id='line_1_32' title="bbox 83 3177 2988 3265; baseline 0.001 -25"><span class='ocrx_word' id='word_1_371' title='bbox 83 3180 240 3260; x_wconf 84' lang='lat' dir='ltr'><strong>praxi</strong></span> <span class='ocrx_word' id='word_1_372' title='bbox 295 3201 366 3244; x_wconf 90' lang='lat' dir='ltr'><strong>ac</strong></span> <span class='ocrx_word' id='word_1_373' title='bbox 411 3177 838 3242; x_wconf 84' lang='lat' dir='ltr'><strong>renovatione.</strong></span> <span class='ocrx_word' id='word_1_374' title='bbox 875 3178 1056 3262; x_wconf 84' lang='lat' dir='ltr'><strong>[pag.</strong></span> <span class='ocrx_word' id='word_1_375' title='bbox 1091 3177 1252 3264; x_wconf 79' lang='lat'>459]</span> <span class='ocrx_word' id='word_1_376' title='bbox 1279 3181 1461 3262; x_wconf 83' lang='lat' dir='ltr'><strong>Apoc.</strong></span> <span class='ocrx_word' id='word_1_377' title='bbox 1490 3180 1547 3240; x_wconf 84' lang='lat'><strong>2.</strong></span> <span class='ocrx_word' id='word_1_378' title='bbox 1593 3180 1692 3242; x_wconf 88' lang='grc'><strong>17.</strong></span> <span class='ocrx_word' id='word_1_379' title='bbox 1720 3183 1779 3243; x_wconf 86' lang='grc'><strong>3.</strong></span> <span class='ocrx_word' id='word_1_380' title='bbox 1841 3181 2007 3258; x_wconf 76' lang='lat' dir='ltr'><strong>Quia</strong></span> <span class='ocrx_word' id='word_1_381' title='bbox 2030 3180 2423 3265; x_wconf 80' lang='lat' dir='ltr'><strong>irregeniti&amp;</strong></span> <span class='ocrx_word' id='word_1_382' title='bbox 2448 3179 2755 3244; x_wconf 86' lang='lat' dir='ltr'><strong>animales</strong></span> <span class='ocrx_word' id='word_1_383' title='bbox 2781 3180 2988 3244; x_wconf 86' lang='lat' dir='ltr'><strong>homi·</strong></span> 
     </span>
     <span class='ocr_line' id='line_1_33' title="bbox 83 3266 2985 3352; baseline 0.001 -24"><span class='ocrx_word' id='word_1_384' title='bbox 83 3287 178 3330; x_wconf 83' lang='lat' dir='ltr'><strong>nes</strong></span> <span class='ocrx_word' id='word_1_385' title='bbox 199 3289 340 3332; x_wconf 90' lang='lat' dir='ltr'><strong>eam</strong></span> <span class='ocrx_word' id='word_1_386' title='bbox 387 3289 514 3332; x_wconf 90' lang='lat' dir='ltr'><strong>non</strong></span> <span class='ocrx_word' id='word_1_387' title='bbox 547 3266 806 3350; x_wconf 90' lang='lat' dir='ltr'><strong>capiunt</strong></span> <span class='ocrx_word' id='word_1_388' title='bbox 835 3288 949 3330; x_wconf 90' lang='lat' dir='ltr'><strong>nec</strong></span> <span class='ocrx_word' id='word_1_389' title='bbox 980 3267 1047 3330; x_wconf 91' lang='lat' dir='ltr'><strong>in</strong></span> <span class='ocrx_word' id='word_1_390' title='bbox 1077 3267 1284 3350; x_wconf 87' lang='lat' dir='ltr'><strong>specie</strong></span> <span class='ocrx_word' id='word_1_391' title='bbox 1309 3290 1420 3331; x_wconf 89' lang='lat' dir='ltr'><strong>seu</strong></span> <span class='ocrx_word' id='word_1_392' title='bbox 1445 3267 1774 3352; x_wconf 87' lang='lat' dir='ltr'><strong>objective,</strong></span> <span class='ocrx_word' id='word_1_393' title='bbox 1807 3268 2011 3332; x_wconf 89' lang='lat' dir='ltr'><strong>necin</strong></span> <span class='ocrx_word' id='word_1_394' title='bbox 2037 3267 2361 3333; x_wconf 89' lang='lat' dir='ltr'><strong>individuo</strong></span> <span class='ocrx_word' id='word_1_395' title='bbox 2398 3290 2511 3332; x_wconf 91' lang='lat' dir='ltr'><strong>seu</strong></span> <span class='ocrx_word' id='word_1_396' title='bbox 2548 3268 2894 3351; x_wconf 85' lang='lat' dir='ltr'><strong>subjective</strong></span> <span class='ocrx_word' id='word_1_397' title='bbox 2920 3270 2985 3332; x_wconf 92' lang='lat' dir='ltr'><strong>in</strong></span> 
     </span>
     <span class='ocr_line' id='line_1_34' title="bbox 83 3355 2987 3441; baseline 0 -21"><span class='ocrx_word' id='word_1_398' title='bbox 83 3375 200 3420; x_wconf 74' lang='lat' dir='ltr'><strong>sese</strong></span> <span class='ocrx_word' id='word_1_399' title='bbox 229 3361 344 3421; x_wconf 86' lang='lat' dir='ltr'><strong>aut</strong></span> <span class='ocrx_word' id='word_1_400' title='bbox 388 3356 458 3420; x_wconf 91' lang='lat' dir='ltr'><strong>in</strong></span> <span class='ocrx_word' id='word_1_401' title='bbox 511 3356 657 3420; x_wconf 87' lang='lat' dir='ltr'><strong>aliis</strong></span> <span class='ocrx_word' id='word_1_402' title='bbox 709 3357 965 3439; x_wconf 79' lang='lat' dir='ltr'><strong>Apocae.</strong></span> <span class='ocrx_word' id='word_1_403' title='bbox 997 3357 1058 3419; x_wconf 90' lang='grc'><strong>2.</strong></span> <span class='ocrx_word' id='word_1_404' title='bbox 1099 3355 1198 3419; x_wconf 84' lang='grc'><strong>17.</strong></span> <span class='ocrx_word' id='word_1_405' title='bbox 1231 3357 1501 3421; x_wconf 67' lang='lat' dir='ltr'><strong>Ichana.</strong></span> <span class='ocrx_word' id='word_1_406' title='bbox 1551 3357 1610 3421; x_wconf 86' lang='lat'><strong>3.</strong></span> <span class='ocrx_word' id='word_1_407' title='bbox 1641 3357 1702 3421; x_wconf 89' lang='grc'><strong>8.</strong></span> <span class='ocrx_word' id='word_1_408' title='bbox 1733 3355 1796 3421; x_wconf 70' lang='grc' dir='ltr'><strong>ἃ·</strong></span> <span class='ocrx_word' id='word_1_409' title='bbox 1831 3359 1931 3422; x_wconf 87' lang='grc'><strong>14.</strong></span> <span class='ocrx_word' id='word_1_410' title='bbox 1966 3358 2066 3422; x_wconf 89' lang='grc'><strong>18.</strong></span> <span class='ocrx_word' id='word_1_411' title='bbox 2092 3357 2155 3420; x_wconf 87' lang='grc'><strong>4.</strong></span> <span class='ocrx_word' id='word_1_412' title='bbox 2213 3357 2375 3439; x_wconf 72' lang='lat' dir='ltr'><strong>Quia</strong></span> <span class='ocrx_word' id='word_1_413' title='bbox 2410 3356 2544 3441; x_wconf 89' lang='lat' dir='ltr'><strong>ipse</strong></span> <span class='ocrx_word' id='word_1_414' title='bbox 2570 3356 2895 3440; x_wconf 84' lang='lat' dir='ltr'><strong>regenitus</strong></span> <span class='ocrx_word' id='word_1_415' title='bbox 2918 3358 2987 3421; x_wconf 89' lang='lat' dir='ltr'><strong>in</strong></span> 
     </span>
     <span class='ocr_line' id='line_1_35' title="bbox 83 3444 2983 3530; baseline 0.001 -26"><span class='ocrx_word' id='word_1_416' title='bbox 83 3444 270 3526; x_wconf 78' lang='lat' dir='ltr'><strong>seipso</strong></span> <span class='ocrx_word' id='word_1_417' title='bbox 322 3445 578 3530; x_wconf 85' lang='lat' dir='ltr'><strong>singula</strong></span> <span class='ocrx_word' id='word_1_418' title='bbox 623 3447 944 3508; x_wconf 89' lang='lat' dir='ltr'><strong>momenta</strong></span> <span class='ocrx_word' id='word_1_419' title='bbox 990 3445 1036 3509; x_wconf 70' lang='grc' dir='ltr'><strong>δι</strong></span> <span class='ocrx_word' id='word_1_420' title='bbox 1083 3467 1454 3530; x_wconf 87' lang='lat' dir='ltr'><strong>progressus</strong></span> <span class='ocrx_word' id='word_1_421' title='bbox 1484 3450 1740 3510; x_wconf 83' lang='lat' dir='ltr'><strong>actuum</strong></span> <span class='ocrx_word' id='word_1_422' title='bbox 1789 3450 1981 3529; x_wconf 86' lang='lat' dir='ltr'><strong>atque</strong></span> <span class='ocrx_word' id='word_1_423' title='bbox 2027 3445 2363 3512; x_wconf 86' lang='lat' dir='ltr'><strong>effectuum</strong></span> <span class='ocrx_word' id='word_1_424' title='bbox 2410 3445 2545 3528; x_wconf 86' lang='lat' dir='ltr'><strong>ejus</strong></span> <span class='ocrx_word' id='word_1_425' title='bbox 2577 3444 2983 3528; x_wconf 86' lang='lat' dir='ltr'><strong>(praesertim</strong></span> 
     </span>
     <span class='ocr_line' id='line_1_36' title="bbox 81 3529 2981 3618; baseline 0.002 -26"><span class='ocrx_word' id='word_1_426' title='bbox 81 3529 436 3616; x_wconf 89' lang='lat' dir='ltr'><strong>initialium)</strong></span> <span class='ocrx_word' id='word_1_427' title='bbox 468 3555 612 3599; x_wconf 88' lang='lat' dir='ltr'><strong>cum</strong></span> <span class='ocrx_word' id='word_1_428' title='bbox 635 3533 1124 3598; x_wconf 88' lang='lat' dir='ltr'><strong>circumstantiis</strong></span> <span class='ocrx_word' id='word_1_429' title='bbox 1149 3535 1194 3599; x_wconf 83' lang='lat'>&amp;</span> <span class='ocrx_word' id='word_1_430' title='bbox 1215 3533 1646 3598; x_wconf 85' lang='lat' dir='ltr'><strong>occasionibus</strong></span> <span class='ocrx_word' id='word_1_431' title='bbox 1678 3533 2168 3618; x_wconf 87' lang='lat' dir='ltr'><strong>particularibus</strong></span> <span class='ocrx_word' id='word_1_432' title='bbox 2186 3535 2541 3610; x_wconf 88' lang='lat' dir='ltr'><strong>observare,</strong></span> <span class='ocrx_word' id='word_1_433' title='bbox 2568 3532 2981 3617; x_wconf 81' lang='lat' dir='ltr'><strong>distinguere,</strong></span> 
     </span>
     <span class='ocr_line' id='line_1_37' title="bbox 83 3618 2982 3707; baseline 0.001 -24"><span class='ocrx_word' id='word_1_434' title='bbox 83 3619 120 3683; x_wconf 77' lang='lat'><strong>8:</strong></span> <span class='ocrx_word' id='word_1_435' title='bbox 149 3618 400 3694; x_wconf 69' lang='grc' dir='ltr'><strong>ἀκριβῶς</strong></span> <span class='ocrx_word' id='word_1_436' title='bbox 429 3622 772 3707; x_wconf 84' lang='lat' dir='ltr'><strong>dijudicare</strong></span> <span class='ocrx_word' id='word_1_437' title='bbox 807 3643 932 3685; x_wconf 89' lang='lat' dir='ltr'><strong>non</strong></span> <span class='ocrx_word' id='word_1_438' title='bbox 959 3622 1157 3686; x_wconf 88' lang='lat' dir='ltr'><strong>valet:</strong></span> <span class='ocrx_word' id='word_1_439' title='bbox 1206 3624 1438 3687; x_wconf 89' lang='lat' dir='ltr'><strong>nedum</strong></span> <span class='ocrx_word' id='word_1_440' title='bbox 1479 3621 1624 3686; x_wconf 87' lang='lat' dir='ltr'><strong>aliis</strong></span> <span class='ocrx_word' id='word_1_441' title='bbox 1655 3645 1969 3688; x_wconf 86' lang='lat' dir='ltr'><strong>enarrare.</strong></span> <span class='ocrx_word' id='word_1_442' title='bbox 2016 3621 2137 3687; x_wconf 88' lang='lat' dir='ltr'><strong>Est</strong></span> <span class='ocrx_word' id='word_1_443' title='bbox 2160 3622 2327 3688; x_wconf 88' lang='lat' dir='ltr'><strong>enim</strong></span> <span class='ocrx_word' id='word_1_444' title='bbox 2360 3621 2527 3705; x_wconf 91' lang='lat' dir='ltr'><strong>quod</strong></span> <span class='ocrx_word' id='word_1_445' title='bbox 2549 3621 2823 3686; x_wconf 88' lang='lat' dir='ltr'><strong>sentitur</strong></span> <span class='ocrx_word' id='word_1_446' title='bbox 2846 3644 2982 3686; x_wconf 87' lang='lat' dir='ltr'><strong>ma-</strong></span> 
     </span>
     <span class='ocr_line' id='line_1_38' title="bbox 83 3708 2983 3796; baseline 0.001 -26"><span class='ocrx_word' id='word_1_447' title='bbox 83 3709 186 3790; x_wconf 77' lang='lat' dir='ltr'><strong>gis,</strong></span> <span class='ocrx_word' id='word_1_448' title='bbox 219 3733 410 3795; x_wconf 87' lang='lat' dir='ltr'><strong>quam</strong></span> <span class='ocrx_word' id='word_1_449' title='bbox 433 3710 681 3775; x_wconf 89' lang='lat' dir='ltr'><strong>dicitur.</strong></span> <span class='ocrx_word' id='word_1_450' title='bbox 707 3708 884 3774; x_wconf 87' lang='lat' dir='ltr'><strong>Idem</strong></span> <span class='ocrx_word' id='word_1_451' title='bbox 908 3711 1314 3776; x_wconf 89' lang='lat' dir='ltr'><strong>statuendum</strong></span> <span class='ocrx_word' id='word_1_452' title='bbox 1346 3715 1443 3776; x_wconf 89' lang='lat' dir='ltr'><strong>est</strong></span> <span class='ocrx_word' id='word_1_453' title='bbox 1473 3711 1549 3774; x_wconf 90' lang='lat' dir='ltr'><strong>de</strong></span> <span class='ocrx_word' id='word_1_454' title='bbox 1581 3710 1935 3776; x_wconf 86' lang='lat' dir='ltr'><strong>intensione</strong></span> <span class='ocrx_word' id='word_1_455' title='bbox 1966 3711 2297 3796; x_wconf 87' lang='lat' dir='ltr'><strong>graduum,</strong></span> <span class='ocrx_word' id='word_1_456' title='bbox 2344 3713 2723 3795; x_wconf 57' lang='lat' dir='ltr'><strong>augmento„</strong></span> <span class='ocrx_word' id='word_1_457' title='bbox 2755 3711 2983 3774; x_wconf 84' lang='lat' dir='ltr'><strong>confir-</strong></span> 
     </span>
     <span class='ocr_line' id='line_1_39' title="bbox 83 3797 2979 3884; baseline 0.002 -26"><span class='ocrx_word' id='word_1_458' title='bbox 83 3800 362 3876; x_wconf 87' lang='lat' dir='ltr'><strong>matione,</strong></span> <span class='ocrx_word' id='word_1_459' title='bbox 408 3799 888 3864; x_wconf 86' lang='lat' dir='ltr'><strong>instauratione.</strong></span> <span class='ocrx_word' id='word_1_460' title='bbox 937 3797 1178 3864; x_wconf 86' lang='lat' dir='ltr'><strong>Crescit</strong></span> <span class='ocrx_word' id='word_1_461' title='bbox 1223 3799 1391 3864; x_wconf 89' lang='lat' dir='ltr'><strong>enim</strong></span> <span class='ocrx_word' id='word_1_462' title='bbox 1447 3799 1692 3864; x_wconf 89' lang='lat' dir='ltr'><strong>occulto</strong></span> <span class='ocrx_word' id='word_1_463' title='bbox 1733 3801 1905 3864; x_wconf 88' lang='lat' dir='ltr'><strong>velut</strong></span> <span class='ocrx_word' id='word_1_464' title='bbox 1929 3800 2116 3864; x_wconf 88' lang='lat' dir='ltr'><strong>arbor</strong></span> <span class='ocrx_word' id='word_1_465' title='bbox 2145 3822 2321 3864; x_wconf 87' lang='lat' dir='ltr'><strong>aev0.</strong></span> <span class='ocrx_word' id='word_1_466' title='bbox 2349 3799 2409 3866; x_wconf 81' lang='lat'><strong>5.</strong></span> <span class='ocrx_word' id='word_1_467' title='bbox 2439 3799 2605 3882; x_wconf 76' lang='lat' dir='ltr'><strong>Quia</strong></span> <span class='ocrx_word' id='word_1_468' title='bbox 2636 3797 2903 3884; x_wconf 82' lang='lat' dir='ltr'><strong>mystica</strong></span> <span class='ocrx_word' id='word_1_469' title='bbox 2934 3803 2979 3865; x_wconf 72' lang='grc' dir='ltr'><strong>δε</strong></span> 
     </span>
     <span class='ocr_line' id='line_1_40' title="bbox 83 3886 2980 3972; baseline 0.001 -22"><span class='ocrx_word' id='word_1_470' title='bbox 83 3887 464 3972; x_wconf 69' lang='lat' dir='ltr'><strong>omnipotens</strong></span> <span class='ocrx_word' id='word_1_471' title='bbox 509 3888 622 3952; x_wconf 88' lang='lat' dir='ltr'><strong>illa</strong></span> <span class='ocrx_word' id='word_1_472' title='bbox 673 3887 970 3965; x_wconf 84' lang='lat' dir='ltr'><strong>facilitas,</strong></span> <span class='ocrx_word' id='word_1_473' title='bbox 1013 3893 1138 3970; x_wconf 75' lang='lat' dir='ltr'><strong>qua</strong></span> <span class='ocrx_word' id='word_1_474' title='bbox 1161 3887 1334 3952; x_wconf 89' lang='lat' dir='ltr'><strong>Deus</strong></span> <span class='ocrx_word' id='word_1_475' title='bbox 1359 3909 1729 3952; x_wconf 88' lang='lat' dir='ltr'><strong>concursum</strong></span> <span class='ocrx_word' id='word_1_476' title='bbox 1754 3887 2001 3972; x_wconf 88' lang='lat' dir='ltr'><strong>gratiae</strong></span> <span class='ocrx_word' id='word_1_477' title='bbox 2026 3909 2175 3953; x_wconf 83' lang='lat' dir='ltr'><strong>suae</strong></span> <span class='ocrx_word' id='word_1_478' title='bbox 2207 3889 2467 3971; x_wconf 87' lang='lat' dir='ltr'><strong>adaptat</strong></span> <span class='ocrx_word' id='word_1_479' title='bbox 2490 3887 2691 3952; x_wconf 89' lang='lat' dir='ltr'><strong>libero</strong></span> <span class='ocrx_word' id='word_1_480' title='bbox 2715 3886 2980 3958; x_wconf 81' lang='lat' dir='ltr'><strong>arbitrio</strong></span> 
     </span>
     <span class='ocr_line' id='line_1_41' title="bbox 85 3970 2980 4060; baseline 0.003 -26"><span class='ocrx_word' id='word_1_481' title='bbox 85 3970 364 4056; x_wconf 87' lang='lat' dir='ltr'><strong>humano,</strong></span> <span class='ocrx_word' id='word_1_482' title='bbox 410 3977 504 4042; x_wconf 90' lang='lat' dir='ltr'><strong>ita</strong></span> <span class='ocrx_word' id='word_1_483' title='bbox 537 3983 612 4042; x_wconf 88' lang='lat' dir='ltr'><strong>nt</strong></span> <span class='ocrx_word' id='word_1_484' title='bbox 655 3975 942 4060; x_wconf 83' lang='lat' dir='ltr'><strong>perficiat</strong></span> <span class='ocrx_word' id='word_1_485' title='bbox 990 3976 1168 4050; x_wconf 89' lang='lat' dir='ltr'><strong>illud,</strong></span> <span class='ocrx_word' id='word_1_486' title='bbox 1214 3998 1338 4040; x_wconf 91' lang='lat' dir='ltr'><strong>non</strong></span> <span class='ocrx_word' id='word_1_487' title='bbox 1387 3977 1690 4055; x_wconf 88' lang='lat' dir='ltr'><strong>destruat,</strong></span> <span class='ocrx_word' id='word_1_488' title='bbox 1717 3981 1815 4042; x_wconf 90' lang='lat' dir='ltr'><strong>est</strong></span> <span class='ocrx_word' id='word_1_489' title='bbox 1850 3976 2028 4040; x_wconf 88' lang='lat' dir='ltr'><strong>nobis</strong></span> <span class='ocrx_word' id='word_1_490' title='bbox 2061 3975 2404 4060; x_wconf 87' lang='lat' dir='ltr'><strong>incognita.</strong></span> <span class='ocrx_word' id='word_1_491' title='bbox 2451 3974 2699 4041; x_wconf 88' lang='lat' dir='ltr'><strong>Scimus</strong></span> <span class='ocrx_word' id='word_1_492' title='bbox 2724 3976 2980 4060; x_wconf 86' lang='lat' dir='ltr'><strong>quidem</strong></span> 
     </span>
     <span class='ocr_line' id='line_1_42' title="bbox 86 4063 2977 4150; baseline 0.003 -30"><span class='ocrx_word' id='word_1_493' title='bbox 86 4065 232 4142; x_wconf 81' lang='lat' dir='ltr'><strong>quod</strong></span> <span class='ocrx_word' id='word_1_494' title='bbox 255 4067 372 4130; x_wconf 87' lang='lat' dir='ltr'><strong>sit:</strong></span> <span class='ocrx_word' id='word_1_495' title='bbox 399 4068 472 4125; x_wconf 76' lang='grc' dir='ltr'><strong>τὸ</strong></span> <span class='ocrx_word' id='word_1_496' title='bbox 494 4065 806 4149; x_wconf 88' lang='lat' dir='ltr'><strong>quomodo</strong></span> <span class='ocrx_word' id='word_1_497' title='bbox 831 4086 1134 4148; x_wconf 78' lang='lat' dir='ltr'><strong>magnam</strong></span> <span class='ocrx_word' id='word_1_498' title='bbox 1157 4069 1402 4148; x_wconf 89' lang='lat' dir='ltr'><strong>partem</strong></span> <span class='ocrx_word' id='word_1_499' title='bbox 1431 4063 1610 4129; x_wconf 86' lang='lat' dir='ltr'><strong>docte</strong></span> <span class='ocrx_word' id='word_1_500' title='bbox 1633 4065 2023 4150; x_wconf 80' lang='lat' dir='ltr'><strong>ignoramus,</strong></span> <span class='ocrx_word' id='word_1_501' title='bbox 2070 4063 2208 4140; x_wconf 83' lang='lat' dir='ltr'><strong>Quo</strong></span> <span class='ocrx_word' id='word_1_502' title='bbox 2254 4063 2409 4128; x_wconf 88' lang='lat' dir='ltr'><strong>facit</strong></span> <span class='ocrx_word' id='word_1_503' title='bbox 2434 4063 2702 4128; x_wconf 88' lang='lat' dir='ltr'><strong>illustris</strong></span> <span class='ocrx_word' id='word_1_504' title='bbox 2726 4069 2977 4129; x_wconf 90' lang='lat' dir='ltr'><strong>senten-</strong></span> 
     </span>
     <span class='ocr_line' id='line_1_43' title="bbox 86 4148 2980 4237; baseline 0.002 -24"><span class='ocrx_word' id='word_1_505' title='bbox 86 4148 165 4213; x_wconf 81' lang='lat' dir='ltr'><strong>tia</strong></span> <span class='ocrx_word' id='word_1_506' title='bbox 187 4155 479 4236; x_wconf 69' lang='grc' dir='ltr'><strong>ΟαῘεεαηί,</strong></span> <span class='ocrx_word' id='word_1_507' title='bbox 504 4176 696 4236; x_wconf 87' lang='lat' dir='ltr'><strong>quam</strong></span> <span class='ocrx_word' id='word_1_508' title='bbox 713 4175 856 4218; x_wconf 86' lang='lat' dir='ltr'><strong>cum</strong></span> <span class='ocrx_word' id='word_1_509' title='bbox 888 4154 1030 4217; x_wconf 86' lang='lat' dir='ltr'><strong>aliis</strong></span> <span class='ocrx_word' id='word_1_510' title='bbox 1056 4153 1432 4236; x_wconf 87' lang='lat' dir='ltr'><strong>quibusdam</strong></span> <span class='ocrx_word' id='word_1_511' title='bbox 1455 4154 1794 4237; x_wconf 71' lang='lat' dir='ltr'><strong>Anquseini</strong></span> <span class='ocrx_word' id='word_1_512' title='bbox 1822 4153 2157 4217; x_wconf 86' lang='lat' dir='ltr'><strong>citavimus</strong></span> <span class='ocrx_word' id='word_1_513' title='bbox 2181 4151 2417 4235; x_wconf 87' lang='lat' dir='ltr'><strong>partim</strong></span> <span class='ocrx_word' id='word_1_514' title='bbox 2462 4153 2529 4216; x_wconf 90' lang='lat' dir='ltr'><strong>in</strong></span> <span class='ocrx_word' id='word_1_515' title='bbox 2560 4165 2733 4218; x_wconf 76' lang='lat' dir='ltr'><strong>tract.</strong></span> <span class='ocrx_word' id='word_1_516' title='bbox 2764 4166 2980 4219; x_wconf 80' lang='lat' dir='ltr'><strong>comm</strong></span> 
     </span>
     <span class='ocr_line' id='line_1_44' title="bbox 95 4235 2978 4326; baseline 0.001 -25"><span class='ocrx_word' id='word_1_517' title='bbox 95 4237 376 4322; x_wconf 63' lang='lat' dir='ltr'><strong>wemma,</strong></span> <span class='ocrx_word' id='word_1_518' title='bbox 425 4243 660 4326; x_wconf 76' lang='lat' dir='ltr'><strong>paitim</strong></span> <span class='ocrx_word' id='word_1_519' title='bbox 707 4243 772 4306; x_wconf 89' lang='lat' dir='ltr'><strong>iu</strong></span> <span class='ocrx_word' id='word_1_520' title='bbox 806 4243 1066 4308; x_wconf 72' lang='lat' dir='ltr'><strong>Dis-sert.</strong></span> <span class='ocrx_word' id='word_1_521' title='bbox 1093 4243 1168 4307; x_wconf 77' lang='lat' dir='ltr'><strong>de</strong></span> <span class='ocrx_word' id='word_1_522' title='bbox 1201 4235 1492 4306; x_wconf 67' lang='lat' dir='ltr'><strong>Termino</strong></span> <span class='ocrx_word' id='word_1_523' title='bbox 1535 4243 1712 4308; x_wconf 71' lang='lat' dir='ltr'><strong>Vitae.</strong></span> <span class='ocrx_word' id='word_1_524' title='bbox 1746 4241 1925 4316; x_wconf 85' lang='lat' dir='ltr'><strong>Quod</strong></span> <span class='ocrx_word' id='word_1_525' title='bbox 1949 4245 2165 4304; x_wconf 88' lang='lat' dir='ltr'><strong>tamen</strong></span> <span class='ocrx_word' id='word_1_526' title='bbox 2189 4240 2631 4324; x_wconf 88' lang='lat' dir='ltr'><strong>cognoscibilis</strong></span> <span class='ocrx_word' id='word_1_527' title='bbox 2656 4241 2723 4304; x_wconf 91' lang='lat' dir='ltr'><strong>in</strong></span> <span class='ocrx_word' id='word_1_528' title='bbox 2748 4242 2978 4306; x_wconf 85' lang='lat' dir='ltr'><strong>indivi-</strong></span> 
     </span>
     <span class='ocr_line' id='line_1_45' title="bbox 87 4323 2979 4415; baseline 0.002 -25"><span class='ocrx_word' id='word_1_529' title='bbox 87 4323 194 4390; x_wconf 83' lang='lat' dir='ltr'><strong>duo</strong></span> <span class='ocrx_word' id='word_1_530' title='bbox 221 4333 298 4395; x_wconf 87' lang='lat' dir='ltr'><strong>ab</strong></span> <span class='ocrx_word' id='word_1_531' title='bbox 333 4353 710 4415; x_wconf 87' lang='lat' dir='ltr'><strong>unoquoque</strong></span> <span class='ocrx_word' id='word_1_532' title='bbox 735 4330 844 4413; x_wconf 89' lang='lat' dir='ltr'><strong>qui</strong></span> <span class='ocrx_word' id='word_1_533' title='bbox 871 4353 1012 4396; x_wconf 91' lang='lat' dir='ltr'><strong>eam</strong></span> <span class='ocrx_word' id='word_1_534' title='bbox 1040 4331 1234 4394; x_wconf 89' lang='lat' dir='ltr'><strong>habet</strong></span> <span class='ocrx_word' id='word_1_535' title='bbox 1273 4333 1318 4396; x_wconf 84' lang='lat'><strong>&amp;</strong></span> <span class='ocrx_word' id='word_1_536' title='bbox 1343 4330 1598 4412; x_wconf 90' lang='lat' dir='ltr'><strong>quidem</strong></span> <span class='ocrx_word' id='word_1_537' title='bbox 1624 4331 1985 4414; x_wconf 85' lang='lat' dir='ltr'><strong>cognitione</strong></span> <span class='ocrx_word' id='word_1_538' title='bbox 2011 4352 2084 4394; x_wconf 85' lang='lat' dir='ltr'><strong>ac</strong></span> <span class='ocrx_word' id='word_1_539' title='bbox 2107 4329 2484 4394; x_wconf 86' lang='lat' dir='ltr'><strong>certitudine</strong></span> <span class='ocrx_word' id='word_1_540' title='bbox 2510 4330 2716 4415; x_wconf 85' lang='lat' dir='ltr'><strong>magis</strong></span> <span class='ocrx_word' id='word_1_541' title='bbox 2741 4331 2979 4395; x_wconf 71' lang='lat' dir='ltr'><strong>directa</strong></span> 
     </span>
     <span class='ocr_line' id='line_1_46' title="bbox 89 4415 2977 4505; baseline -0 -23"><span class='ocrx_word' id='word_1_542' title='bbox 89 4415 125 4480; x_wconf 67' lang='grc' dir='ltr'><strong><em>ἃ</em></strong></span> <span class='ocrx_word' id='word_1_543' title='bbox 161 4422 331 4500; x_wconf 83' lang='lat' dir='ltr'><strong>quasi</strong></span> <span class='ocrx_word' id='word_1_544' title='bbox 377 4422 455 4485; x_wconf 80' lang='lat' dir='ltr'><strong>‹le</strong></span> <span class='ocrx_word' id='word_1_545' title='bbox 503 4421 712 4504; x_wconf 80' lang='lat' dir='ltr'><strong>plano,</strong></span> <span class='ocrx_word' id='word_1_546' title='bbox 761 4421 950 4505; x_wconf 82' lang='lat' dir='ltr'><strong>(quae</strong></span> <span class='ocrx_word' id='word_1_547' title='bbox 997 4425 1094 4482; x_wconf 86' lang='lat' dir='ltr'><strong>est</strong></span> <span class='ocrx_word' id='word_1_548' title='bbox 1133 4441 1210 4482; x_wconf 82' lang='lat' dir='ltr'><strong>ex</strong></span> <span class='ocrx_word' id='word_1_549' title='bbox 1235 4420 1527 4490; x_wconf 59' lang='grc' dir='ltr'><strong><em>αἰσθήσει,</em></strong></span> <span class='ocrx_word' id='word_1_550' title='bbox 1557 4421 1602 4483; x_wconf 69' lang='grc' dir='ltr'>ἃ</span> <span class='ocrx_word' id='word_1_551' title='bbox 1628 4419 1887 4496; x_wconf 87' lang='lat' dir='ltr'><strong>intuitu,</strong></span> <span class='ocrx_word' id='word_1_552' title='bbox 1920 4421 1965 4484; x_wconf 70' lang='grc' dir='ltr'><strong>δι</strong></span> <span class='ocrx_word' id='word_1_553' title='bbox 1991 4417 2169 4482; x_wconf 82' lang='lat' dir='ltr'><strong>suavi</strong></span> <span class='ocrx_word' id='word_1_554' title='bbox 2194 4422 2407 4498; x_wconf 78' lang='lat' dir='ltr'><strong>gustu,</strong></span> <span class='ocrx_word' id='word_1_555' title='bbox 2435 4441 2509 4482; x_wconf 77' lang='lat' dir='ltr'><strong>ex</strong></span> <span class='ocrx_word' id='word_1_556' title='bbox 2536 4418 2901 4482; x_wconf 78' lang='lat' dir='ltr'><strong>testimonio</strong></span> <span class='ocrx_word' id='word_1_557' title='bbox 2933 4423 2977 4485; x_wconf 66' lang='lat'><strong>82</strong></span> 
     </span>
     <span class='ocr_line' id='line_1_47' title="bbox 2804 4512 2978 4570; baseline 0 0"><span class='ocrx_word' id='word_1_558' title='bbox 2804 4512 2978 4570; x_wconf 84' lang='lat' dir='ltr'><strong>tactu</strong></span> 
     </span>
    </p>
   </div>
  </div>
 </body>
</html>
