3694 4871
754 289 2484 357 D1sp.111.DnJunnm-Jusmninm.
3011 297 3089 359 71

170 479 367 542 siones
388 477 457 542 in
484 477 933 554 haereditateS,
959 480 1317 542 contractus
1344 479 1683 562 emptionis
1708 481 1751 545 81
1776 479 2176 556 venditionis,
2209 482 2255 545 a
2286 479 2490 563 pretia
2513 502 2727 544 rerum
2751 481 3094 560 venalium,

167 569 211 632 ἃ
252 570 613 630 contractus
657 565 864 629 mutui
905 571 1095 649 atque
1138 588 1493 643 usurarum,
1522 590 1683 650 quae
1701 569 1844 652 jure
1871 567 2082 631 divino
2108 573 2149 629 a
2174 568 2454 632 naturali
2477 591 2604 632 non
2635 574 2783 632 sunt
2809 569 3092 634 illicitae.

168 655 225 717 3.
270 654 619 718 Distinctio
666 658 783 732 est,
832 653 872 717 J
880 677 951 718 us
998 654 1282 719 divinum
1328 662 1371 718 δι
1402 657 1692 720 naturale
1724 656 1899 720 aliud
1922 660 2018 720 est
2041 656 2403 740 positivum,
2430 656 2602 720 aliud
2629 657 3092 740 permissivum.

164 742 278 806 His
317 743 837 807 distinctionibus
864 743 1229 827 praemissis
1256 744 1519 808 dicimus
1553 743 1973 829 Magistratus
2001 745 2430 821 autoritatem,
2480 745 2674 830 leges,
2693 746 2931 830 judicia
2955 769 3092 810 mo-

161 834 303 896 dum
350 853 589 915 ponere
630 831 820 896 rebus
866 839 905 894 δι
942 832 1294 896 actionibus
1335 833 1401 896 in
1448 856 1513 897 se
1544 840 1584 894 δι
1618 856 1731 897 suo
1749 855 1981 916 genere
2007 855 2131 896 non
2157 833 2417 908 illicitis,
2453 856 2566 898 nec
2581 835 2724 918 jure
2750 834 2959 899 divino
2985 839 3096 900 aut

162 921 434 984 naturali
460 920 805 1004 prohibitis
826 944 840 994 ;
867 921 943 984 de
968 920 1199 1003 quibus
1218 922 1361 1005 jure
1386 922 1599 985 divino
1620 921 1995 1004 permissivo
2027 926 2310 1004 potestas
2337 922 2798 986 determinandi
2821 930 2860 984 δι
2889 924 3094 1007 appli-

159 1009 329 1073 candi
347 1010 701 1074 secundum
720 1009 1227 1074 circumstantias
1244 1033 1475 1088 rerum,
1497 1032 1928 1094 personarum,
1950 1010 2612 1094 locorum,temporum
2627 1012 2784 1094 ipsis
2801 1033 3094 1076 concessa

159 1105 269 1162 est.
296 1097 385 1161 Et
409 1121 559 1162 cum
584 1097 987 1161 rationaliter
1012 1121 1083 1162 ac
1093 1099 1264 1181 juste
1290 1099 1453 1162 circa
1478 1121 1585 1162 eas
1609 1099 1862 1182 legibus
1885 1098 2019 1164 suis
2043 1099 2443 1176 determinat,
2471 1099 2768 1164 constitui
2793 1104 2930 1164 tum
2949 1101 3096 1166 illas

160 1187 219 1250 in
262 1209 503 1269 genere
553 1193 597 1248 δι
646 1190 817 1250 statu
868 1187 1221 1251 licitorum:
1272 1211 1324 1250 e.
1353 1209 1417 1271 g.
1447 1191 1517 1251 ut
1540 1187 1783 1251 nummi
1810 1188 1934 1251 isto
1961 1186 2162 1270 pretio
2187 1191 2299 1251 aut
2325 1188 2557 1264 valore,
2587 1209 2712 1252 non
2732 1188 2959 1272 majori
2983 1194 3095 1254 aut

160 1275 379 1340 minori
432 1280 867 1352 numerentur,
917 1281 989 1339 ut
1035 1276 1161 1340 ista
1206 1276 1365 1340 hora-
1397 1280 1508 1340 aut
1530 1276 1653 1340 isto
1674 1280 1957 1360 tempore
1981 1298 2174 1339 naves
2199 1276 2470 1354 solvant,
2496 1280 2567 1340 ut
2593 1285 2736 1360 post
2760 1277 2950 1340 istam
2983 1282 3094 1342 aut

158 1364 341 1428 istam
366 1364 597 1429 horam
622 1365 1051 1448 vespertinam
1078 1365 1215 1428 sine
1240 1366 1495 1429 lucerna
1519 1387 1703 1429 nemo
1728 1365 1792 1428 in
1826 1364 2150 1448 publicum
2174 1366 2456 1447 prodeat,
2482 1370 2553 1429 ut
2577 1388 2795 1431 carnes
2821 1367 3094 1450 agninae

158 1459 298 1516 ante
338 1475 627 1517 mensem
674 1475 935 1517 vernum
982 1476 1106 1517 non
1141 1454 1271 1518 sint
1317 1455 1571 1518 venales
1602 1454 1668 1516 in
1693 1454 1978 1530 mace110,
2003 1475 2080 1516 ne
2105 1452 2450 1536 piscatores
2473 1453 2769 1518 halecum
2791 1460 2940 1518 ante
2964 1455 3092 1520 tale

162 1541 253 1603 vel
298 1542 433 1606 tale
483 1546 737 1624 tempus
784 1547 919 1606 rete
952 1542 1225 1626 ejiciant,
1254 1546 1366 1606 aut
1389 1547 1605 1626 captos
1630 1542 1881 1606 haleces
1913 1563 2132 1605 verum
2165 1546 2502 1626 exponant,
2529 1547 2602 1606 ut
2625 1542 2848 1606 foenus
2879 1544 3092 1607 nauti-

159 1651 291 1692 cum
340 1637 387 1691 8ae
420 1630 721 1712 vulgares
767 1652 997 1694 usurae
1044 1635 1465 1695 mercatorum
1496 1631 1624 1694 tale
1656 1631 1752 1693 vel
1780 1631 1905 1693 tale
1930 1630 2208 1714 pretium
2230 1653 2356 1694 non
2383 1632 2707 1696 excedant.
2757 1631 2900 1696 Huc
2924 1633 3092 1696 refer

160 1718 488 1802 plerasque
546 1719 722 1802 leges
770 1720 1075 1802 speciales
1104 1720 1400 1783 militum.
1450 1718 1635 1784 Unde
1661 1719 2119 1782 consectarium
2147 1719 2451 1795 educitur,
2481 1721 2657 1804 [pag.
2687 1721 2846 1804 400]
2872 1725 3092 1785 contra

162 1807 309 1870 duas
356 1807 773 1890 gravissimas
822 1807 1353 1873 hallucinationes
1408 1815 1449 1869 ὃς
1506 1807 1906 1872 confusiones
1961 1829 2122 1890 quae
2173 1811 2210 1871 a
2255 1809 2576 1872 nonnullis
2609 1809 3092 1873 committuntur

162 1894 319 1958 circa
344 1896 557 1960 varios
580 1897 1001 1960 conscientiae
1034 1919 1250 1960 casus:
1278 1897 1562 1973 Quarum
1594 1918 1728 1962 una
1753 1900 1870 1972 est,
1899 1919 2040 1960 cum
2082 1896 2302 1960 modus
2329 1903 2372 1957 δι
2397 1897 2840 1961 determinatio
2865 1895 3090 1982 Magi-

162 1987 393 2048 stratus
447 1985 613 2048 circa
664 2007 739 2048 ea
764 2007 925 2069 quae
957 1989 1104 2048 sunt
1120 1986 1283 2069 juris
1310 1985 1505 2049 divini
1532 1984 1908 2065 permissivi,
1946 1991 1988 2045 δι
2021 1988 2474 2066 consequenter
2505 1985 2572 2048 in
2596 2008 2661 2049 se
2687 2007 2814 2049 non
2840 1986 3089 2064 illicita,

164 2073 517 2138 extenditur
566 2075 919 2157 promiscue
968 2075 1046 2137 ad
1072 2074 1331 2157 quaevis
1366 2073 1492 2137 alia
1517 2074 1659 2157 jure
1686 2073 1898 2136 divino
1923 2079 1966 2134 δι
1990 2073 2269 2136 naturali
2293 2073 2564 2156 positivo
2587 2073 2914 2156 prohibita
2939 2081 2982 2135 δι
3007 2075 3088 2138 il-

162 2158 349 2224 lic-ita.
400 2162 474 2225 E.
524 2183 621 2246 gr.
672 2184 815 2226 cum
863 2163 1095 2226 dicitur
1118 2186 1345 2226 usurae
1374 2163 1533 2226 istae
1558 2161 1971 2225 mercatoriae
1999 2168 2042 2222 &
2067 2160 2377 2238 nauticae,
2412 2161 2641 2244 quibus
2668 2161 3089 2246 Magistratus

165 2249 409 2314 modum
436 2250 670 2333 posuit,
702 2258 745 2312 δι,
777 2272 935 2333 quas
962 2274 1033 2315 ac
1058 2251 1208 2334 quia
1238 2255 1407 2315 recte
1433 2259 1487 2312 ὣ
1512 2251 1856 2334 prudenter
1881 2250 1968 2313 sic
1994 2250 2461 2328 determinavit,
2489 2255 2636 2314 sunt
2661 2250 2906 2314 licitae:
2935 2273 3090 2336 ergo

166 2343 195 2395 ἃ
226 2339 481 2420 quaevis
513 2339 679 2402 aliae
706 2340 899 2404 etiam
930 2342 1311 2417 mordentes,
1347 2344 1383 2402 a
1408 2340 1606 2402 fratre
1632 2343 1961 2402 attenuato
1993 2343 2272 2417 exactae,
2321 2345 2364 2400 δι
2389 2338 2645 2421 quidem
2671 2342 2918 2402 retento
2945 2339 3085 2426 pig-

166 2448 305 2491 nore
331 2427 423 2491 rei
445 2429 858 2506 necessariae,
892 2452 1017 2513 qua
1049 2452 1263 2494 carere
1293 2452 1414 2493 non
1452 2432 1682 2512 potest.
1734 2426 1925 2491 Ratio
1957 2427 2442 2511 consequentiae
2472 2427 2630 2511 ipsis
2655 2431 2770 2506 est,
2799 2427 2950 2511 quia
2981 2428 3081 2492 in-

164 2516 419 2580 tercedit
434 2522 545 2581 aut
576 2518 962 2581 intercedere
995 2522 1206 2602 potest
1238 2518 1545 2581 autoritas
1585 2516 2024 2602 Magistratus,
2056 2538 2217 2600 quae
2252 2518 2507 2580 modum
2531 2517 2824 2581 omnibus
2849 2518 3080 2597 usuris,

165 2601 249 2665 ita
293 2610 333 2666 s
384 2605 522 2669 istis
568 2628 803 2689 ponere
852 2610 1091 2689 potest3
1126 2614 1167 2668 δι
1193 2629 1339 2670 cum
1364 2607 1596 2690 posuit,
1623 2606 1819 2669 faciat
1836 2628 1944 2669 eas
1969 2605 2208 2687 absque
2237 2628 2422 2669 omne
2449 2605 2743 2689 scrupulo
2768 2605 2835 2668 in
2859 2628 2925 2669 se
2950 2611 2993 2667 δι
3020 2606 3086 2671 in

168 2688 292 2755 foro
317 2695 733 2759 conscientiae
760 2695 984 2760 licitas
1038 2694 1568 2777 Consequentiam
1592 2695 1793 2769 illam,
1827 2716 1971 2757 cum
2003 2694 2246 2757 ratione
2296 2695 2579 2777 subjecta
2624 2694 3082 2777 inconsequen-

166 2782 285 2844 tem
330 2804 462 2847 esse
510 2782 810 2847 dicimus:
860 2785 1027 2866 quod
1073 2784 1199 2867 ipsi
1244 2784 1431 2847 facile
1480 2783 1801 2860 videbunt,
1838 2782 1932 2845 uti
1957 2804 2162 2865 spem,
2189 2782 2245 2845 si
2269 2782 2544 2847 similem
2567 2783 3084 2865 consequentiam

168 2868 297 2949 quis
342 2876 571 2935 nectat.
621 2870 1035 2936 Venditiones
1078 2873 1347 2937 istarum
1394 2879 1435 2933 &
1468 2872 1737 2935 istarum
1767 2871 2074 2935 mercium
2098 2875 2248 2934 sunt
2271 2870 2504 2945 licitae,
2531 2872 2836 2954 &justum
2866 2893 3084 2936 earum

170 2958 456 3037 pretium:
504 2960 737 3044 quibus
783 2968 824 3022 δι
874 2961 1025 3043 quia
1072 2960 1493 3045 Magistratus
1536 2960 1641 3043 (ad
1666 2981 1823 3043 quos
1843 2960 1987 3043 jure
2013 2959 2224 3023 divino
2249 2966 2290 3021 δι
2319 2960 2596 3023 naturali
2628 2958 2748 3024 hoc
2779 2959 3083 3043 pertinet)

170 3047 407 3111 modum
452 3048 543 3112 ita
592 3050 837 3133 posuit:
874 3049 1047 3135 Ergo
1096 3050 1489 3113 venditiones
1520 3070 1785 3113 uxorum
1812 3049 2060 3131 (quales
2086 3047 2317 3111 alicubi
2343 3048 2407 3110 in
2435 3048 2656 3112 Africa
2681 3048 2875 3112 etiam
2897 3048 3086 3113 hodie

170 3135 424 3199 usitatae
483 3138 855 3219 discuntur,)
904 3145 943 3199 δι
994 3138 1249 3221 quidem
1298 3138 1415 3202 tali
1466 3137 1566 3201 vel
1614 3137 1730 3200 tali
1756 3136 1983 3219 preti0,
2009 3141 2157 3200 sunt
2183 3136 2394 3201 licitae
2416 3161 2430 3212 3
2456 3138 2640 3201 modo
2666 3136 3086 3221 Magistratus

172 3225 405 3289 modum
452 3226 735 3309 aliquem
782 3226 1251 3291 venditionibus
1301 3227 1400 3289 illi
1453 3229 1669 3310 ponat.
1720 3225 1764 3287 &
1790 3225 2066 3309 pretium
2099 3225 2494 3289 determinet.
2545 3225 2710 3302 Quid
2741 3225 3084 3308 responde-

170 3307 361 3377 bunt?
409 3314 509 3378 An
545 3337 671 3379 non
706 3316 937 3391 dicent,
964 3320 1033 3379 ut
1056 3316 1261 3379 dicere
1294 3316 1545 3389 debent,
1578 3313 1637 3377 N
1642 3336 1723 3376 on
1752 3336 1888 3378 esse
1912 3334 2151 3377 merces
2176 3313 2323 3377 illas
2357 3314 2607 3378 venales
2631 3315 2774 3398 jure
2800 3314 3013 3377 divino
3037 3316 3082 3379 ἃ

170 3403 447 3479 naturali,
472 3426 589 3467 nec
624 3426 803 3486 posse
830 3403 1283 3487 Magistratum
1310 3426 1419 3467 eas
1442 3402 1651 3467 facere
1676 3403 1952 3479 venales,
1979 3403 2270 3485 quamvis
2294 3404 2499 3484 pretio
2529 3424 2763 3487 magno
2797 3406 2908 3465 aut
2931 3424 3082 3485 par-

172 3506 241 3549 vo
266 3492 485 3571 posito:
513 3492 601 3556 Et
626 3492 916 3576 quamvis
954 3492 1375 3576 Magistratus
1403 3493 1701 3576 probaret
1727 3492 1922 3554 talem
1947 3490 2395 3567 venditionem,
2438 3492 2604 3555 male
2630 3494 2842 3554 tamen
2871 3492 3082 3573 ipsum

174 3574 487 3655 facturum,
538 3582 583 3647 a
630 3580 821 3644 simul
883 3582 1047 3644 male
1074 3582 1351 3645 facturos
1376 3581 1731 3644 venditores
1762 3580 1806 3644 δι
1834 3584 2185 3655 emptorem
2213 3580 2361 3661 quia
2393 3579 2628 3642 nemini
2653 3583 2990 3662 propterea
3013 3579 3080 3642 in

172 3668 531 3733 conscientia
583 3670 758 3733 licita
784 3669 951 3733 foret
976 3669 1274 3734 venditi0.
1323 3668 1551 3751 Neque
1576 3668 1744 3732 enim
1788 3666 2276 3752 Magistratibus
2303 3668 2640 3731 tribuenda
2669 3672 2766 3731 est
2796 3671 3080 3750 potestas

174 3751 613 3821 ‹ieter-minandi
634 3762 855 3822 contra
873 3759 977 3841 jus
1003 3758 1343 3841 positivum
1374 3758 1656 3822 divinum
1684 3759 1729 3822 &
1754 3757 2067 3832 naturale,
2096 3757 2262 3840 quod
2285 3779 2411 3819 non
2433 3756 2646 3821 minus
2665 3778 2886 3819 usuras
2911 3778 3079 3820 mor-

174 3840 335 3909 daces
378 3846 681 3929 prohibet
734 3848 929 3911 Eaeod.
986 3848 1089 3909 22.
1138 3848 1380 3911 Levitic.
1440 3848 1545 3909 25.
1589 3846 1728 3909 coll.
1758 3868 1902 3910 cum
1939 3846 2487 3929 Ezechiel.18.p3.
2521 3848 2616 3909 15.
2651 3844 2943 3925 Protjerb.
2973 3845 3080 3910 28.

174 3950 341 4011 quam
390 3935 785 3999 venditiones
810 3958 1099 3999 uxorum.
1150 3934 1330 4011 Quod
1362 3935 1414 3999 si
1442 3935 1609 3998 enim
1636 3934 2058 4017 Magistratus
2084 3938 2364 4017 potestas
2399 3934 2522 3997 huc
2547 3955 2745 4016 usque
2771 3934 3078 3996 extenda-

175 4022 279 4088 tur.
316 4024 447 4105 jam
496 4024 929 4087 relaberemur
986 4023 1051 4085 in
1100 4024 1603 4087 abominationes
1629 4022 2170 4086 Antichristianas
2205 4022 2506 4105 Papatus,
2535 4045 2698 4107 quae
2731 4020 2941 4105 Papae
2965 4022 3078 4085 tri-

176 4103 353 4174 buunt
406 4116 793 4195 potestatem
840 4116 1059 4176 contra
1100 4114 1205 4196 jus
1247 4113 1321 4176 de
1364 4113 1507 4195 jure
1557 4111 1982 4194 dispensandi,
2018 4113 2063 4176 &
2087 4111 2162 4175 de
2189 4115 2444 4194 peccato
2468 4134 2592 4175 non
2619 4116 2946 4194 peccatum
2978 4110 3078 4175 fa-

176 4194 373 4263 ciendi.
420 4200 743 4285 Quidquid
790 4201 960 4264 enim
1011 4202 1072 4264 in
1104 4223 1169 4265 se
1203 4203 1248 4266 &
1274 4223 1385 4284 per
1410 4224 1475 4265 se
1494 4202 1637 4283 jure
1663 4200 1877 4263 divino
1903 4204 2014 4263 aut
2037 4199 2316 4263 naturali
2341 4200 2670 4264 moraliter
2691 4200 2934 4263 malum
2959 4204 3078 4279 est,

174 4281 213 4345 ἃ
254 4291 315 4349 ut
364 4290 493 4353 tale
549 4311 624 4353 ex
681 4290 996 4373 scriptura
1042 4293 1152 4353 aut
1194 4294 1365 4353 recta
1390 4288 1636 4353 ratione
1660 4288 2176 4371 deprehenditur,
2195 4310 2320 4351 non
2347 4294 2560 4372 potest
2582 4312 2695 4373 per
2719 4286 3078 4370 Magistra-

178 4374 331 4439 tuum
379 4377 575 4463 legeS,
625 4378 1203 4462 interpretationeS,
1250 4378 1509 4462 judicia,
1544 4380 1925 4453 contractuS,
1944 4376 2412 4461 permissioneS,
2439 4377 2889 4463 indulgentiaS,
2916 4376 3078 4440 tole-

2835 4463 3080 4530 rantias
