3694 4871
462 339 681 409 Disr.
748 339 879 410 VI.
947 341 1059 409 Da
1128 341 1753 410 PaoerArtour.
1822 339 2166 408 PrccA'rl
2233 339 2757 412 onomius.
2959 345 3086 412 157

146 532 367 597 Rivius
402 553 741 597 conversus
764 532 807 598 J
810 532 1048 597 udaeus
1072 534 1144 598 in
1172 533 1431 618 epitome
1452 531 1770 598 doctrinae
1810 531 2260 599 Thalmudicae
2279 551 2343 614 p.
2371 531 2518 597 264.
2546 556 2624 598 ex
2651 534 2802 601 edit.
2827 533 3087 599 Pistorii

140 621 449 686 cumillis
485 621 901 704 scriptoribus
926 620 1350 701 CabalisticiS,
1384 621 1451 684 in
1476 621 1589 686 fol.

238 709 329 774 Et
373 709 533 774 haec
572 711 650 774 ad
674 711 1112 794 quaestionem
1144 711 1446 794 priorem:
1478 710 1557 773 ad
1588 711 2004 793 posteriorem
2028 709 2478 793 respondemus
2504 711 2644 774 istis
2669 713 3086 778 conclusioni-

138 801 287 864 bus.
340 797 391 864 I.
426 801 627 865 Conci.
668 798 878 864 Deum
903 803 1015 862 aut
1039 821 1151 883 per
1181 799 1563 864 creationem
1597 801 1643 865 8⁶
1668 798 2056 863 infusionem
2081 798 2519 864 immediatam
2543 800 2813 880 animae,
2839 805 2950 866 aut
2977 823 3088 884 per

140 910 529 953 concursum
554 910 695 952 cum
722 887 1131 972 generatione
1162 888 1461 967 hominis,
1485 910 1612 971 qua
1635 887 1827 951 homo
1858 891 2124 973 generat
2147 886 2494 967 hominem,
2517 910 2644 951 non
2675 911 2810 954 esse
2834 913 3090 955 causam

140 999 262 1062 per
286 999 358 1041 se
386 983 498 1041 aut
522 978 775 1060 proprie
799 977 1034 1040 dictam
1059 978 1302 1060 peccati
1324 976 1655 1060 originalis
1680 997 1807 1060 qua
1836 975 2007 1053 talis,
2035 980 2148 1040 aut
2169 975 2610 1059 principalem,
2636 983 2749 1042 aut
2771 978 3088 1044 meritori-

138 1089 275 1145 am,
304 1069 421 1131 aut
444 1066 1015 1130 instrumentalem:
1050 1065 1172 1130 Vel
1200 1065 1309 1144 sic,
1337 1063 1544 1129 Deum
1576 1087 1691 1129 nec
1709 1069 1781 1129 ut
1806 1070 2154 1129 creatorem
2178 1085 2291 1147 per
2313 1065 2586 1148 primam
2610 1066 2887 1130 hominis
2919 1089 3094 1132 crea-

138 1156 429 1230 tionem:
478 1176 593 1218 nec
640 1159 711 1218 nt
760 1158 937 1238 [pag.
996 1153 1197 1238 1099]
1246 1153 1741 1238 gubernatorem
1788 1176 1902 1237 per
1949 1153 2410 1236 providentiam
2458 1157 2569 1218 aut
2608 1155 2774 1220 circa
2811 1157 3090 1239 primum

138 1248 483 1328 peccatum
534 1242 785 1321 Adami,
834 1247 947 1306 aut
992 1243 1158 1306 circa
1202 1243 1679 1326 generationem
1728 1265 1779 1306 e.
1830 1264 1894 1326 g.
1946 1241 2125 1320 Titii,
2173 1263 2308 1306 esse
2333 1243 2467 1306 ulla
2489 1244 2734 1308 ratione
2759 1244 3092 1329 originalis

136 1333 419 1416 pecc-ati,
466 1354 593 1416 qna
640 1332 880 1416 peccati
928 1353 1185 1396 causam
1234 1354 1347 1414 per
1374 1353 1440 1393 se
1491 1335 1602 1394 ant
1644 1331 1900 1414 proprie
1925 1332 2186 1394 dictam:
2217 1332 2506 1412 quamvis
2533 1335 2604 1395 ut
2629 1332 3019 1417 gubernator
3045 1336 3090 1400 8⁶

128 1423 359 1502 justus
376 1422 571 1503 judex
594 1421 681 1486 sit
704 1443 895 1485 causa
908 1443 1148 1504 poenae
1160 1420 1344 1484 istius
1360 1441 1471 1483 seu
1490 1420 1773 1503 poenalis
1790 1419 2058 1502 &justae
2077 1419 2582 1500 substractionis,
2601 1442 2727 1504 qua
2743 1421 3091 1501 subtrahit,

138 1510 209 1574 id
262 1513 366 1574 est
412 1532 539 1574 non
586 1509 831 1574 confert
877 1509 923 1575 81
949 1509 1377 1592 comproducit
1400 1509 1748 1593 imaginem
1772 1531 1954 1572 suam
1979 1531 2122 1573 cum
2149 1511 2392 1572 confert
2418 1510 2464 1575 ἃ
2494 1510 2784 1593 producit
2809 1511 3090 1576 animam

135 1599 502 1662 humanam
547 1597 743 1682 (quod
788 1598 1072 1681 alioquin
1102 1598 1255 1662 feeit
1279 1597 1345 1660 in
1376 1598 1787 1681 generatione
1814 1597 2056 1662 Christi
2077 1596 2380 1679 hominis)
2406 1597 2491 1661 sit
2521 1598 2715 1662 etiam
2740 1619 2931 1664 eausa
2954 1621 3090 1665 om-

134 1687 331 1752 nium
384 1686 653 1751 aliorum
706 1687 1215 1751 antecedentium
1254 1686 1495 1769 peccati
1542 1685 1875 1770 originalis
1923 1685 2202 1770 conjugii
2247 1707 2332 1750 sc.
2379 1687 2808 1770 productionis
2841 1689 3092 1752 animae

137 1776 475 1840 humanae
523 1775 569 1840 &
600 1776 797 1839 totius
834 1776 1188 1858 compositi,
1214 1775 1293 1838 ad
1318 1796 1479 1857 quae
1502 1774 1855 1838 necessario
1881 1775 2170 1856 sequitur
2191 1777 2236 1841 &
2261 1774 2479 1839 existit
2502 1776 2568 1839 in
2591 1776 2848 1841 homine
2871 1779 3094 1860 quovis

136 1868 479 1948 peccatum
529 1863 857 1949 originale.
893 1861 1276 1942 SubtractiO,
1310 1864 1385 1927 de
1428 1884 1553 1946 qua
1584 1863 1924 1946 loquimur,
1951 1862 2240 1928 consistit
2264 1884 2386 1926 non
2421 1863 2486 1927 in
2513 1869 2659 1929 actu
2681 1867 2953 1948 positivo
2983 1868 3091 1930 sed

144 1953 520 2017 formaliter
544 1953 609 2016 in
634 1952 885 2017 defectu
908 1973 1021 2016 seu
1044 1951 1401 2016 deficientia
1423 1951 1742 2036 negativa,
1770 1953 1816 2017 a
1838 1952 2094 2035 proprie
2116 1953 2180 2016 in
2207 1974 2331 2016 non
2364 1952 2617 2017 datione
2650 1953 2950 2039 imaginis
2981 1977 3092 2020 seu

140 2041 304 2105 doni
328 2041 689 2127 dirigentis,
715 2041 1101 2125 perficientis
1128 2043 1173 2107 &
1196 2040 1617 2104 modificantis
1644 2043 1922 2105 mentem
1947 2043 1994 2106 δι
2021 2040 2445 2118 voluntatem;
2479 2042 2645 2124 quod
2668 2041 2906 2107 bonum
2931 2042 3090 2107 alio-

138 2131 309 2213 quin
358 2130 649 2194 absolute
696 2131 845 2194 dare
892 2133 1125 2213 posset,
1172 2130 1463 2212 quodque
1511 2151 1585 2192 ex
1628 2128 1769 2212 lege
1816 2129 1864 2193 δι
1901 2129 2196 2193 instituto
2219 2128 2460 2211 primae
2485 2131 2820 2194 creationis
2844 2153 3094 2215 semper

137 2219 450 2283 dedisset:
476 2217 624 2284 Non
649 2219 819 2283 enim
843 2219 907 2282 in
934 2218 1399 2302 suppositosuo
1423 2221 1612 2282 antea
1635 2216 1867 2296 Titius,
1893 2221 2006 2282 aut
2021 2217 2234 2282 anima
2250 2215 2410 2282 'I'itii
2423 2217 2652 2282 habuit
2667 2219 3090 2284 innocentiam

138 2312 191 2376 a
248 2309 602 2392 imaginem
651 2305 793 2381 Dei,
842 2329 1035 2390 quam
1081 2305 1253 2371 Deus
1286 2328 1401 2388 per
1424 2327 1650 2389 corpus
1681 2309 1728 2372 8⁶
1754 2306 2054 2370 unionem
2077 2328 2218 2370 eum
2245 2327 2503 2390 corpore
2528 2311 2750 2389 postea
2777 2307 3088 2384 auferret:

138 2398 261 2462 sed
285 2397 533 2462 ablatio
556 2399 806 2461 tantum
832 2396 1063 2461 dicitur
1085 2400 1375 2497 respectu
1400 2395 1533 2479 ejus
1557 2395 1704 2460 doni
1730 2394 2030 2480 imaginis
2055 2395 2223 2479 quod
2247 2395 2475 2459 habuit
2489 2395 2556 2459 in
2577 2395 2825 2462 Adamo
2841 2397 3086 2462 ratione

138 2486 507 2551 communis
552 2489 841 2565 naturae,
867 2484 1219 2568 tanquam
1202 2507 1266 2548 m
1292 2484 1613 2549 communi
1638 2485 1847 2549 radice
1880 2484 2157 2548 naturali
2184 2486 2230 2551 &
2255 2484 2600 2549 foederali'
2583 2507 2648 2548 1n
2675 2490 2802 2568 qua
2824 2491 3089 2551 natura-

140 2576 300 2640 liter
348 2576 397 2641 &
442 2574 769 2639 moraliter
814 2596 927 2640 seu
978 2573 1384 2638 foederaliter
1430 2573 1750 2637 exstitisse
1795 2576 1842 2639 8⁶
1887 2578 2218 2657 reputatus
2265 2594 2402 2637 esse
2443 2573 2832 2659 intelligitur
2853 2577 2900 2641 81
2923 2575 3092 2659 quod

140 2664 485 2729 habuisset
533 2664 613 2727 ad
636 2664 999 2747 exemplum
1025 2662 1300 2726 Adami
1281 2684 1349 2725 1n
1372 2684 1441 2725 se
1465 2661 1603 2745 ipso
1626 2684 1739 2726 seu
1770 2661 1837 2725 in
1862 2662 2182 2748 supposito
2203 2684 2316 2726 suo
2339 2662 2405 2725 in
2431 2664 2478 2729 86
2499 2684 2645 2726 cum
2669 2663 2876 2747 primo
2899 2686 3092 2750 gene-

144 2752 423 2817 rationis
468 2774 619 2816 snae
666 2756 1005 2832 momente,
1054 2772 1253 2834 aeque
1308 2772 1382 2815 ac
1424 2750 1623 2815 habet
1664 2754 1960 2815 naturam
2006 2750 2053 2816 81
2098 2750 2465 2816 essentialia
2499 2750 2798 2831 hominis,
2825 2754 3092 2817 simulac

141 2841 449 2926 genitum
494 2844 593 2906 est
636 2840 1055 2924 compositum
1102 2838 1451 2904 humanum
1499 2840 1624 2924 (uti
1667 2839 2032 2904 habuerunt
2073 2839 2236 2903 illud
2258 2839 2565 2919 Adamas,
2590 2839 2749 2921 Eva,
2775 2840 3092 2927 Christus)

144 2929 277 2994 nisi
294 2934 627 3013 peccatum
643 2929 923 3013 primum
934 2928 1375 3030 protoplaston
1389 2928 1868 3007 intercessisset,
1887 2930 1934 2995 a
1951 2932 2200 2992 reatum
2216 2926 2390 2993 Titio
2405 2929 2830 3012 imposuisset,
2834 2935 3094 3015 propter

144 3040 349 3122 quem
388 3019 561 3102 J'uste
608 3018 727 3082 hoc
760 3018 990 3083 eximio
1016 3016 1212 3082 dabili
1238 3020 1284 3083 δι
1308 3018 1589 3100 alioquin
1616 3016 1821 3081 dando
1853 3017 2014 3081 dono
2037 3016 2401 3100 deprivatus
2433 3022 2549 3085 est.
2594 3016 2680 3084 ΙΙ.
2711 3020 2911 3086 Concl.
2938 3018 3094 3085 oon-

138 3108 409 3193 jugium
436 3107 481 3172 85
504 3107 1009 3189 conjunctionem
1034 3106 1454 3190 conjugalem,
1480 3108 1593 3170 aut
1615 3106 2092 3189 generationem
2114 3105 2413 3185 hominis,
2438 3110 2552 3171 aut
2581 3111 2878 3191 parentes
2902 3129 3096 3193 gene-

146 3200 394 3274 ranteS‚
444 3199 556 3259 aut
586 3218 822 3274 semen,
848 3199 961 3260 aut
983 3216 1230 3279 corpus,
1255 3216 1381 3259 non
1406 3217 1543 3260 esse
1567 3215 1825 3258 causam
1855 3216 1970 3277 per
1993 3216 2060 3258 se
2083 3198 2195 3258 aut
2217 3195 2472 3279 proprie
2495 3195 2730 3259 dictam
2759 3197 2893 3262 sive
2916 3197 3094 3281 prin-

146 3284 452 3369 cipalem,
484 3284 615 3349 sive
639 3283 1219 3348 instrumentalem:
1254 3284 1365 3347 sed
1388 3306 1523 3348 esse
1548 3304 1805 3348 causam
1824 3304 1941 3367 per
1963 3282 2274 3363 accidens,
2297 3283 2418 3348 hoc
2440 3288 2540 3349 est
2561 3284 2815 3368 proprie
2839 3290 3093 3349 antece-

148 3375 313 3438 dens
330 3424 347 3452 ,
394 3374 475 3437 ad
508 3374 689 3455 'quod
732 3372 1085 3437 necessario
1124 3371 1503 3437 necessitate
1542 3372 2030 3453 consequentiae
2061 3372 2351 3454 sequitur
2390 3376 2719 3456 peccatum
2743 3374 3056 3458 originale
3074 3422 3090 3452 ‚

146 3484 269 3527 seu
295 3484 436 3526 esse
460 3461 737 3525 medium
760 3463 874 3526 aut
886 3482 1143 3526 causam
1160 3460 1297 3525 sine
1315 3482 1441 3543 qua
1457 3482 1583 3526 non
1602 3460 2040 3525 traduceretur
2053 3460 2134 3524 ad
2159 3459 2405 3525 Titium
2427 3511 2444 3541 ,
2475 3464 2588 3526 aut
2612 3461 2680 3525 in
2709 3462 2821 3525 illo
2856 3462 3090 3527 existe-

150 3557 276 3615 ret.
304 3548 473 3625 Quia
517 3550 689 3615 enim
731 3571 849 3634 per
892 3550 1008 3614 illa
1047 3549 1417 3634 producitur
1458 3549 1813 3634 subjectum
1857 3548 2118 3633 peceati,
2146 3547 2357 3613 Titius
2403 3549 2539 3614 scil.
2588 3550 2752 3636 (sine
2797 3572 2925 3635 quo
2963 3572 3090 3614 non

156 3644 264 3705 est
314 3643 645 3723 peccatum
698 3636 887 3722 Titii)
932 3639 1128 3723 vulgo
1160 3639 1269 3703 sed
1314 3638 1687 3723 improprie)
1735 3637 2066 3723 generatio
2091 3637 2200 3720 qui
2235 3637 2502 3703 simulac
2524 3642 2642 3717 est,
2687 3638 2824 3703 sine
2868 3639 3090 3703 morbo

150 3730 273 3793 illo
329 3727 567 3813 (posito
620 3750 788 3792 nune
831 3728 1016 3811 lapsu
1062 3725 1325 3810 Adami)
1372 3749 1500 3791 non
1546 3728 1701 3791 erit:
1765 3727 1915 3791 hinc
1982 3726 2312 3811 generatio
2361 3726 2680 3791 ordinaria
2727 3750 2803 3792 ex
2849 3727 3090 3793 semine

151 3818 447 3883 humano
470 3816 702 3881 dicitur
724 3838 933 3895 causa,
958 3816 1257 3894 medium,
1282 3816 1775 3880 instrumentum
1800 3814 2280 3899 propagationis
2304 3814 2350 3879 a
2373 3814 2804 3898 productionis
2825 3818 3090 3901 peccati:

152 3907 328 3991 quod
362 3904 439 3969 de
466 3926 655 3969 causa
686 3905 823 3969 sine
853 3926 980 3989 qua
1002 3926 1129 3969 non
1154 3926 1267 3969 seu
1296 3926 1410 3988 per
1432 3904 1719 3969 accidens
1739 3904 1996 3987 proprie
2019 3903 2506 3987 intelligendum
2531 3912 2646 3970 est.
2693 3905 2892 3970 Porro
2915 3909 2988 3969 ut
3012 3928 3090 3970 ex

150 3994 459 4060 omnibus
525 3994 1041 4058 antecedentibus
1088 3993 1457 4057 necessariis
1489 3994 1908 4057 desumuntur
1945 3991 2130 4076 signa
2161 3992 2514 4057 necessaria
2547 3995 2594 4059 a
2615 3997 2900 4070 τεκμήρια
2926 4014 3090 4076 quae

152 4082 589 4149 necessarium
636 4085 786 4147 sunt
830 4084 1300 4167 argumentum,
1347 4083 1394 4147 ἃ
1440 4081 1605 4145 ratio
1649 4080 2138 4164 consequentiae
2184 4079 2232 4145 81
2262 4081 2710 4165 cognoscendi:
2736 4103 2851 4147 nec
2873 4085 3090 4147 tamen

152 4194 323 4258 pura
358 4171 799 4236 antecedentia
837 4174 986 4234 sunt
1008 4190 1197 4235 causa
1222 4170 1561 4235 existentia
1578 4191 1688 4234 sen
1707 4170 1956 4235 essendi
1975 4169 2154 4255 [pag.
2185 4168 2390 4254 1100]
2414 4191 2530 4253 per
2551 4192 2654 4235 se:
2679 4172 2770 4237 sic
2793 4172 2988 4237 etiam
3012 4194 3090 4237 ex

152 4259 483 4327 ordinaria
513 4257 923 4344 generatione
946 4258 1249 4337 humana,
1276 4260 1323 4325 81
1352 4262 1497 4323 ortu
1527 4258 1803 4323 hominis
1830 4280 1946 4342 per
1973 4256 2152 4321 illam
2176 4256 2607 4325 infallibiliter
2639 4260 3089 4341 concludim11S‚

152 4350 485 4415 hominem
511 4348 697 4412 illum
722 4368 859 4411 esse
892 4348 1035 4413 labe
1066 4308 1365 4432 origiiiali
1388 4347 1716 4426 iniectum,
1734 4348 1921 4429 juxta
1943 4346 2103 4411 illud
2131 4344 2175 4410 J
2177 4346 2282 4413 oh
2309 4348 2370 4412 3.
2401 4348 2584 4432 Quod
2601 4349 2887 4434 qemiwm
2909 4362 2996 4415 est
3017 4372 3093 4416 ea·

150 4460 349 4505 came
370 4458 517 4503 caro
539 4449 645 4503 ese.
672 4436 735 4502 N
738 4458 807 4501 ec
831 4440 1047 4502 tamen
1072 4435 1403 4501 dicendum
1431 4397 1862 4520 generatione,
1887 4439 2000 4499 aut
2021 4436 2356 4502 materiam
2381 4442 2493 4505 aut
2514 4438 2961 4519 instrumenta,
2977 4444 3092 4503 aut

2866 4546 3087 4593 Causas
