3694 4871
735 299 2437 368 D1sP.III.DnJunaa'rJusr1-1·1AD131.
2968 303 3052 368 27

119 485 372 551 debitor
399 507 530 548 esse
556 485 632 548 de
657 484 882 566 seipse.
911 483 1030 548 Est
1054 489 1268 549 autem
1293 486 1658 550 terminatio
1675 487 1788 550 illa
1812 486 1879 549 in
1904 485 2040 550 Deo
2065 486 2459 551 considerata
2482 487 2582 550 vel
2608 485 3077 560 essentialiter,‘

123 575 223 638 vel
259 573 698 658 personaliter.
733 572 854 636 Illo
887 573 1072 638 modo
1097 575 1238 656 jure
1271 578 1480 658 potest
1526 578 1572 641 ἃ
1609 579 1863 638 tenetur
1893 574 2067 638 Deus
2107 597 2321 640 amare
2352 575 2663 659 seipsum:
2705 575 2829 638 isto
2870 575 3053 638 modo

123 665 381 726 tenetur
422 660 614 725 Pater
647 683 860 725 amare
904 661 1108 726 filium
1149 665 1192 728 81
1225 662 1505 727 vicissim
1533 689 1546 724 ε
1583 667 1850 745 uterque
1874 661 2093 745 spirit..
2119 661 2183 726 S.
2213 665 2258 728 81
2286 663 2579 728 vicissim.
2608 663 2707 728 Ad
2735 675 2911 728 extra
2934 667 3053 738 est,

127 751 290 833 quod
329 751 714 814 terminatur
752 749 816 813 in
858 754 1148 815 creatura
1188 751 1508 828 rationali,
1533 751 1736 816 autin
1767 751 1906 816 Deo
1932 751 2189 834 quidem
2214 752 2323 815 sed
2354 755 2606 816 tantum
2630 751 2695 815 in
2727 751 2943 815 ordine
2974 751 3055 814 ad

124 842 503 903 creaturam.
545 837 632 902 Et
654 838 775 902 hoc
807 839 1240 922 propriissime
1265 863 1338 903 ac
1361 840 1577 904 stricte
1597 841 1702 923 jus
1734 839 2019 903 divinum
2044 839 2301 904 dicitur:
2328 839 2577 924 fuitque
2604 843 2643 903 a
2664 839 2847 903 nobis
2873 839 3055 902 modo

124 925 474 991 definitum.
501 927 680 1010 [pag.
707 925 871 1013 342]
897 925 1186 1010 Spectari
1213 931 1426 992 autem
1443 933 1652 1012 potest
1670 929 1768 992 vel
1794 933 1867 992 ut
1889 932 2067 991 tenet
2090 951 2165 992 cx
2190 932 2371 1012 parte
2389 927 2533 1005 Dei,
2561 928 2657 992 vel
2682 931 2755 992 ut
2777 931 2950 991 tenet
2978 949 3056 990 ex

126 1019 300 1099 parte
327 1018 681 1079 creaturae.
703 1013 824 1078 Illo
856 1017 1032 1079 modo
1057 1039 1309 1080 rursum
1333 1021 1656 1100 spectatur
1678 1028 1814 1081 mm
1839 1017 2063 1093 active,
2092 1028 2225 1082 mm
2258 1018 2526 1100 passive,
2552 1039 2663 1080 seu
2686 1016 2899 1100 potius
2925 1019 3057 1078 ter-

127 1103 451 1168 minative.
485 1104 686 1168 Aetive
723 1108 894 1168 Deus
941 1104 1188 1188 obligat
1211 1104 1490 1188 seipsum
1516 1105 1580 1169 in
1605 1105 1824 1170 ordine
1849 1105 1927 1168 ad
1952 1109 2292 1178 creaturas,
2318 1127 2429 1169 seu
2454 1104 2619 1168 circa
2644 1104 3056 1189 gubernatio-

125 1215 260 1256 nem
305 1195 744 1256 creaturarum
781 1191 1224 1256 rationalium:
1251 1215 1376 1276 quo
1407 1192 1574 1258 refer
1597 1194 1758 1257 illud
1782 1193 2074 1258 Proverb.
2108 1193 2207 1258 16.
2236 1194 2294 1256 4.
2335 1195 2513 1260 Rom.
2551 1193 2655 1257 11.
2680 1214 2735 1257 υ.
2772 1193 2886 1257 ult.
2913 1192 3054 1256 coll.

123 1303 262 1345 cum
288 1283 451 1346 lesa.
486 1280 590 1343 42.
631 1301 687 1344 v.
722 1281 780 1344 8.
811 1281 1070 1346 Passive
1091 1305 1204 1346 seu
1225 1282 1630 1346 terminative
1655 1281 1829 1346 Deus
1852 1281 2177 1364 obligatur
2202 1285 2241 1346 a
2278 1281 2505 1364 seipso,
2531 1281 2577 1346 δι
2600 1281 2723 1345 sibi
2746 1284 2845 1345 est
2876 1280 3053 1344 debi-

127 1373 241 1449 tor,
282 1370 349 1432 in
383 1369 466 1432 iis
505 1391 668 1453 quae
700 1369 1021 1452 pertinent
1056 1371 1133 1433 ad
1175 1371 1702 1454 gubernationem
1743 1373 2199 1435 creaturarum.
2232 1369 2441 1434 Deum
2464 1368 2743 1454 obligari
2777 1371 2823 1435 ἀ
2856 1368 3057 1432 teneri

121 1457 256 1540 jure
280 1457 524 1540 alique,
550 1457 716 1540 quod
739 1457 998 1522 realiter
1020 1457 1105 1521 sit
1129 1459 1266 1542 ipse
1288 1457 1462 1523 Deus
1485 1459 1764 1534 (nullum
1790 1458 1959 1522 enim
1984 1457 2267 1532 δικαίωμα
2292 1481 2485 1542 supra
2508 1461 2621 1522 aut
2647 1461 2827 1522 extra
2848 1453 3057 1520 Deum

127 1568 408 1610 normam
427 1545 604 1622 facit,
622 1547 668 1611 a
689 1544 793 1603 τὶν
813 1543 1080 1624 ἔσχατον
1103 1545 1262 1606 xxv&
1285 1545 1390 1604 τὸν
1411 1553 1640 1621 πρῶτον
1661 1548 1787 1630 aliq
1797 1569 1877 1610 ua
1902 1546 2147 1610 ratione
2165 1546 2401 1610 limitat
2423 1547 2469 1612 δι
2495 1545 2893 1610 determinat:
2910 1544 3062 1608 hinc

127 1632 293 1697 Deus
332 1633 570 1697 dicitur
607 1633 728 1696 sibi
771 1657 906 1698 esse
948 1635 1076 1716 lex)
1116 1639 1365 1699 constat
1396 1657 1470 1698 ex
1508 1636 1569 1698 2.
1613 1635 1876 1699 Timoth.
1921 1636 2022 1700 13.
2063 1635 2247 1700 Hebr.
2281 1635 2341 1697 6.
2379 1635 2481 1699 18.
2509 1635 2567 1696 2.
2606 1634 2879 1698 Thessal.
2914 1633 2970 1696 1.
3005 1633 3066 1695 6.

135 1722 434 1787 llabactw.
485 1722 537 1784 1.
583 1721 686 1784 13.
733 1724 950 1790 Genea
1001 1724 1097 1787 18.
1133 1723 1239 1787 25.
1275 1723 1415 1788 coll.
1456 1745 1598 1787 cum
1631 1725 1808 1789 Rom.
1854 1726 1913 1787 3.
1950 1723 2007 1786 5.
2050 1722 2109 1786 6.
2153 1722 2271 1789 Ius
2316 1723 2607 1788 divinum
2637 1722 2723 1786 ad
2765 1733 2963 1798 extra,
2990 1724 3063 1784 ut

132 1813 448 1892 spectatur
485 1831 596 1872 seu
643 1813 819 1874 tenet
851 1833 926 1874 ex
952 1815 1132 1894 parte
1157 1815 1482 1875 creaturae
1507 1810 1839 1875 rationalis
1866 1815 1963 1874 est
1985 1811 2309 1894 subjective
2330 1810 2674 1875 necessitas
2707 1811 2753 1875 8:
2778 1812 3061 1892 potestas

133 1897 480 1962 adhaerens
509 1919 838 1980 personae.
875 1902 946 1962 ut
978 1901 1148 1964 recte
1185 1898 1339 1983 quid
1359 1921 1548 1982 agere
1574 1903 1686 1963 aut
1709 1899 2004 1963 omittere
2027 1900 2259 1982 possit:
2288 1900 2570 1983 objectiva}
2593 1897 2945 1961 adhaerens
2967 1896 3061 1960 rei

139 1989 204 2048 ut
240 1989 404 2050 recte
429 1987 542 2069 agi
574 1991 686 2050 aut
708 1987 920 2051 omitti
945 1987 1166 2071 possit.
1192 1987 1312 2050 Jus
1335 1987 1456 2052 hoc
1479 1986 1759 2051 divinum
1780 1991 2106 2051 creaturae
2129 1987 2428 2050 rationali
2451 1985 2936 2069 praescriptum,
2962 1988 3058 2048 est

137 2075 231 2137 vel
269 2074 566 2139 naturale
597 2095 709 2138 seu
749 2076 1038 2140 absolute
1077 2075 1535 2150 necessarium:
1577 2075 1676 2139 vel
1716 2076 1985 2139 liberum
2030 2097 2141 2139 seu
2173 2074 2583 2160 hypothetice
2610 2073 3057 2138 necessarium.

143 2163 300 2228 [llud
321 2162 596 2246 obligat,
621 2165 910 2229 absolute
935 2187 1010 2228 ex
1035 2163 1414 2228 necessitate
1437 2167 1700 2227 naturae
1726 2163 1977 2227 divinae
2003 2173 2138 2228 lum
2168 2167 2525 2227 creaturam
2552 2166 2622 2226 ut
2644 2161 3020 2244 subjiciatur
3042 2209 3058 2238 ,

141 2251 182 2314 ἃ
204 2251 490 2315 debitum
511 2250 765 2328 reddat:
802 2264 938 2316 tum
963 2251 1191 2330 Deum,
1215 2254 1289 2315 ut
1322 2252 1712 2336 praescribat
1737 2254 1782 2318 &
1814 2252 2051 2335 exigat,
2083 2251 2176 2315 ita
2200 2255 2273 2316 ut
2294 2250 2657 2334 oppositum
2682 2249 2817 2334 ejus
2841 2247 3057 2331 impli-

142 2343 320 2418 caret,
354 2337 950 2414 contradictionem
991 2339 1095 2404 Sic
1134 2363 1228 2404 ex.
1270 2361 1368 2424 gr.
1411 2340 1566 2423 iuris
1605 2339 1802 2404 divini
1833 2340 2143 2404 naturalis
2169 2343 2286 2418 est,
2318 2343 2389 2403 ut
2415 2341 2705 2402 creatura
2728 2335 3059 2400 rationalis

142 2424 266 2491 Deo
292 2427 619 2492 obediat&
644 2429 866 2493 sublex
891 2429 994 2506 sit,
1023 2432 1134 2493 aut
1159 2431 1230 2492 ut
1253 2452 1520 2512 poenam
1547 2429 1716 2504 luat:
1765 2429 1885 2493 hoc
1909 2432 2025 2506 est,
2059 2431 2131 2492 ut
2160 2428 2480 2512 obligetur
2503 2426 2584 2492 ad
2606 2425 2891 2491 debitum
2915 2425 3059 2488 ol'fi-

144 2514 298 2579 cium
321 2540 336 2591 ς
363 2520 478 2580 aut
502 2516 557 2580 si
581 2516 703 2581 hoc
717 2517 1028 2602 negligat,
1054 2518 1292 2601 ligetur
1315 2518 1394 2581 ad
1425 2520 1670 2581 reatum
1699 2518 1746 2582 8v
1769 2516 2056 2581 debitum
2080 2516 2481 2600 supplicium.
2510 2513 2719 2599 Hujus
2737 2513 2899 2597 juris
2923 2513 3062 2577 axi-

145 2608 343 2668 omata
376 2606 656 2688 neqative
690 2606 745 2668 si
783 2606 1220 2689 concipiantur
1263 2609 1415 2669 sunt
1451 2606 1575 2668 ista
1601 2627 1616 2669 :
1657 2604 1830 2668 Deus
1856 2627 1982 2669 non
2008 2608 2218 2687 potest
2240 2604 2519 2687 seipsum
2544 2604 2881 2687 abnegare.
2912 2600 3060 2664 Non

147 2694 340 2772 potest
363 2692 640 2777 gloriam
666 2716 846 2757 suam
875 2694 1061 2757 alteri
1086 2694 1254 2757 dare.
1283 2692 1431 2757 Non
1458 2696 1666 2778 potest
1689 2692 2011 2756 dimittere
2036 2696 2393 2757 creaturam
2418 2691 2817 2764 rationalem,
2843 2693 3063 2753 utnon

147 2777 222 2841 sit
259 2778 529 2849 ὑπόδοιος
573 2785 688 2845 aut
723 2782 946 2845 sublex
973 2780 1128 2845 Deo.
1163 2781 1308 2845 Non
1333 2785 1546 2865 potest
1568 2784 1825 2864 peccata
1849 2782 2174 2845 remittere
2199 2780 2441 2864 absque
2462 2777 2925 2853 satisfactione:
2952 2800 3063 2841 seu

150 2864 434 2949 injuriam
483 2869 608 2933 sibi
651 2869 902 2933 illatam
949 2870 1333 2953 impunitam
1372 2868 1714 2933 dimittere.
1745 2867 1921 2932 Deus
1946 2890 2067 2931 non
2093 2872 2307 2952 potest
2328 2868 2651 2945 mandare,
2678 2866 3063 2950 dispensare,

150 2959 250 3017 aut
270 2956 604 3021 concedere
627 2961 953 3021 creaturae
979 2958 1294 3031 rationali,
1323 2962 1394 3021 ut
1419 2980 1486 3021 se
1511 2957 1655 3021 odio
1679 2957 1937 3033 habeat,
1960 2978 2185 3020 nomen
2212 2980 2397 3020 suum
2423 2954 2844 3038 blasphemet.
2870 2954 2917 3018 A
2926 2956 3065 3041 ffir-

155 3045 359 3107 malive
401 3044 456 3107 si
506 3045 941 3128 concipiantur
985 3050 1134 3109 sunt
1180 3046 1325 3109 ista.
1373 3045 1547 3110 Deus
1593 3048 1847 3109 tenetur
1872 3066 2174 3131 quaerere
2199 3046 2244 3110 δε
2266 3065 2633 3127 promovere
2659 3041 2933 3106 nominis
2962 3042 3063 3104 sui

153 3130 422 3213 gloriam.
457 3132 634 3197 Deus
673 3136 928 3196 tenetur
965 3134 1323 3217 gubernare
1349 3134 1394 3198 δι
1418 3133 1694 3217 judicare
1726 3133 2055 3210 mundum,
2097 3132 2399 3217 quamdiu
2424 3131 2696 3196 mundus
2724 3136 2839 3195 est.
2888 3129 3063 3193 Deus

153 3218 385 3282 tenetur
407 3224 738 3284 creaturae
761 3221 1060 3285 rationali
1085 3222 1326 3285 cultum
1351 3223 1444 3285 sui
1473 3220 1830 3285 naturalem
1858 3220 2307 3304 praescribere.
2340 3220 2517 3284 Deus
2548 3222 2803 3283 tenetur
2823 3218 2890 3281 in
2914 3240 3063 3281 casu

156 3304 480 3371 chasmatis
529 3330 642 3391 per
663 3309 1190 3373 interventionem
1217 3310 1478 3393 peccati,
1505 3308 1829 3373 hominem
1864 3330 2301 3392 quemcunque
2328 3308 2697 3371 salvandum
2730 3328 2845 3389 per
2882 3304 3067 3389 justi-

157 3391 496 3459 ficationem
537 3396 583 3461 δι
623 3396 1094 3461 conversionem
1132 3399 1210 3461 ad
1250 3398 1526 3482 gratiam
1565 3398 1610 3461 δι
1643 3397 1915 3477 gloriam
1949 3419 2131 3461 suam
2156 3398 2486 3461 reducere:
2513 3416 2662 3459 nam
2688 3398 2897 3458 stante
2919 3414 3066 3475 pec-

157 3484 282 3544 cato
308 3481 498 3548 homo
525 3506 650 3547 non
686 3488 895 3567 potest
924 3508 1066 3550 cum
1097 3485 1234 3551 Deo
1274 3486 1474 3556 uniri:
1522 3488 1578 3549 1.
1619 3485 1843 3549 lolam.
1888 3486 1947 3547 5.
1989 3486 2045 3548 1.
2086 3485 2227 3548 coll.
2271 3506 2413 3548 cum
2455 3483 2685 3548 Habac.
2720 3483 2776 3545 l.
2803 3481 2967 3547 desa,
3005 3482 3063 3545 l.

156 3568 368 3633 nedum
389 3578 460 3636 ut
495 3571 666 3637 Deus
698 3574 1115 3656 personaliter
1159 3574 1282 3637 sibi
1328 3574 1510 3637 unire
1557 3578 1769 3657 posset
1815 3576 2114 3638 naturam
2160 3572 2593 3655 peccatricem,
2634 3572 2707 3634 ut
2747 3568 2990 3632 curiose
3016 3571 3064 3634 δι

158 3653 508 3741 blaspheme
531 3660 686 3724 satis
711 3660 1116 3744 disputarunt
1139 3662 1368 3739 Scottus,
1399 3661 1662 3739 Gabriel,
1689 3660 1926 3744 aliique
1952 3660 2329 3745 insigniores
2353 3656 2745 3724 Scholastici.
2772 3657 2884 3721 lus
2901 3656 3064 3721 divi-

159 3762 300 3809 num
323 3747 588 3812 liberum
623 3750 816 3831 (quod
847 3750 1035 3813 aliter
1058 3750 1287 3814 dicitur
1317 3750 1689 3832 positivum)
1715 3750 1760 3813 δι
1785 3748 2194 3832 hypothetice
2218 3752 2467 3811 tantum
2494 3744 2916 3809 necessarium
2942 3749 3059 3818 est,

161 3831 276 3895 tale
305 3840 414 3913 est,
447 3837 600 3920 quia
631 3837 806 3901 Deus
844 3837 1044 3901 libere
1073 3838 1164 3901 ita
1203 3838 1432 3912 voluit:
1475 3838 1584 3920 qui
1611 3838 1852 3919 absque
1877 3836 2310 3919 implicatione
2336 3835 2515 3919 [pag.
2546 3833 2707 3917 343]
2748 3833 3063 3897 contradi-

163 3919 364 3985 ctionis
395 3926 706 4006 potuisset
751 3926 913 3989 velle
958 3926 1340 4009 oppositum.
1373 3924 1518 3989 Huc
1543 3925 1883 4009 pertinent,
1910 3924 2276 4007 permittere
2302 3926 2648 4005 peccatum,
2676 3942 2786 3983 seu
2812 3920 3064 4003 lapsum

166 4010 510 4091 angelorum
547 4016 592 4079 δι
631 4013 960 4077 hominum
1000 4016 1046 4079 δι
1069 4015 1283 4077 omnia
1328 4017 1589 4097 peccata
1611 4014 1758 4077 inde
1784 4011 2259 4096 promanantia:
2312 4031 2563 4074 censere
2587 4007 2879 4072 homines
2926 4030 3063 4073 om-

167 4113 263 4157 nes
305 4100 348 4163 &
385 4100 668 4185 singulos
707 4100 771 4163 in
821 4102 1020 4164 veteri
1067 4102 1338 4180 foedere,
1387 4124 1512 4165 non
1561 4124 1674 4185 per
1713 4101 1946 4183 capita,
1996 4100 2102 4163 sed
2137 4121 2247 4182 per
2264 4098 2527 4179 stirpem
2554 4096 2619 4160 in
2646 4118 2772 4161 uno
2798 4096 3065 4175 Adam0,

168 4186 400 4266 angelos
423 4194 570 4253 vere
601 4189 730 4253 sive
757 4192 998 4253 stantes
1023 4189 1152 4253 sive
1184 4190 1474 4254 cadentes
1507 4190 1842 4274 sigillatim
1869 4191 1915 4254 ἃ
1945 4188 2206 4252 seorsim
2240 4184 2595 4263 aestimare,
2622 4184 2715 4249 ita
2744 4188 2818 4249 ut
2843 4184 2909 4249 in
2935 4205 3061 4249 uno

171 4265 398 4338 homine
435 4298 651 4342 omnes
689 4278 977 4342 homines
1016 4278 1356 4361 peccarint,
1399 4278 1468 4342 in
1500 4300 1624 4342 uno
1649 4282 1796 4342 vere
1821 4277 2050 4361 angelo
2070 4296 2288 4339 omnes
2313 4274 2529 4359 angeli
2558 4295 2686 4337 non
2709 4273 3065 4357 peccarint:

173 4352 432 4426 Gratiam
459 4366 728 4446 primam
753 4370 864 4429 aut
889 4366 1248 4446 secundam,
1272 4370 1748 4431 conservantem
1772 4369 1885 4430 aut
1908 4366 2382 4429 concurrentem
2407 4385 2521 4428 seu
2550 4365 3064 4447 praemoventem

2916 4448 3069 4514 huic
