3694 4871
789 352 2407 420 D1s12.XLDESAnnmnoanswrs.
2935 357 3065 421 307

181 540 436 606 Whilson
479 541 638 618 Ales,
685 542 820 606 and
867 540 1345 620 Metuis-(lances,
1379 540 1510 605 and
1544 540 1640 604 the
1664 539 1885 625 sellinq
1912 561 2004 625 up
2036 542 2117 625 of
2139 543 2469 627 Maypoles,
2504 541 2637 607 and
2665 541 2840 607 other
2861 554 3066 628 sporta

163 628 440 695 ιήενεωίιὴ
481 630 656 696 used.
706 632 805 695 Sic.
854 630 998 695 And
1023 629 1153 693 thal
1177 649 1417 693 women
1441 629 1604 693 shall
1628 628 1782 693 have
1807 630 1972 693 leave
1994 640 2053 695 ιο
2077 650 2265 716 carry
2288 630 2511 697 ‘rushes
2537 642 2596 695 ιο
2628 642 2681 695 le
2703 631 2937 697 churz-12
2959 634 3065 717 for

163 718 248 783 the
285 720 560 803 decoriny
605 721 688 804 of
720 720 785 795 il,
832 719 1162 801 accordinq
1213 729 1270 781 to
1319 718 1476 784 their
1499 717 1606 783 old
1628 728 1917 783 custome.
1968 715 2105 781 Rex
2139 718 2401 783 Carolus
2425 718 2719 797 addebat,
2744 741 2927 783 suam
2953 742 3064 784 ex-

163 828 414 889 pressam
449 808 846 871 voluntatem
890 808 936 872 8⁵
988 806 1460 889 beneplacitum
1485 828 1622 869 esse
1650 810 1721 869 ut
1745 804 1911 870 festa
1936 805 2381 870 encaeniorum
2407 806 2708 892 (Anglice
2735 807 2904 872 dicta
2928 830 3058 873 wa-

162 895 244 959 kes
285 897 326 961 ἃ
369 896 555 979 fenals
587 897 656 980 ol
679 895 776 961 the
801 894 1146 961 detllcalion
1172 895 1360 978 oflhe
1391 894 1647 977 charoli)
1673 898 1801 957 una
1823 916 1967 959 cum
1994 893 2139 958 aliis
2165 893 2347 959 festis
2373 896 2883 961 observarentur.
2926 895 3063 961 Im-

163 1004 348 1065 pressa
393 987 488 1047 est
536 985 694 1048 haec
741 982 920 1067 regia
953 982 1295 1047 declaratio
1319 982 1588 1046 Londini
1613 983 1780 1066 apud
1821 980 1983 1047 Rob.
2013 982 2260 1047 Barker
2284 982 2759 1067 typographum
2788 982 3064 1069 Regium

163 1094 210 1134 a.
244 1074 406 1138 1635.
457 1071 578 1136 His
631 1070 848 1157 Regiis
881 1071 1120 1149 edictis,
1163 1094 1272 1135 seu
1299 1071 1509 1154 potius
1543 1071 1720 1134 novis
1745 1068 2131 1135 Ductoribus
2154 1071 2374 1135 eadem
2400 1070 2838 1154 probantibus,
2865 1095 3061 1156 oppo-

165 1160 304 1225 situs
325 1161 446 1237 fuit
468 1163 654 1225 tract.
704 1160 1015 1245 Anglicus
1039 1160 1360 1246 Anonymi
1385 1182 1548 1223 anno
1581 1158 1766 1222 1636.
1799 1158 1903 1222 tit.
1943 1159 2065 1224 The
2096 1160 2293 1223 Lords
2323 1160 2469 1245 day,
2497 1160 2595 1224 the
2626 1159 2897 1226 sabbath
2918 1162 3065 1247 day.

165 1248 422 1332 Antiqua
466 1253 713 1313 statuta
759 1248 834 1311 de
884 1247 1324 1311 observatione
1374 1247 1572 1311 totius
1625 1248 1751 1311 diei
1795 1251 2099 1311 renovata
2123 1249 2169 1312 ἃ
2193 1247 2567 1312 confirmata
2590 1251 2742 1311 sunt
2765 1248 2830 1311 in
2855 1249 3068 1333 parla-

165 1343 352 1401 mento
393 1336 668 1421 Angliae
717 1358 883 1399 anno
917 1335 1103 1398 1657.
1157 1334 1334 1399 VIII.
1391 1337 1636 1417 Quaesl.
1689 1334 1789 1399 An
1818 1335 1951 1398 dies
1984 1333 2355 1400 Dominicus
2383 1334 2643 1418 reliquis
2670 1336 2950 1400 sanctior
2982 1338 3067 1402 sit

165 1446 270 1488 non
315 1428 564 1489 tantum
607 1424 1003 1488 ordinatione
1053 1424 1234 1507 [pag.
1291 1423 1494 1508 1238]
1521 1445 1786 1506 usuque,
1833 1423 1941 1486 sed
1967 1425 2011 1488 81
2029 1422 2495 1507 significatione
2523 1428 2715 1507 atque
2743 1424 2995 1501 effectu,
3020 1428 3063 1491 a

165 1510 377 1579 habeat
421 1514 698 1599 figuram
747 1513 792 1577 a
835 1511 1194 1597 symbolum
1220 1534 1486 1576 sacrum.
1541 1513 1686 1596 Ney.
1737 1515 1956 1575 contra
1982 1508 2409 1577 Scholasticos
2434 1512 2479 1577 δι
2504 1511 2894 1591 pontificios,
2920 1535 3065 1579 cuni

161 1600 410 1687 synopsi
460 1602 525 1667 D
548 1603 613 1668 D
670 1600 946 1686 Profess.
985 1600 1256 1665 Leidens.
1283 1601 1446 1679 disp.
1471 1601 1545 1665 de
1574 1599 1900 1679 sabbatho,
1929 1599 2084 1665 thesi
2110 1600 2212 1661 55.
2241 1599 2286 1664 a
2314 1599 2418 1664 60.
2446 1600 2491 1664 ἃ
2516 1600 2598 1665 D.
2632 1600 2836 1666 Rivelo
2864 1600 3065 1667 Prae-

158 1692 267 1755 leet.
314 1692 378 1755 in
422 1692 592 1759 Deca
696 1739 710 1753 .

236 1776 298 1847 6.
343 1692 709 1863 Sequunltiiqr
731 1800 899 1842 nunc
922 1778 1386 1841 controversiae
1411 1776 1729 1841 communi
1752 1777 1925 1841 Ezcl.
1952 1781 2316 1841 nostrarum
2338 1776 2383 1841 ἃ
2408 1775 2755 1841 Doctorum
2781 1778 3066 1843 doctrina

163 1889 268 1931 non
292 1868 380 1932 ita
403 1867 703 1931 definitae
730 1870 800 1930 ut
831 1865 960 1930 alia
983 1866 1192 1949 capita
1218 1864 1632 1941 catechetica3
1668 1865 1742 1949 de
1790 1864 2025 1949 quibus
2056 1864 2259 1947 aliqui
2291 1865 2459 1929 inter
2483 1864 2791 1930 Doctores
2816 1878 3064 1931 nostros

157 1960 256 2018 aut
297 1956 606 2034 dubitant,
642 1959 754 2019 aut
778 1953 941 2017 nihil
966 1954 1412 2031 determinant,
1446 1958 1558 2017 aut
1590 1975 1704 2037 pro
1737 1953 2042 2037 peculiari
2070 1958 2186 2019 sua
2214 1953 2509 2036 opinione
2536 1958 2755 2018 contra
2781 1976 3063 2021 commu-

157 2043 377 2108 niorem
399 2043 782 2108 sententiam
810 2043 1158 2125 disputant.
1207 2040 1371 2105 Sunt
1417 2046 1632 2105 antem
1664 2041 1814 2106 illae
1839 2046 2147 2125 quatu0r;
2176 2063 2443 2125 quarum
2472 2042 2633 2107 duae
2656 2042 2901 2127 priores
2930 2044 3061 2127 pri-

161 2132 392 2209 mariae,
412 2132 572 2195 duae
591 2131 974 2215 posteriores
998 2130 1404 2194 secundariae
1424 2130 1470 2194 a
1495 2128 1813 2213 prioribus
1831 2130 2302 2209 subordinatae,
2329 2152 2439 2195 seu
2468 2130 2544 2193 ad
2571 2153 2678 2195 eas
2703 2130 3055 2196 ordinatae.

157 2218 472 2294 Quaeritur
493 2240 672 2304 ergo,
720 2218 772 2282 I.
825 2220 1074 2300 Quaesl.
1127 2216 1230 2282 An
1277 2218 1363 2282 sit
1401 2218 1662 2297 morale,
1688 2218 2209 2302 &consequenter
2223 2218 2387 2302 juris
2413 2218 2836 2283 immutabilis
2862 2218 3062 2284 divini

155 2308 410 2389 (positivi
457 2308 595 2373 scil.
645 2330 768 2371 non
816 2306 1148 2383 naturaliS‚
1191 2311 1261 2371 ut
1283 2306 1330 2371 &
1356 2306 1600 2389 reliqua
1623 2308 1837 2371 omnia
1863 2311 2202 2390 praecepta
2226 2306 2614 2371 affirmativa
2640 2329 2803 2391 quae
2828 2308 2908 2372 ad
2925 2309 3060 2372 cul-

155 2400 276 2461 tum
317 2397 682 2462 institutum
729 2394 1078 2480 pertinent)
1116 2399 1184 2460 ut
1213 2418 1372 2462 unus
1397 2418 1474 2460 ex
1500 2399 1744 2479 septem
1771 2395 1993 2461 diebus
2026 2394 2105 2459 ad
2128 2396 2369 2462 cultum
2399 2394 2682 2461 divinum
2707 2396 3055 2463 sanctifice-

155 2489 276 2550 tur:
322 2509 400 2550 an
455 2490 603 2550 verb
649 2485 736 2550 sit
761 2485 900 2569 puri
920 2483 1082 2569 juris
1107 2488 1153 2551 &
1179 2484 1494 2550 libertatis
1525 2485 2007 2562 ecclesiasticae,
2039 2488 2107 2548 ut
2139 2483 2398 2567 quintus
2437 2489 2549 2548 aut
2572 2489 2789 2549 sextus
2812 2489 2928 2550 aut
2952 2486 3059 2550 de-

151 2573 332 2639 cimus
383 2577 481 2642 &c.
529 2574 666 2639 sive
713 2595 827 2658 pro
875 2597 942 2637 re
984 2577 1156 2652 nata,
1213 2574 1345 2637 sive
1391 2573 1471 2637 ad
1533 2577 1784 2658 tempus
1846 2573 2177 2658 seligatur,
2235 2572 2396 2636 haut
2440 2572 2630 2637 aliter
2676 2595 2750 2637 ac
2796 2572 2862 2637 in
2915 2575 3058 2640 aliis

153 2663 612 2746 quibuscunque
637 2661 859 2726 diebus
885 2662 1070 2726 statis
1097 2665 1210 2726 aut
1241 2661 1808 2726 extraordinariis?
1837 2662 2002 2745 Hesp
2059 2663 2167 2726 Pr.
2196 2663 2437 2745 Nepam
2454 2659 2793 2740 Pontificii,
2822 2661 3057 2746 quippe

149 2751 243 2832 qui
265 2753 510 2816 nullum
535 2749 618 2815 N.
639 2749 714 2814 Τ.
741 2749 1126 2814 sabbathum
1152 2755 1526 2834 agnoscunt,
1552 2750 1675 2814 nisi
1715 2750 1795 2813 ab
1829 2749 2091 2815 ecclesia
2123 2749 2510 2814 institutum.
2560 2746 2666 2813 Sic
2703 2749 3059 2816 Scholaseid

148 2839 222 2904 ad
251 2841 548 2906 Thomam
585 2841 688 2904 22.
715 2860 822 2925 qu.
862 2839 1008 2902 122.
1033 2859 1091 2903 a.
1121 2840 1181 2902 4.
1206 2845 1250 2900 δι.
1279 2840 1534 2903 Zwarez
1561 2838 1636 2903 cle
1662 2839 1974 2924 Reliqione
2023 2839 2219 2903 Trael.
2242 2839 2303 2905 2.
2328 2837 2429 2903 lib.
2460 2839 2519 2902 2.
2552 2859 2601 2902 e.
2636 2839 2693 2901 1.
2726 2835 2806 2903 ἃ.
2836 2839 2898 2902 2.
2924 2836 3057 2903 Ne-

147 2933 290 3008 gant
309 2929 500 2994 etiam
530 2927 990 3010 Anabaptistae
1015 2929 1060 2993 8ι
1084 2926 1426 2992 Sociniani.
1477 2926 1576 2990 Ex
1623 2925 1984 2991 reformatis
2016 2925 2397 2991 Doctoribus
2430 2925 2721 2990 nonnulli
2748 2948 2931 2990 omne
2950 2927 3057 3010 jus

54 3025 58 3054 ³
149 3015 410 3082 divinum
431 3021 694 3101 negant,
719 3017 763 3081 81
789 3020 1042 3100 praeter
1074 3016 1342 3080 liberam
1376 3014 1869 3079 ecclesiasticam
1906 3017 2019 3078 aut
2049 3013 2377 3098 politicam
2401 3017 2785 3098 potestatem
2810 3036 2883 3078 ac
2908 3036 3055 3078 con-

147 3103 524 3170 stitutionem
549 3105 714 3170 circa
738 3127 872 3168 rem
895 3103 1308 3187 adiaphoram
1327 3104 1489 3166 nihil
1515 3102 1618 3166 hic
1643 3103 2011 3180 admittunt,
2038 3107 2108 3165 ut
2134 3101 2266 3166 fere
2288 3102 2624 3178 Calvinum
2651 3102 2922 3168 Instilul.
2950 3102 3053 3168 lib.

148 3192 200 3256 2.
239 3215 368 3278 (rap.
417 3196 477 3257 8.
535 3193 722 3258 aliter
769 3197 982 3256 tamen
1031 3193 1098 3258 ἱη
1126 3193 1337 3258 Genes.
1374 3192 1464 3274 2.)
1494 3191 1700 3274 magis
1735 3193 1954 3275 aperte
1982 3192 2247 3256 Ursinus
2270 3191 2357 3255 acl
2380 3191 2441 3252 4.
2462 3210 2693 3274 praec„
2724 3191 2949 3257 Zadeel
2971 3193 3056 3256 ad

145 3283 298 3346 artie.
333 3281 830 3365 Burdeyalenses
881 3291 999 3344 art.
1036 3279 1140 3344 119.
1168 3283 1272 3346 Fr.
1299 3281 1666 3346 Lamberms
1689 3280 1754 3346 in
1781 3281 2031 3364 Apocal.
2059 3280 2116 3342 1.
2148 3299 2203 3342 v.
2241 3279 2339 3341 10.
2396 3277 2751 3344 [faeminas
2776 3280 2845 3343 in
2870 3278 3050 3362 Disp.

54 3439 56 3442 y
146 3367 210 3432 tle
230 3371 431 3447 Festis,
463 3370 785 3436 Prideaux
808 3369 877 3433 in
898 3379 1054 3434 orat.
1081 3369 1154 3433 de
1177 3367 1504 3446 Sabbatha,
1541 3369 1810 3434 Thomas
1835 3368 2160 3434 Brodcoeus
2201 3366 2421 3452 Anylis
2446 3379 2617 3432 tract.
2645 3366 2719 3431 de
2747 3366 3051 3432 Sabbatha

54 3481 56 3484 ’
145 3475 196 3520 a.
253 3460 431 3522 1627.
469 3458 838 3524 branc-iscus
891 3455 1084 3522 While
1106 3457 1176 3522 in
1201 3469 1371 3524 tract.
1401 3456 1674 3542 Anglico
1700 3458 1775 3521 de
1805 3456 2115 3522 Subballio
2149 3455 2451 3520 adversus
2483 3455 2798 3519 novitates
2820 3453 3049 3518 sabba-

145 3543 364 3612 tharias
416 3547 694 3632 Angliae
733 3569 792 3610 a.
850 3545 1036 3610 1635.
1087 3547 1190 3611 Fr.
1251 3548 1566 3612 Gonmrus
1621 3546 1688 3610 ἰη
1743 3557 1915 3611 tract.
1950 3546 2025 3610 de
2055 3542 2383 3622 Sabbatha,
2410 3542 2717 3608 Lambere.
2744 3543 3049 3608 Barcaeus

147 3633 319 3699 Echio.
361 3635 702 3702 Christian.
751 3634 950 3701 Andr.
1004 3634 1253 3700 Rivetus
1298 3645 1621 3699 comment.
1669 3635 1742 3698 in
1787 3634 2189 3718 Decaloyum‚
2226 3631 2611 3698 Chemnilius
2644 3631 2712 3694 in
2738 3630 3050 3696 Examina

150 3721 354 3788 (Joncil.
415 3723 586 3789 wid.
644 3745 778 3808 cap.
826 3723 901 3788 de
933 3723 1124 3790 Feslis
1150 3746 1172 3798 ‚⁰
1217 3723 1264 3788 8⁶
1312 3721 1662 3786 Lutherani
1695 3721 1901 3786 sinon
1926 3743 2164 3800 omnes,
2183 3721 2411 3784 saltem
2437 3719 2744 3802 plerique,
2773 3718 2838 3781 ni
2854 3717 3047 3783 fallor

147 3829 268 3875 cum
311 3813 670 3898 Auquslimi
719 3813 976 3896 emises-3.
1025 3824 1144 3876 art.
1171 3813 1285 3878 ull.
1310 3809 1488 3874 Inter
1511 3809 1670 3874 alios
1705 3809 2003 3882 Brenlius
2040 3811 2111 3874 in
2134 3807 2421 3875 catechesi
2457 3806 2520 3872 a·
2540 3819 2941 3871 continentur.
2976 3807 3044 3872 in

149 3896 358 3966 levitic.
406 3903 510 3965 25.
561 3900 673 3979 ait,
721 3900 1034 3964 decimum
1053 3903 1165 3964 aut
1189 3899 1568 3984 vigesimum
1594 3898 1761 3963 diem
1793 3921 1976 3982 posse
2002 3895 2321 3962 constitui.
2369 3893 2601 3962 Sunt&
2626 3894 2739 3959 alii
2764 3895 3043 3979 ejusdem

149 3987 439 4068 opinionis
486 3988 597 4074 qui
642 3989 891 4073 anglice
915 3987 1325 4072 scripserunt,
1354 3987 1753 4071 Christopher
1783 3989 1961 4064 Dow,
1994 3987 2365 4060 Primorose,
2401 3984 2699 4060 Iron-side,
2726 4005 2883 4066 quos
2914 4005 3043 4048 non

151 4073 293 4140 visos
336 4077 644 4162 cognovix
703 4077 937 4142 Thema
961 4077 1248 4162 Shepard
1270 4077 1379 4159 qui
1406 4077 1472 4141 in
1509 4075 1804 4141 Thesibus
1827 4074 2207 4142 Sabbalhicis
2232 4072 2403 4157 angl.
2433 4072 2618 4136 1651.
2646 4093 2752 4138 eos
2784 4073 3043 4136 refutat.

149 4158 356 4230 Contra
399 4171 614 4230 tamen
654 4168 1027 4249 perpetuam
1073 4166 1328 4249 septimi
1375 4165 1500 4230 diei
1547 4164 1979 4228 moralitatem
2026 4161 2335 4227 definiunt
2366 4159 2703 4228 catechesis
2726 4160 3041 4238 Emdana,

153 4251 362 4318 Gatech.
400 4255 698 4322 Palativm
742 4254 810 4318 in
859 4253 1190 4338 Belgicum
1234 4254 1546 4331 traducta,
1597 4255 1639 4319 δι
1685 4255 1722 4316 a
1765 4251 1990 4336 Belgis
2036 4253 2309 4333 recepta,
2344 4248 2661 4334 (quamvis
2687 4247 3041 4330 obscurius)

153 4336 298 4405 Beza
349 4345 418 4408 in
467 4343 630 4408 nolis
675 4343 761 4406 ad
815 4345 867 4406 l.
913 4344 1051 4408 Cor.
1105 4343 1204 4406 16.
1257 4339 1518 4426 &Apoe
1553 4341 1609 4403 l.
1641 4361 1694 4405 υ.
1727 4341 1828 4405 10.
1855 4339 2002 4406 Am.
2036 4340 2231 4422 Fajus
2256 4337 2327 4402 in
2360 4335 2523 4420 disp.
2566 4337 2655 4405 Th
2699 4337 2907 4422 dispp.
2936 4335 3042 4400 47.

153 4424 442 4497 Dffldams
491 4431 558 4496 ιή
614 4431 772 4496 nolis
817 4431 903 4495 ad
940 4429 1124 4496 biblia
1173 4429 1386 4495 lmliea.
1439 4431 1465 4491 1
1529 4430 1667 4494 Cor.
1699 4429 1800 4493 16.
1829 4429 2015 4513 Apoe.
2051 4427 2229 4493 mo.
2262 4428 2507 4509 Marlyr
2531 4425 2707 4510 [pag.
2743 4422 2945 4508 1239]
2972 4424 3041 4488 in

2878 4532 3043 4575 com-
