3694 4871
496 315 713 381 str.
761 313 875 380 Vl.
924 315 1035 380 Da
1082 314 1697 382 Paoqu’mons
1745 315 2090 382 Pactum
2137 317 2652 386 Oamnums.
2919 321 3046 386 149

122 505 236 577 set,
284 525 423 566 esse
472 501 847 585 qualitatem
896 502 1234 586 positivam
1258 501 1305 567 8(
1338 523 1449 566 ens
1481 501 1825 585 positivum
1855 501 2109 586 proprie
2135 502 2392 582 dictum,
2417 507 2604 588 prout
2633 505 2908 588 privatio
2929 529 3044 591 op·-

124 591 401 674 ponitur.
450 591 629 666 Quod
681 589 923 650 ἄτ-σπσν.
978 591 1266 668 secunda,
1322 589 1487 666 Quia
1532 595 1904 674 sequeretur
1945 591 2310 676 oppositum
2355 613 2558 678 genus
2581 591 2933 676 praedicari
2964 595 3042 660 de

123 679 321 742 altera
355 679 567 762 specie
601 678 943 764 disparata.
980 703 1092 744 ens
1130 678 1474 763 positivum
1510 679 1643 744 scil.
1678 678 1753 744 de
1776 684 2036 764 peccato
2059 680 2380 765 originali,
2405 680 2572 765 quod
2601 684 2816 746 tamen
2842 682 3045 747 conti-

124 771 307 831 netur
351 767 471 832 sub
527 772 673 833 ente
718 768 1051 852 privatim,
1100 768 1283 852 quasi
1328 767 1473 852 quis
1498 767 1874 834 sensitivum
1897 772 2009 834 aut
2032 769 2272 834 animal
2295 769 2690 854 praedicaret
2713 770 2790 835 de
2813 771 3045 855 lapide.

120 856 298 932 Quod
328 855 699 920 absurdum.
746 855 893 922 VII.
944 859 1080 923 Rat.
1129 855 1294 932 Quia
1340 861 1713 940 sequeretur
1741 859 2099 944 apoloqiam
2145 857 2553 944 Anqustanae
2603 861 3045 944 consessionis,

120 947 163 1010 a
208 945 690 1024 Melanthonem,
740 945 1021 1029 aliosque
1068 945 1404 1030 theologos
1448 950 1699 1010 nostros
1746 969 1890 1012 cum
1914 946 2152 1031 passim
2177 947 2556 1012 recentiores
2580 947 2947 1014 Pontificios
2971 949 3046 1014 de

119 1033 293 1116 puris
341 1033 748 1099 naturalibus
801 1039 1020 1100 contra
1043 1033 1209 1099 labis
1234 1033 1567 1119 originalis
1590 1035 2062 1120 corruptionem
2088 1058 2202 1120 pro
2224 1036 2428 1102 libero
2452 1035 2720 1102 arbitrio
2752 1036 3046 1122 Pelagia-

118 1121 403 1186 nizantes
461 1145 537 1186 ex
584 1124 1055 1199 Bonaventura,
1091 1123 1329 1189 Thema
1353 1123 1399 1188 a
1422 1123 1799 1190 scholasticis
1822 1125 1910 1190 ad
1937 1125 1994 1189 1.
2022 1125 2082 1189 2.
2107 1147 2215 1212 qu.
2241 1125 2347 1189 82.
2372 1124 2677 1204 refutant,
2702 1148 3048 1212 eorumque

120 1210 457 1276 veritatem
504 1211 655 1277 huic
698 1213 1054 1296 quaestioni
1099 1212 1614 1278 determinandae
1638 1212 1935 1279 idoneam
1957 1213 2338 1298 approbant,
2360 1214 2516 1298 ipsis
2541 1215 2693 1299 quid
2717 1214 3049 1300 affingere.

119 1299 375 1364 Certum
427 1304 526 1365 est
580 1301 881 1368 Thomam
916 1325 1060 1367 cum
1092 1301 1487 1367 scholasticis
1511 1301 1872 1388 intelligere
1895 1303 2146 1368 nullum
2169 1302 2343 1367 aliud
2365 1302 2731 1386 positivum,
2753 1303 2878 1369 nisi
2902 1325 3048 1368 cum

119 1389 335 1466 cauda,
363 1389 411 1454 St
440 1395 801 1474 comparate
826 1392 917 1456 sic
938 1392 1177 1456 dictum
1202 1400 1227 1476 (
1234 1390 1334 1455 uti
1356 1391 1543 1456 modo
1566 1391 2014 1476 explicuimus)
2033 1415 2049 1468 3
2075 1412 2200 1456 non
2225 1413 2376 1456 vero
2399 1391 2744 1476 positivum
2768 1414 2881 1457 ens
2903 1413 3044 1476 pro-

118 1478 247 1560 prie
297 1480 345 1544 a
396 1478 691 1545 absolute
722 1481 814 1546 sic
837 1481 1097 1558 dictum,
1145 1480 1311 1563 quod
1336 1479 1651 1564 privativo
1676 1480 1932 1565 proprie
1956 1481 2124 1545 dicto
2145 1480 2510 1564 opponitur.
2556 1479 2828 1546 Nullum
2876 1481 3046 1546 enim

118 1570 449 1651 peccatum
511 1568 777 1634 Thomas
802 1569 891 1634 sic
918 1569 1101 1655 [pag.
1139 1568 1343 1653 1089]
1370 1568 1695 1652 appellare
1720 1570 1904 1648 solet,
1930 1573 2002 1634 ut
2023 1572 2273 1634 constat
2295 1591 2374 1634 ex
2401 1570 2459 1634 l.
2485 1590 2595 1657 qu.
2619 1569 2725 1634 48.
2751 1570 2858 1635 49.
2887 1569 2952 1636 ἃ·
2983 1571 3047 1635 3.

116 1668 321 1720 cotnra
376 1657 598 1722 Gentes
642 1679 781 1742 cap.
834 1657 935 1723 10.
992 1657 1079 1722 Et
1102 1669 1335 1743 quaest.
1363 1657 1523 1742 disp.
1560 1658 1636 1724 de
1662 1659 1853 1726 Malo.
1903 1655 1973 1723 Si
1999 1658 2154 1742 quid
2175 1657 2354 1723 aliud
2385 1659 2656 1725 Thomae
2669 1658 3046 1738 tribuerent,

117 1744 332 1829 utique
387 1745 731 1811 manifeste
777 1769 923 1812 eum
967 1749 1357 1829 torquerent,
1398 1748 1444 1812 δι
1474 1750 1755 1812 mentem
1780 1747 1916 1832 ejus
1948 1751 2401 1832 perverterent.
2447 1746 2634 1814 Nihil
2680 1747 2891 1813 minus
2935 1748 3048 1812 ille

118 1857 223 1917 per
266 1855 462 1898 suum
488 1836 848 1917 positivum,
874 1835 922 1901 8(
944 1835 1025 1900 ad
1056 1835 1319 1900 modum
1341 1834 1589 1902 habitus
1620 1834 1942 1901 intellexit
1965 1858 2158 1920 quam
2183 1837 2422 1902 realem
2449 1838 2494 1903 8(
2519 1837 2866 1920 positivum
2889 1858 3048 1921 qua-

118 1922 381 1986 litatem.
434 1921 620 1988 Hanc
652 1925 821 1988 enim
867 1926 1084 2007 aperte
1130 1924 1487 2007 repudiant,
1536 1928 1609 1988 ut
1652 1925 1868 1990 videre
1892 1929 1990 1989 est
2014 1925 2184 2008 apud
2209 1926 2696 2004 Bellarminum,
2732 1924 2797 1991 ἂ·
2835 1927 3044 1992 Valen-

121 2013 265 2076 tiam
311 2013 425 2076 loc.
480 2013 579 2077 cit.
635 2011 867 2077 Confer
900 2013 1219 2098 Synopsin
1241 2011 1600 2078 Leidensem
1630 2014 1864 2098 disput.
1895 2013 1998 2079 15.
2022 2012 2205 2078 VIII.
2241 2015 2381 2080 Rat.
2407 2013 2572 2090 Quia
2596 2013 2672 2078 de
2697 2013 2869 2078 omni.
2899 2036 3046 2098 pec-

119 2103 269 2178 cato,
318 2100 367 2164 St
398 2100 733 2183 speciatim
765 2102 841 2165 de
872 2101 1110 2166 actuali
1132 2105 1391 2185 peccato
1414 2102 1876 2167 commissionis
1902 2101 2120 2167 dicunt
2141 2101 2428 2188 theologi
2451 2102 2620 2187 quod
2645 2101 2730 2167 sit
2767 2102 3046 2186 qualitas

120 2191 225 2252 aut
274 2189 467 2267 actiO,
516 2191 561 2255 ἃ
584 2191 753 2275 quod
778 2189 863 2254 sit
892 2189 1239 2274 positivum
1263 2190 1438 2273 quid.
1460 2188 1626 2255 Vide
1654 2191 2009 2258 Zanchium
2048 2193 2155 2256 loc.
2188 2191 2288 2257 cit.
2321 2193 2367 2258 δι
2397 2190 2731 2256 Rollocum
2763 2191 2838 2256 de
2861 2213 3048 2256 voca-

119 2277 281 2342 tione
314 2275 583 2358 efficaci,
608 2301 659 2343 c.
688 2279 793 2344 24.
821 2301 881 2362 p.
916 2278 1062 2342 142.
1087 2278 1199 2342 ubi
1223 2279 1314 2344 sic
1342 2278 1599 2344 definit:
1643 2293 1963 2364 peccatum
2007 2291 2093 2345 est
2117 2281 2386 2366 qualitas
2409 2301 2519 2347 scu
2541 2281 2698 2346 actio
2727 2292 3049 2347 creaturae

119 2366 444 2432 rationalis
476 2365 711 2443 ἄνομος,
740 2388 849 2434 seu
868 2387 1173 2453 puqnans
1202 2388 1348 2433 cum
1373 2370 1499 2453 leye
1520 2369 1659 2435 Dei.
1694 2368 1928 2434 Confer
1949 2369 2218 2435 eundem
2240 2390 2289 2434 c.
2335 2369 2441 2434 27.
2463 2390 2530 2455 p.
2561 2369 2710 2434 161.
2759 2366 2941 2446 Quod
2970 2369 3046 2434 de

121 2460 366 2539 peccato
400 2461 713 2537 concrete,
762 2461 837 2522 ut
879 2460 1129 2522 constat
1153 2459 1476 2523 substrato
1499 2459 1545 2524 δι
1569 2457 1781 2533 ἀνομία
1805 2458 2294 2543 intelligendum
2319 2480 2507 2525 nemo
2530 2480 2658 2523 non
2680 2458 2873 2524 videt.
2899 2456 3048 2524 Nisi

120 2566 216 2610 eos
246 2544 373 2609 sibi
396 2546 673 2630 turpiter
693 2546 1123 2611 contradicere
1146 2547 1321 2612 velit.
1368 2546 1709 2611 Peccatum
1732 2546 2194 2613 commissionis
2233 2546 2590 2612 formaliter
2613 2551 2712 2612 est
2733 2546 3044 2631 privatio:

120 2636 161 2699 s
184 2638 398 2698 tamen
424 2635 711 2718 opposite
746 2636 827 2701 ad
850 2640 1179 2719 peccatum
1204 2635 1563 2701 omissionis
1611 2636 1845 2701 dicitur
1875 2636 2222 2720 positivum
2245 2635 2419 2719 quid.
2443 2634 2559 2701 IX.
2583 2637 2722 2702 Rat.
2766 2634 3048 2701 Accedat

122 2723 809 2805 praestantissimorum
856 2724 1303 2811 theologorum
1350 2746 1713 2804 consensuS,
1761 2724 1874 2809 qui
1928 2728 2041 2789 aut
2066 2727 2285 2809 aperte
2310 2727 2356 2792 δι
2388 2724 2902 2790 contradistincte
2936 2726 3045 2790 de-

122 2810 463 2875 terminant
508 2834 645 2877 esse
690 2813 1113 2897 privationem
1162 2818 1275 2879 aut
1304 2814 1533 2879 saltem
1578 2813 1926 2897 positivum
1949 2812 2124 2878 illius
2157 2813 2248 2879 sic
2274 2813 2614 2901 explicant,
2641 2817 2712 2877 ut
2733 2813 3048 2898 privativo

124 2900 365 2984 proprie
415 2900 583 2965 dicto
608 2923 735 2966 non
762 2906 1139 2986 opponatur,
1186 2902 1295 2967 sed
1319 2925 1463 2967 cum
1488 2924 1560 2967 eo
1585 2902 1916 2980 coincidat,
1958 2906 2072 2966 aut
2096 2903 2175 2966 ad
2201 2902 2362 2967 illud
2391 2903 2750 2968 reducatur.
2797 2900 3048 2967 Melan-

124 2988 269 3051 thon
298 2988 369 3053 in
394 2989 677 3054 consiliis
698 2994 865 3074 part.
904 2990 961 3054 1.
987 3014 1052 3075 p.
1080 2992 1229 3055 533.
1252 2990 1450 3055 Recte
1482 2991 1735 3075 proprie
1760 2991 1805 3056 8⁶
1828 2993 1974 3055 vere
1999 2991 2234 3055 dicitur
2257 2995 2587 3075 peccatum
2619 2990 2887 3077 originis
2911 3014 3048 3057 esse

124 3076 539 3158 privationem
576 3078 889 3163 justitiae,
943 3100 1135 3162 quam
1182 3078 1358 3145 Deus
1394 3079 1625 3144 indidit
1656 3078 1900 3145 homini
1925 3080 1992 3143 in
2023 3078 2362 3145 creatione.
2411 3080 2702 3154 Στὲρηστς
2723 3078 2830 3145 hic
2854 3080 3047 3163 signi·

126 3166 279 3243 fleat,
326 3167 501 3249 quod
555 3168 789 3231 usitate
829 3166 1198 3233 Dialecticis
1238 3167 1597 3253 significare
1630 3168 1812 3247 solet,
1834 3181 1908 3233 ut
1939 3190 2082 3234 cum
2108 3170 2408 3235 dicimus.-
2443 3168 2745 3234 Tenebras
2768 3190 2896 3235 esse
2919 3171 3052 3253 pri·

127 3254 421 3320 rationem
447 3256 625 3331 lucis,
658 3268 769 3321 aut
793 3257 1227 3341 confusionem
1245 3257 1665 3342 privationem
1686 3258 1951 3323 ordinis.
1977 3257 2065 3321 Et
2089 3261 2332 3341 postea,
2369 3257 2531 3326 Cum
2561 3258 2759 3342 iqitur
2781 3258 3049 3325 dicimus

124 3361 242 3409 esse
279 3343 725 3426 privationem,
772 3366 881 3411 seu
927 3347 1354 3425 amissionem,
1401 3367 1511 3411 seu
1549 3346 2003 3430 spoliationem,
2026 3348 2218 3432 plane}
2241 3346 2301 3413 ἃ·
2322 3347 2578 3431 proprie
2607 3346 2946 3433 loquimur,
2983 3345 3048 3411 a

130 3431 524 3516 intelliqimus
547 3432 821 3515 στέρησιν
841 3455 969 3499 esse
991 3436 1255 3518 formae,
1272 3455 1433 3521 quae
1452 3446 1647 3519 potest
1663 3435 1892 3500 adesse.
1911 3435 2020 3499 Et.
2043 3456 2193 3520 pag.
2221 3436 2371 3501 534.
2391 3436 2578 3503 Illam
2594 3434 3046 3499 cavillationem

127 3519 206 3584 sic
225 3521 393 3586 dilue
412 3544 433 3585 .·
465 3519 648 3585 Nihil
681 3543 807 3586 non
833 3523 1224 3607 puniendum
1250 3527 1365 3587 est.
1418 3522 1757 3588 Peccatum
1786 3523 1950 3587 nihil
1977 3528 2094 3589 est.
2142 3523 2320 3609 Ergo
2343 3546 2466 3589 non
2491 3524 2882 3607 puniendum
2914 3526 3043 3587 est:

126 3608 310 3675 Aliud
340 3622 441 3677 ·est
484 3610 649 3675 nihil
694 3612 990 3696 neqative,
1040 3612 1221 3679 aliud
1272 3612 1435 3677 nihil
1476 3613 1797 3697 privative.
1851 3614 2018 3681 Nam
2055 3613 2220 3678 nihil
2248 3614 2550 3697 privative
2577 3624 2664 3677 est
2689 3614 2758 3676 in·
2782 3610 3046 3695 subjecto

126 3699 443 3775 existen&
470 3700 787 3785 corruptio
838 3698 901 3766 a
944 3701 1230 3786 confusio
1246 3724 1266 3765 .·
1296 3713 1365 3767 ut
1388 3702 1583 3767 ruina
1606 3701 1833 3767 doni-us
1855 3714 1940 3768 est
1961 3703 2248 3786 conlusio
2271 3702 2439 3768 illius
2463 3700 2740 3766 ordinati
2761 3700 3046 3787 aedificii.

128 3787 358 3853 Deinde
402 3810 625 3854 verum
668 3800 775 3868 est,
796 3802 939 3873 post
960 3790 1381 3873 privationem
1405 3790 1559 3856 lucis
1596 3788 1658 3856 ἃ·
1670 3791 1974 3875 justitiae,
1999 3790 2177 3877 sequi
2199 3793 2427 3856 multos
2449 3801 2728 3855 errantes
2749 3800 2956 3855 motus
2987 3788 3050 3854 a

129 3878 369 3955 erroris,
395 3890 465 3943 ut
488 3884 708 3943 aversa
737 3880 1031 3945 voluntas
1054 3901 1095 3945 a
1117 3879 1249 3945 Deo
1282 3879 1459 3945 ardet
1481 3900 1697 3944 amore
1717 3880 1840 3958 sui,
1867 3878 1929 3944 a·
1956 3880 2350 3962 voluptatum
2381 3880 2706 3943 malarum
2737 3879 2872 3943 sinc
2893 3878 3047 3943 Dec.

130 3964 291 4030 Mens
338 3986 531 4046 coeca,
575 3967 807 4051 iynara
856 3968 979 4035 Dei
1027 3968 1191 4034 ludit
1238 3968 1642 4052 opinionibus
1690 3968 1766 4033 dc
1800 3970 1954 4045 Deo,
1999 3968 2164 4033 alius
2186 3968 2366 4033 aliud
2387 3967 2588 4055 finqit,
2613 3977 2684 4031 ut
2708 3966 3048 4032 ostendunt

131 4050 515 4129 εἴδωλομκνῐαι
558 4057 849 4123 omnium
899 4059 1202 4142 qentium.
1250 4059 1345 4122 Ita
1386 4069 1527 4142 post
1580 4056 2001 4141 privatimtem
2047 4067 2401 4142 sequuntur
2440 4055 2731 4140 positiva,
2770 4066 2840 4121 ut
2863 4058 3048 4141 vulyo

132 4141 483 4226 loquuntur,
509 4144 561 4211 ἃ
593 4156 803 4211 tamen
824 4146 1193 4230 deformitas
1220 4148 1311 4214 vel
1332 4144 1552 4224 ἀταξία
1576 4147 1647 4211 in
1670 4146 1777 4211 illo
1802 4145 1939 4229 ipso
1958 4146 2224 4229 positivo
2245 4146 2432 4211 etiam
2462 4156 2550 4210 est
2573 4143 2862 4219 στέρησις-

216 4230 534 4309 Quantum
582 4254 687 4317 390
731 4235 939 4299 videre
979 4256 1263 4320 possum,
1310 4235 1457 4300 haec
1498 4235 1827 4319 perspicue
1849 4232 1912 4300 ἃ·
1934 4234 2148 4300 deaetre
2171 4234 2490 4313 dicuntur,
2527 4232 2592 4299 ἃ·
2621 4233 2785 4299 nihil
2815 4228 3048 4299 habens

131 4316 539 4401 absurditatis,
564 4320 626 4389 H:
647 4335 798 4388 sunt
817 4344 1125 4409 9ermana
1148 4325 1451 4390 sententia
1473 4324 1793 4390 doctrinae
1819 4322 2220 4407 Propheticae
2243 4322 2304 4389 ἃ·
2324 4324 2720 4408 Apostolicae.
2739 4322 3050 4389 Fortassis

132 4418 380 4475 naturae
422 4412 819 4479 cavillatrices
860 4415 1067 4480 multa
1088 4414 1459 4480 inveniunt.-
1495 4434 1659 4500 quae
1676 4423 1900 4498 ar9ute
1921 4410 2177 4496 objicere
2193 4424 2496 4496 possunt:
2541 4412 2660 4479 Sed
2682 4411 2985 4497 explicari
3006 4432 3047 4475 a

2825 4499 3044 4583 peritis
