3694 4871
610 298 696 361 44
1211 297 2964 366 D1sp.111.D2JuanmJusm1r1ADr.1.

968 483 1487 551 APPENDICIS
1558 485 1680 551 AD
1742 483 2476 550 DISPUTATIONEM
2546 483 3175 548 THEOLOGIGAM

1298 639 1443 712 DE
1506 639 1793 713 JURE
1857 640 1994 711 ET
2063 635 2608 712 JUSTITIA
2661 637 2858 709 DEI

1778 779 2005 830 PARS
2057 778 2421 838 Pinnas)

702 905 797 969 De
842 905 991 966 lare
1022 903 1140 967 Dei
1184 925 1327 967 cum
1352 917 1495 968 ante
1518 906 1634 968 hac
1662 925 2006 988 ayeremas,
2033 903 2558 967 constituebamus
2581 902 3038 967 distinctionem
3045 905 3083 986 j
3087 905 3218 968 aris
3241 903 3441 967 divini
3469 905 3524 966 iu

614 995 903 1056 naturale
926 990 988 1056 ἃ·
1006 992 1367 1074 positivmn,
1394 1015 1501 1056 sea
1528 994 1594 1056 in
1622 993 2036 1056 neeessariam
2062 993 2123 1056 a·
2147 991 2430 1057 tiber-mn..
2486 993 2681 1074 Cujus
2707 992 3125 1056 distinctionis
3156 993 3330 1074 apud
3359 992 3530 1056 Scho-

615 1081 857 1146 tosticus
865 1079 1039 1164 &qai
1050 1101 1149 1144 eos
1163 1093 1429 1165 aequm-tt
1440 1103 1475 1144 u
1486 1103 1517 1144 r
1533 1083 1828 1164 m’qleetae
1838 1103 1876 1146 a
1887 1093 1952 1144 ut
1965 1101 2094 1145 uon
2106 1081 2253 1144 satis
2263 1084 2537 1146 excultae
2546 1081 3007 1164 explicationem
3021 1080 3534 1164 &applicationem

616 1169 710 1234 uti
750 1181 897 1233 tam·
929 1168 1277 1233 admodum
1316 1170 1529 1234 utilem
1548 1169 2018 1251 judit-abavum,
2043 1171 2274 1254 quippe
2288 1181 2536 1254 portam
2567 1172 2800 1233 mul-tas
2827 1169 3039 1245 theses,
3073 1169 3448 1254 hypotheses,
3482 1167 3534 1232 a·

616 1258 1001 1342 quaestiones
1026 1257 1391 1340 theoloyt'eas
1418 1279 1479 1322 se
1504 1259 1994 1344 diffundentem.-
2023 1260 2106 1322 ita
2129 1279 2305 1322 num·
2327 1258 2840 1341 operaepretium
2866 1279 2982 1322 uos
2995 1260 3268 1341 facturos
3283 1255 3532 1322 arbitra-

620 1367 786 1424 mur,
811 1345 866 1408 si
888 1367 1023 1408 eam
1050 1347 1254 1411 dormo
1278 1347 1363 1410 ad
1391 1347 1651 1411 modum
1674 1348 2124 1411 controversiae
2147 1347 2400 1410 uberius
2423 1343 2886 1428 pertractantem,
2925 1345 2988 1410 {t
3017 1347 3094 1410 ab
3119 1345 3533 1429 objectionibus

616 1436 903 1498 vlrorum
950 1436 1315 1510 Doctorum,
1358 1456 1516 1518 quae
1536 1447 1673 1518 post
1701 1437 1858 1500 itta-ct
1890 1447 2131 1516 tempus
2159 1437 2226 1500 in
2251 1437 2442 1499 lucem
2469 1435 2773 1517 prodiere,
2811 1455 2930 1517 pro
2954 1435 3126 1498 virili
3149 1435 3534 1508 vindic-entus,

618 1523 867 1607 aliaque
892 1524 1203 1588 nonnulla·
1228 1523 1655 1606 sttbjieianu.e.s·‚
1682 1545 1841 1608 quae
1863 1524 1949 1587 ad
1975 1525 2452 1588 illustratione-m
2479 1523 2636 1606 disp.
2665 1535 2915 1586 nostrae
2939 1523 3015 1585 de
3037 1523 3078 1586 ‚J
3085 1545 3196 1586 ure
3221 1525 3266 1587 a
3289 1521 3536 1585 ,lustitia

618 1610 739 1675 Dei
784 1611 1092 1694 pertinere
1135 1611 1527 1676 videbuntur.
1580 1613 1762 1693 Quod
1806 1613 1893 1675 ad
1916 1613 2399 1676 controversiam
2431 1621 2501 1674 cte
2521 1613 2837 1694 praesenti
2859 1612 3270 1675 diatim-tione.
3317 1609 3368 1674 I.
3397 1610 3532 1692 Ejus

619 1703 859 1762 statum
910 1699 1385 1763 constituemus.
1436 1699 1520 1764 II.
1572 1699 1878 1764 Rationes
1935 1723 2050 1782 pro
2074 1700 2391 1764 sententia
2423 1704 2640 1762 nostra
2671 1699 3110 1762 indicabimus
3161 1697 3278 1763 III.
3327 1697 3532 1777 Objec-

620 1787 845 1863 tioneS,
896 1791 943 1852 8ι
990 1788 1391 1869 exceptiones
1417 1789 1753 1852 solvemus.
1802 1786 1919 1851 IV.
1969 1788 2327 1852 Porismata
2359 1788 2757 1866 deducemus,
2793 1791 2836 1854 ἃ
2869 1810 2984 1870 per
3007 1788 3268 1851 modum
3303 1787 3532 1870 proble-

618 1880 864 1940 matum
894 1879 1437 1940 controversorum
1461 1877 2045 1942 determinabimus,

714 2051 778 2120 1.
826 2052 947 2117 Est
991 2052 1192 2136 igitur
1232 2053 1555 2136 quaestio:
1586 2053 1687 2117 An
1716 2054 1800 2117 sit
1816 2055 1924 2138 jus
1951 2054 2206 2138 aliquod
2233 2053 2516 2117 divinum
2544 2053 2608 2116 in
2635 2051 2772 2116 Deo
2795 2053 3172 2128 immanens,
3201 2051 3339 2117 Deo
3365 2055 3530 2115 natu-

600 2141 776 2220 'rale,
831 2141 1279 2219 necessarium,
1329 2144 1375 2207 δι
1424 2142 1825 2206 immutabile
1846 2193 1861 2216 ‚
1896 2143 1988 2205 ita
2024 2147 2095 2206 ut
2118 2141 2291 2206 Deus
2319 2141 2557 2224 absque
2585 2140 3016 2224 implicatione
3041 2139 3534 2205 contradictionis

621 2252 733 2313 per
780 2229 1139 2293 absolutam
1186 2251 1369 2294 suam
1417 2230 1771 2313 potentiam
1819 2233 1866 2296 81.
1895 2234 2273 2312 potestatem
2302 2253 2424 2293 non
2467 2230 2669 2312 possit
2703 2231 2864 2293 velle
2903 2234 3168 2292 autnon
3194 2229 3348 2293 velit
3373 2249 3534 2312 posse

622 2318 864 2400 aliquid
911 2319 1211 2382 mandare
1252 2322 1364 2382 aut
1396 2317 1623 2394 fac-ere,
1658 2319 1827 2401 quod
1859 2319 1990 2402 juri
2019 2317 2114 2382 illi
2147 2321 2480 2402 repugnet,
2511 2317 2631 2382 Vel
2657 2318 2767 2396 sic,
2793 2317 2898 2380 An
2921 2317 3006 2380 sit
3030 2317 3293 2402 aliquod
3307 2319 3410 2401 jus
3434 2314 3534 2378 Dei

620 2407 687 2470 in
714 2406 930 2472 ordine
956 2407 1037 2471 ad
1062 2411 1437 2485 creaturam,
1456 2429 1580 2491 quo
1604 2407 1740 2491 ipse
1767 2405 2056 2471 absolute
2081 2410 2374 2473 teneatur
2397 2407 2442 2472 δι
2466 2405 2809 2491 obligetur,
2837 2406 2926 2470 ita
2955 2410 3022 2469 ut
3046 2405 3258 2489 posito
3275 2405 3532 2489 subjectu

622 2518 730 2559 seu
781 2494 1026 2578 objecto
1074 2496 1341 2573 idoneo,·
1358 2500 1648 2559 creatura
1674 2496 1809 2559 scil.
1836 2496 2156 2574 rationali,
2186 2519 2310 2561 non
2337 2496 2538 2579 possit
2561 2496 2627 2559 in
2653 2495 2986 2559 excercitio
3011 2497 3058 2559 δ’,
3083 2517 3346 2579 egressu
3369 2493 3532 2557 istius

615 2583 777 2666 juris
804 2588 1013 2646 actum
1033 2583 1318 2647 debitum
1335 2586 1379 2649 δι
1404 2584 1527 2667 juri
1552 2584 1648 2647 illi
1674 2584 2140 2668 homogeneum
2166 2585 2478 2661 omitte-re,
2505 2587 2617 2648 aut
2634 2583 3019 2647 contrarium
3038 2586 3254 2647 actum
3271 2602 3532 2647 excerce-

621 2694 709 2749 re,
760 2674 871 2734 aut
916 2675 989 2734 ut
1036 2672 1115 2735 ab
1140 2672 1283 2735 aliis
1308 2677 1673 2735 exerceatur
1698 2672 2079 2756 praecipere.
2131 2672 2253 2737 Vel
2278 2674 2388 2751 sic,
2423 2696 2502 2735 an
2533 2672 2734 2735 ullum
2761 2671 2846 2735 sit
2861 2672 2966 2753 jus
2991 2670 3114 2735 Dei
3137 2671 3207 2733 iu
3235 2672 3446 2735 ordine
3469 2667 3532 2731 ad

623 2763 979 2824 creaturam
996 2758 1391 2837 rationalem,
1422 2760 1587 2843 quod
1606 2761 1862 2843 quidem
1879 2765 2336 2843 .aptumuatum
2355 2761 2440 2825 sit
2464 2761 2530 2823 in
2556 2764 2960 2844 praeceptum
2987 2782 3052 2823 se
3085 2758 3454 2835 diffundere,
3467 2755 3534 2820 ad

624 2871 697 2912 cu
696 2848 801 2931 jus
822 2848 1292 2926 revelationem,
1312 2849 1701 2927 mandatum,
1720 2849 1797 2912 ad
1814 2849 2122 2912 utramvis
2141 2848 2609 2913 contrarietatis
2625 2853 2739 2912 aut
2757 2846 3534 2933 [pag.3ss5]contradictio-

622 2936 723 2999 nis
748 2940 995 3018 partem
1012 2934 1187 2999 Deus
1212 2936 1408 3001 libere
1435 2959 1501 2999 se
1526 2936 1760 3001 habeat
1780 2937 1824 3001 δι
1842 2937 2294 3001 indifferenter:
2325 2942 2394 3001 ut
2418 2937 2484 3000 iu
2509 2935 2698 3001 istam
2716 2941 2828 2999 aut
2852 2936 2920 2999 in
2935 2935 3126 2999 istam
3143 2941 3396 3019 partem
3413 2934 3534 2998 abs-

627 3046 751 3107 que
776 3022 1116 3087 violatione
1134 3024 1180 3088 8⁶
1198 3024 1621 3109 abnegatione
1640 3024 1996 3107 potestatis,
2016 3026 2356 3109 potentiae,
2375 3024 2801 3109 perfectioniS,
2819 3023 3229 3107 &sapientiae
3243 3048 3413 3101 suae,
3435 3022 3534 3085 hoc

628 3115 743 3189 est,
792 3111 1031 3195 absque
1078 3112 1500 3197 abnegatione
1554 3113 1653 3177 sui
1700 3113 1900 3197 ipsius
1925 3115 2094 3196 apud
2125 3136 2191 3177 se
2225 3114 2500 3197 primum
2526 3113 2876 3189 decernere,
2905 3112 3128 3175 deinde
3161 3116 3344 3177 extra
3366 3136 3430 3175 se
3451 3132 3533 3173 se·

625 3200 899 3264 cundum
932 3200 1253 3265 decretum
1279 3224 1463 3265 suum
1491 3203 1793 3279 revelare,
1826 3206 2210 3285 praecipere,
2247 3202 2472 3285 exequi
2497 3201 2719 3284 possit.
2767 3200 2890 3265 Vel
2929 3201 3038 3277 sic,
3077 3223 3222 3264 cum
3249 3200 3534 3286 quaedam

628 3289 775 3367 sint,
823 3310 986 3373 quae
1028 3292 1067 3353 a
1100 3288 1235 3353 Deo
1268 3313 1343 3355 ex
1369 3290 1745 3353 necessitate
1778 3294 2045 3353 naturae
2071 3314 2242 3368 suae,
2270 3293 2316 3355 ἃ
2339 3314 2464 3354 non
2493 3290 2834 3353 secundum
2867 3290 3344 3353 antecedentem
3367 3288 3534 3351 liber·

628 3380 828 3441 tatem
874 3378 1221 3442 voluntatis
1270 3381 1381 3441 aut
1415 3378 1687 3441 liberum
1712 3379 2033 3442 decretum
2065 3379 2173 3463 agi
2198 3379 2512 3456 dicuntur,
2537 3401 2620 3441 an
2647 3378 2813 3441 inter
2845 3400 2919 3441 ea
2943 3376 3137 3441 etiam
3168 3374 3534 3441 numeranda

628 3466 757 3529 sint
794 3466 1011 3551 aliqua
1058 3471 1393 3549 praecepta
1438 3469 1765 3531 creaturae
1812 3467 2111 3531 rationali
2159 3468 2567 3550 praescripta,
2595 3468 2640 3532 δι
2675 3465 3098 3551 obligationes
3123 3466 3270 3528 inde
3295 3466 3360 3529 in
3382 3484 3534 3527 crea-

628 3559 772 3617 tura
820 3554 1116 3618 rationali
1162 3555 1525 3619 existentes.
1576 3554 1699 3618 Vel
1742 3554 1854 3631 sic,
1903 3554 2005 3618 An
2032 3578 2216 3619 omne
2242 3556 2340 3638 jus
2365 3554 2488 3619 Dei
2520 3577 2597 3618 ex
2621 3576 2746 3639 quo
2771 3554 2816 3618 St
2847 3554 3192 3617 secundum
3217 3554 3382 3636 quod
3403 3548 3533 3635 quid

628 3643 887 3706 mandat
900 3645 1010 3706 aut
1034 3644 1334 3707 mandare
1360 3646 1570 3725 potest
1588 3648 1916 3706 creaturae
1945 3642 2259 3722 rationali,
2293 3648 2406 3707 aut
2439 3648 2745 3725 tauquam
2771 3642 2894 3707 sibi
2919 3640 3208 3705 debitum
3232 3640 3382 3724 quid
3407 3637 3530 3703 exi-

630 3730 728 3813 git
752 3733 797 3796 a
822 3731 1101 3813 postulat
1126 3731 1207 3795 ab
1242 3754 1336 3806 ea,
1384 3730 1469 3794 sit
1491 3731 1824 3809 mutabile,
1851 3730 2142 3809 liberum,
2171 3733 2215 3796 &
2241 3732 2410 3815 quod
2433 3735 2646 3813 posset
2675 3734 2788 3794 aut
2811 3729 3124 3812 potuisset
3147 3729 3337 3793 aliter
3359 3733 3396 3793 a
3417 3726 3532 3790 Deo

630 3818 898 3895 decerni,
926 3820 972 3884 δῦ
994 3824 1450 3902 consequenter
1476 3819 1541 3882 in
1579 3819 1754 3883 aliud
1777 3822 1890 3883 aut
1914 3819 2300 3883 contrarium
2323 3822 2732 3902 praeceptum
2758 3817 3082 3881 diffundit:
3122 3840 3204 3881 an
3251 3840 3397 3881 vero
3431 3812 3530 3877 ali-

630 3907 798 3989 quod
820 3906 903 3970 sit
926 3905 1301 3990 simpliciter
1322 3908 1747 3971 necessarium
1773 3910 1819 3972 δι
1842 3907 2261 3984 immutabile,
2281 3929 2406 3989 quo
2428 3905 2602 3971 Deus
2625 3929 2750 3971 non
2775 3906 2976 3989 possit
3005 3904 3231 3989 positis
3257 3900 3533 3989 ponendis

631 3994 918 4079 obligare
964 3999 1319 4059 creaturam
1372 3994 1767 4074 rationalem,
1820 3994 2135 4078 siquidem
2157 3995 2314 4059 velit
2337 3994 2619 4077 aliquam
2642 3994 2985 4078 producere
3011 3996 3057 4059 a
3089 3993 3377 4057 existere.
3421 3986 3532 4055 Alii

634 4082 725 4145 sic
746 4086 1128 4165 proponunt,
1168 4106 1251 4147 an
1297 4083 1509 4149 omnia
1533 4084 1701 4167 apud
1724 4086 2046 4147 creaturas
2070 4083 2412 4147 rationales
2435 4083 2503 4145 in
2525 4082 2742 4147 ordine
2773 4084 2854 4145 ad
2876 4081 3088 4146 Deum
3112 4084 3158 4148 a
3181 4082 3350 4147 inter
3372 4102 3434 4145 se
3447 4079 3534 4161 ju-

633 4170 789 4233 sta&
808 4173 979 4233 recta
1004 4170 1151 4247 sint,
1170 4175 1421 4236 tantum
1445 4172 1597 4255 quia
1611 4170 1785 4236 Deus
1806 4172 1963 4250 vult,
1982 4194 2064 4235 an
2082 4193 2228 4236 vero
2253 4171 2562 4255 quaedam
2579 4171 2754 4255 justa
2767 4170 2896 4235 sint
2913 4172 2958 4236 ἃ
2977 4170 3102 4234 dici
3119 4170 3380 4253 possint,
3393 4185 3529 4253 quae

633 4255 807 4322 Deus
838 4258 1026 4322 aliter
1058 4258 1219 4323 velle
1244 4282 1371 4324 non
1394 4264 1623 4344 potest,
1651 4260 1731 4323 ad
1754 4282 1918 4344 quae
1951 4259 2304 4324 necessario
2336 4258 2703 4344 obligentur
2727 4265 3078 4339 creaturae,
3103 4261 3150 4324 δι
3175 4275 3529 4341 consequen·

3356 4350 3443 4409 ter
3461 4360 3528 4404 an

700 4484 742 4541 ¹)
774 4482 928 4547 Resp.
962 4480 1036 4530 Μ.
1068 4480 1286 4534 Annam
1320 4482 1581 4533 Lausum
1616 4484 1906 4533 Amstelod.
1939 4483 2024 4533 Aa
2059 4484 2208 4534 diem
2242 4482 2324 4536 21.
2359 4482 2600 4534 Decemb.
2635 4482 2783 4533 1644.
