3694 4871
819 845 1856 982 'DISPUTATIO
1934 862 2440 984 NONA.

504 1120 692 1216 DE
787 1119 1258 1219 STATU
1349 1119 2279 1218 ELEOTORUM
2383 1120 2786 1218 ANTE

1013 1274 2169 1374 OONVERSIONEM
2205 1269 2283 1375 1).

253 1501 568 1565 Intricata
611 1502 763 1566 satis
809 1503 1088 1589 quaestio
1137 1515 1224 1567 est
1257 1503 1332 1568 de
1354 1514 1522 1569 stat-a
1547 1505 1900 1569 Electoram
1922 1513 2067 1567 ante
2090 1501 2573 1582 conversionevn‚
2599 1503 2675 1570 de
2694 1525 2824 1590 qua
2854 1525 3107 1590 concep-

149 1601 357 1654 tuum
389 1599 745 1654 nostrorum
779 1591 1241 1676 scioqraphiam
1266 1594 1336 1657 in
1356 1593 1861 1676 praesentiarum
1892 1591 2281 1676 proposituri
2304 1591 2354 1654 I.
2367 1593 2771 1677 praeeoqnita
2786 1595 3103 1680 quaedam

155 1675 226 1742 a·
281 1678 710 1744 distinctiones
752 1681 1166 1746 terminorum
1189 1683 1681 1764 praemittemus,
1731 1683 1812 1746 II.
1845 1691 2079 1746 statam
2104 1682 2431 1746 electorum
2455 1681 2924 1748 delineabimm.
2974 1685 3012 1748 I
3015 1681 3051 1749 I
3052 1685 3105 1748 Ι.

149 1765 481 1921 gidtoiablt‘
501 1780 892 1834 controversa
911 1769 1298 1854 problemata
1315 1770 1729 1854 sabji'oiemus.
1755 1768 1872 1834 IV.
1913 1768 2115 1838 Usum
2130 1770 2325 1852 hujus
2350 1769 2667 1836 doctrinae
2688 1769 2887 1837 tribus
2904 1772 3107 1839 verbi-s

149 1880 172 1920 ι
283 1877 381 1921 ica
425 1877 610 1922 imus.

262 2042 336 2111 l.
357 2042 518 2108 Prae
537 2043 954 2127 supponimus
970 2044 1128 2109 haec
1147 2045 1269 2110 duo
1286 2043 1339 2111 I.
1359 2067 1496 2110 esse
1529 2045 1903 2110 electionem
1921 2043 2274 2129 gratuitam
2291 2045 2759 2124 salvandorum,
2776 2047 2957 2130 cujus
2972 2049 3102 2111 ter-

151 2133 386 2196 minus
427 2134 471 2198 81
505 2131 765 2197 effectus
788 2132 1077 2197 formalis
1103 2133 1188 2198 sit
1213 2134 1475 2200 Electus.
1507 2135 1685 2200 Rom.
1715 2135 1775 2198 8.
1804 2135 1911 2196 29.
1939 2135 2041 2196 30.
2068 2132 2291 2216 Ephe&
2325 2133 2379 2197 1.
2410 2133 2473 2198 4.
2501 2133 2561 2198 5.
2600 2135 2701 2198 11.
2730 2136 2791 2198 2.
2832 2135 3094 2201 Timoth.

163 2222 228 2285 1.
259 2221 332 2286 9.
365 2223 420 2283 1.
457 2221 724 2286 Thessal.
751 2221 812 2284 5.
845 2222 946 2286 10.
975 2223 1177 2288 Actor.
1210 2225 1308 2287 13.
1339 2220 1546 2287 39.11.
1565 2223 1863 2288 Electum
1879 2221 2262 2287 considerari
2280 2221 2639 2305 dupliciter,
2659 2227 2805 2288 ante
2824 2222 3101 2289 existen·

153 2311 336 2374 tiam
360 2333 562 2387 suam,
589 2333 700 2374 seu
722 2311 790 2373 in
817 2333 951 2374 esse
975 2311 1307 2395 objectivo,
1328 2315 1400 2376 ut
1417 2316 1662 2388 vocant3
1680 2311 1726 2376 81
1745 2315 1891 2395 post
1908 2309 2314 2376 existentiam
2333 2332 2446 2375 seu
2463 2311 2530 2374 in
2548 2334 2685 2376 esse
2702 2311 3097 2378 existentiae.

158 2400 221 2465 lt
225 2400 292 2465 lo
320 2399 504 2463 modo
529 2397 982 2479 consideratur,
1001 2403 1150 2465 ante
1163 2422 1354 2484 quam
1371 2404 1561 2465 natus
1580 2404 1676 2465 est
1696 2402 1876 2468 Rom.
1894 2401 1954 2466 9.
1983 2399 2081 2462 12.
2102 2397 2269 2474 Quin
2291 2401 2337 2465 81
2356 2404 2503 2465 ante
2520 2401 2847 2465 mundum.
2868 2401 3093 2487 Ephe&

163 2490 193 2551 l
212 2540 226 2552 .
251 2490 320 2551 4.
344 2490 400 2551 1.
425 2488 640 2553 Manli.
661 2489 766 2552 25.
787 2489 893 2553 35.
913 2488 1106 2554 11111110
1125 2489 1205 2553 ab
1224 2494 1482 2555 aeterno
1497 2491 1555 2555 2.
1591 2490 1747 2557 Tim.
1771 2491 1826 2555 1.
1847 2490 1907 2553 9.
1928 2511 2071 2555 cum
2088 2490 2289 2555 Actor.
2314 2489 2413 2553 15.
2439 2490 2538 2553 18.
2558 2489 2895 2555 Attributa
2912 2491 3099 2556 electi

155 2578 260 2642 sic
289 2577 664 2641 considerati
694 2600 817 2643 non
845 2581 994 2642 suut
1015 2578 1207 2662 hujus
1236 2578 1358 2643 loci
1383 2579 1493 2643 sed
1517 2579 1837 2662 pertinent
1870 2580 1949 2643 ad
1975 2579 2091 2643 loc.
2118 2600 2341 2643 comm.
2392 2579 2467 2643 de
2494 2578 3093 2662 praedestinatione.

157 2668 296 2732 Isto
343 2667 528 2730 modo
573 2667 1004 2731 consideratus
1052 2666 1250 2731 habet
1295 2668 1612 2752 triplicem
1658 2670 1900 2731 statum
1951 2668 2009 2729 1.
2067 2670 2214 2731 ante
2248 2667 2739 2733 conversionem.
2769 2669 2827 2731 2.
2856 2668 2925 2733 in
2953 2668 3095 2753 ipsa

157 2754 601 2820 conversione.
651 2758 710 2819 3.
759 2760 905 2839 post
958 2756 1451 2835 conversionem,
1491 2756 1680 2840 idque
1737 2768 1874 2821 tam
1919 2756 1985 2819 in
2034 2756 2187 2833 vita,
2236 2768 2371 2821 tum
2418 2756 2484 2821 in
2534 2761 2757 2838 morte,
2785 2769 2921 2823 tum
2952 2762 3100 2842 post

154 2848 464 2922 mortem,
489 2842 584 2909 De
609 2848 782 2909 statu
806 2847 950 2928 post
974 2845 1445 2909 conversionem
1469 2846 1685 2929 agitur
1709 2844 1962 2929 proprie
1987 2845 2053 2909 in
2078 2845 2215 2908 loco
2233 2845 2308 2909 de
2326 2843 2660 2929 Dignitate
2678 2846 2724 2911 ἃ
2741 2844 3098 2931 privilegiis

158 2932 478 2996 fidelium.
527 2934 624 2999 De
649 2937 822 2998 statu
851 2934 918 2997 in
950 2934 1089 3016 ipsa
1115 2934 1518 2999 conversione
1545 2933 1760 3018 agitur
1783 2933 1847 2997 in
1874 2933 2045 3008 locis,
2072 2933 2147 2996 de
2175 2934 2699 3018 Regeneratione,
2724 2931 3097 3015 Vocatione,

159 3021 615 3102 conversione,
665 3024 710 3088 81
750 3023 826 3087 de
851 3022 1034 3106 praxi
1057 3022 1203 3087 fidei
1229 3045 1302 3086 ac
1327 3021 1822 3106 resipiscentiae.
1869 3021 1966 3086 De
1990 3022 2197 3105 primo
2222 3026 2397 3087 statu
2420 3022 2525 3086 hic
2548 3022 2732 3087 nobis
2756 3024 3095 3108 agendum.

258 3107 332 3179 2.
380 3108 665 3174 Termini
719 3111 1152 3195 distinguendi
1205 3116 1354 3175 sunt
1401 3110 1450 3175 I.
1500 3110 1761 3175 Electus
1806 3131 1977 3174 nunc
2024 3110 2322 3176 existens
2362 3112 2423 3175 2.
2450 3109 2786 3195 Reprobus
2819 3112 3095 3176 existens

165 3200 358 3283 [pag.
387 3200 550 3285 403]
577 3202 636 3263 3.
665 3198 1039 3285 RegenituS.
1067 3201 1126 3264 4.
1150 3199 1300 3264 Non
1333 3222 1689 3264 conversus,
1733 3200 1794 3263 5.
1828 3198 2201 3264 Conversus.
2250 3198 2300 3263 I.
2351 3201 2589 3266 Electus
2621 3212 2764 3266 actu
2806 3202 3095 3277 existens,

162 3290 213 3354 81
246 3310 374 3351 11011
415 3310 752 3353 conversus
800 3289 1154 3368 actualiter,
1202 3292 1299 3352 est
1329 3288 1431 3353 vel
1456 3288 1802 3373 regenituS,
1831 3288 1930 3351 vel
1953 3311 2080 3353 non
2104 3288 2451 3373 regenitUS,
2478 3290 2588 3355 Ille
2612 3293 2726 3363 est,
2753 3289 2862 3371 qui
2888 3311 2965 3353 ex
2988 3289 3092 3353 al-

164 3382 310 3441 tero
356 3381 622 3460 parente
655 3377 976 3441 foederato
1007 3378 1075 3441 in
1100 3376 1365 3441 ecclesia
1387 3375 1508 3441 Dei
1525 3380 1734 3455 natus,
1761 3376 1974 3461 gratia
1996 3375 2302 3441 foederali
2326 3382 2589 3442 externa
2612 3380 2658 3443 &
2682 3377 2968 3455 relativa,
2994 3376 3095 3440 in·-

162 3488 360 3549 super
407 3466 619 3548 gratia
655 3465 960 3531 foederali
985 3466 1234 3530 interna
1259 3465 1776 3530 sanctificationis
1807 3487 1920 3529 seu
1943 3466 2442 3549 regenerationis
2466 3466 2775 3549 impressa
2800 3468 2845 3531 81.
2869 3464 3093 3531 inhae-

161 3558 370 3633 rente,
403 3554 450 3619 81
475 3553 624 3617 111110
648 3554 898 3618 interna
922 3554 1227 3619 foederali
1259 3555 1527 3618 relativa
1545 3554 2020 3637 justificationis
2053 3556 2099 3620 δι.
2123 3555 2480 3639 adoptionis
2522 3554 2811 3633 donatus,
2845 3554 2925 3618 ab
2955 3575 3092 3619 om-

161 3643 356 3707 nibus
382 3642 670 3727 reprobis
697 3643 890 3707 etiam
917 3646 1173 3707 externe
1199 3642 1556 3721 foederatiS,
1585 3644 1631 3709 81
1655 3642 1735 3707 ab
1759 3643 2055 3707 omnibus
2082 3643 2296 3707 electis
2322 3647 2577 3708 externe
2602 3664 2729 3706 non
2751 3642 3094 3708 foederatis

157 3754 280 3795 nec
321 3732 388 3795 in
433 3731 708 3795 infantia
740 3731 1046 3816 regenitis
1071 3731 1511 3816 distinguitur.
1561 3733 1681 3797 Iste
1713 3735 1829 3811 est,
1878 3731 1989 3815 qui
2022 3732 2102 3795 ab
2136 3735 2393 3797 aeterno
2417 3732 2673 3815 quidem
2698 3732 2954 3807 electuS‚
2983 3733 3094 3797 sed

158 3825 382 3884 tamen
413 3824 594 3885 extra
620 3820 842 3885 foedus
877 3822 923 3886 &
955 3820 1287 3885 ecclesiam
1311 3820 1550 3905 absque
1581 3821 1755 3886 omni
1780 3819 1991 3905 gratia
2013 3820 2322 3885 foederali
2345 3825 2483 3885 tum
2510 3823 2773 3884 externa
2804 3824 2943 3886 tum
2989 3821 3091 3886 in-

157 3914 347 3973 terna
371 3910 504 3973 sive
529 3909 902 3974 inhaerente
926 3908 1059 3973 sive
1083 3908 1353 3974 relativa
1378 3932 1456 3973 ex
1479 3909 1854 3993 parentibus
1885 3932 2012 3974 non
2036 3909 2377 3974 foederatis
2398 3910 2701 3974 nascitur.
2742 3908 2825 3973 ΙΙ.
2856 3911 3091 3995 Repro-

157 3998 281 4063 bus
313 4000 460 4083 jam
513 4009 658 4063 actu
701 3999 968 4063 existens
1007 4002 1104 4062 est
1133 4001 1187 4061 1.
1226 3998 1414 4065 Nullo
1437 4000 1622 4063 modo
1646 3998 2028 4075 foederatus,
2062 4000 2251 4080 atque
2278 3998 2432 4062 adeo
2456 4002 2593 4062 tam
2618 3999 2875 4063 externe
2897 4021 3092 4082 quam

139 4087 435 4165 interne,
483 4090 615 4151 tam
662 4087 992 4151 moraliter
1036 4109 1229 4169 quam
1260 4086 1766 4151 ceremonialiter
1789 4086 2160 4159 inmundus;
2188 4086 2397 4169 qualis
2425 4109 2521 4150 ex.
2548 4106 2645 4171 gr.
2672 4086 2739 4150 in
2763 4086 3092 4153 Ethnicis-

153 4198 262 4239 mo
289 4178 480 4240 natus
519 4176 574 4239 1.
608 4176 886 4241 Corinth.
916 4176 973 4239 7.
1007 4176 1108 4240 14.
1142 4197 1286 4240 cum
1309 4176 1509 4241 Actor.
1544 4177 1646 4240 10.
1679 4176 1778 4237 15.
1804 4196 1951 4238 eum
1984 4174 2187 4239 Galat.
2223 4176 2283 4238 2.
2339 4176 2437 4239 15.
2489 4177 2549 4240 2.
2580 4176 2846 4242 Externe
2876 4174 3090 4241 foede·

2892 4269 3093 4344 1111113,

223 4453 267 4517 ¹)
297 4451 460 4517 Resp.
496 4452 743 4503 Ensmco
777 4452 842 4502 ab
877 4452 1199 4505 Hmmomv
1235 4454 1588 4518 Ultrajectino.
1631 4452 1718 4503 Aa
1751 4452 1901 4503 diem
1937 4452 1981 4501 7.
2019 4450 2281 4517 Septemb.
2316 4450 2466 4504 1639.
