<?xml version="1.0" encoding="UTF-8"?>
<!DOCTYPE html PUBLIC "-//W3C//DTD XHTML 1.0 Transitional//EN"
    "http://www.w3.org/TR/xhtml1/DTD/xhtml1-transitional.dtd">
<html xmlns="http://www.w3.org/1999/xhtml" xml:lang="en" lang="en">
 <head>
  <title>
</title>
<meta http-equiv="Content-Type" content="text/html;charset=utf-8" />
  <meta name='ocr-system' content='tesseract 3.04.00' />
  <meta name='ocr-capabilities' content='ocr_page ocr_carea ocr_par ocr_line ocrx_word'/>
</head>
<body>
  <div class='ocr_page' id='page_1' title='image "./selectarumdispu00kuypgoog_0122.png"; bbox 0 0 3694 4871; ppageno 0'>
   <div class='ocr_carea' id='block_1_1' title="bbox 894 283 3052 350">
    <p class='ocr_par' dir='ltr' id='par_1_1' title="bbox 894 283 3052 350">
     <span class='ocr_line' id='line_1_1' title="bbox 894 283 3052 350; baseline -0.002 0"><span class='ocrx_word' id='word_1_1' title='bbox 894 285 1363 350; x_wconf 65' lang='lat' dir='ltr'>Doamms</span> <span class='ocrx_word' id='word_1_2' title='bbox 1414 308 1507 349; x_wconf 72' lang='lat' dir='ltr'>nn</span> <span class='ocrx_word' id='word_1_3' title='bbox 1556 283 2276 349; x_wconf 56' lang='lat' dir='ltr'>SS.T121N11=AT2.</span> <span class='ocrx_word' id='word_1_4' title='bbox 2973 283 3052 346; x_wconf 73' lang='grc'>91</span> 
     </span>
    </p>
   </div>
   <div class='ocr_carea' id='block_1_2' title="bbox 124 462 3064 2701">
    <p class='ocr_par' dir='ltr' id='par_1_2' title="bbox 124 462 3064 2701">
     <span class='ocr_line' id='line_1_2' title="bbox 124 462 3054 559; baseline -0.003 -18"><span class='ocrx_word' id='word_1_5' title='bbox 124 475 511 541; x_wconf 79' lang='lat' dir='ltr'>sessionibus</span> <span class='ocrx_word' id='word_1_6' title='bbox 556 479 857 559; x_wconf 87' lang='lat' dir='ltr'>(quatuor</span> <span class='ocrx_word' id='word_1_7' title='bbox 903 475 1073 540; x_wconf 87' lang='lat' dir='ltr'>enim</span> <span class='ocrx_word' id='word_1_8' title='bbox 1104 473 1195 538; x_wconf 92' lang='lat' dir='ltr'>ibi</span> <span class='ocrx_word' id='word_1_9' title='bbox 1226 474 1480 557; x_wconf 80' lang='lat' dir='ltr'>publice</span> <span class='ocrx_word' id='word_1_10' title='bbox 1514 474 1827 552; x_wconf 86' lang='lat' dir='ltr'>obtinent,</span> <span class='ocrx_word' id='word_1_11' title='bbox 1857 471 2250 550; x_wconf 86' lang='lat' dir='ltr'>Reformata,</span> <span class='ocrx_word' id='word_1_12' title='bbox 2285 472 2668 538; x_wconf 84' lang='lat' dir='ltr'>Lutherana.</span> <span class='ocrx_word' id='word_1_13' title='bbox 2699 462 3054 547; x_wconf 87' lang='lat' dir='ltr'>Pontificia,</span> 
     </span>
     <span class='ocr_line' id='line_1_3' title="bbox 126 557 3056 647; baseline -0.003 -17"><span class='ocrx_word' id='word_1_14' title='bbox 126 564 491 647; x_wconf 87' lang='lat' dir='ltr'>Sociniana)</span> <span class='ocrx_word' id='word_1_15' title='bbox 539 563 838 628; x_wconf 86' lang='lat' dir='ltr'>Proceres</span> <span class='ocrx_word' id='word_1_16' title='bbox 865 565 1005 628; x_wconf 85' lang='lat' dir='ltr'>deni</span> <span class='ocrx_word' id='word_1_17' title='bbox 1035 562 1265 628; x_wconf 89' lang='lat' dir='ltr'>octoni.</span> <span class='ocrx_word' id='word_1_18' title='bbox 1301 561 1437 626; x_wconf 78' lang='lat' dir='ltr'>Nos</span> <span class='ocrx_word' id='word_1_19' title='bbox 1462 562 1568 628; x_wconf 87' lang='lat' dir='ltr'>hic</span> <span class='ocrx_word' id='word_1_20' title='bbox 1598 584 1767 627; x_wconf 90' lang='lat' dir='ltr'>nunc</span> <span class='ocrx_word' id='word_1_21' title='bbox 1794 561 2046 646; x_wconf 88' lang='lat' dir='ltr'>proprie</span> <span class='ocrx_word' id='word_1_22' title='bbox 2078 560 2465 644; x_wconf 38' lang='lat' dir='ltr'>agemus-de</span> <span class='ocrx_word' id='word_1_23' title='bbox 2489 559 2618 623; x_wconf 90' lang='lat' dir='ltr'>illis</span> <span class='ocrx_word' id='word_1_24' title='bbox 2643 557 3056 623; x_wconf 86' lang='lat' dir='ltr'>Anti-Trini-</span> 
     </span>
     <span class='ocr_line' id='line_1_4' title="bbox 126 647 3053 734; baseline -0.002 -18"><span class='ocrx_word' id='word_1_25' title='bbox 126 653 329 730; x_wconf 78' lang='lat' dir='ltr'>tariiS,</span> <span class='ocrx_word' id='word_1_26' title='bbox 380 675 647 734; x_wconf 90' lang='lat' dir='ltr'>quorum</span> <span class='ocrx_word' id='word_1_27' title='bbox 705 653 999 717; x_wconf 85' lang='lat' dir='ltr'>haereses</span> <span class='ocrx_word' id='word_1_28' title='bbox 1045 651 1336 717; x_wconf 76' lang='lat' dir='ltr'><strong><em>catechesi</em></strong></span> <span class='ocrx_word' id='word_1_29' title='bbox 1360 651 1739 727; x_wconf 82' lang='lat' dir='ltr'>Racoviensi,</span> <span class='ocrx_word' id='word_1_30' title='bbox 1763 651 2011 734; x_wconf 81' lang='lat' dir='ltr'>scriptis</span> <span class='ocrx_word' id='word_1_31' title='bbox 2037 650 2268 727; x_wconf 82' lang='lat' dir='ltr'>Socini,</span> <span class='ocrx_word' id='word_1_32' title='bbox 2297 649 2680 722; x_wconf 81' lang='lat' dir='ltr'>Moscorovii,</span> <span class='ocrx_word' id='word_1_33' title='bbox 2719 647 3053 724; x_wconf 81' lang='lat' dir='ltr'>Ostorodii,</span> 
     </span>
     <span class='ocr_line' id='line_1_5' title="bbox 131 734 3056 822; baseline -0.003 -15"><span class='ocrx_word' id='word_1_34' title='bbox 131 743 427 816; x_wconf 74' lang='lat' dir='ltr'>Gesta-vii,</span> <span class='ocrx_word' id='word_1_35' title='bbox 484 742 762 820; x_wconf 82' lang='lat' dir='ltr'>Smalcii,</span> <span class='ocrx_word' id='word_1_36' title='bbox 811 742 1037 818; x_wconf 80' lang='lat' dir='ltr'>Grettii,</span> <span class='ocrx_word' id='word_1_37' title='bbox 1096 741 1371 805; x_wconf 82' lang='lat' dir='ltr'>Volclcclii</span> <span class='ocrx_word' id='word_1_38' title='bbox 1401 743 1501 807; x_wconf 57' lang='lat' dir='ltr'>&amp;ca</span> <span class='ocrx_word' id='word_1_39' title='bbox 1531 739 1950 814; x_wconf 81' lang='lat' dir='ltr'>exhibentur3</span> <span class='ocrx_word' id='word_1_40' title='bbox 1985 739 2136 822; x_wconf 85' lang='lat' dir='ltr'>quia</span> <span class='ocrx_word' id='word_1_41' title='bbox 2163 761 2269 803; x_wconf 89' lang='lat' dir='ltr'>eos</span> <span class='ocrx_word' id='word_1_42' title='bbox 2293 759 2447 822; x_wconf 87' lang='lat' dir='ltr'>prae</span> <span class='ocrx_word' id='word_1_43' title='bbox 2471 736 2738 802; x_wconf 80' lang='lat' dir='ltr'>caeteris</span> <span class='ocrx_word' id='word_1_44' title='bbox 2767 735 2832 799; x_wconf 91' lang='lat' dir='ltr'>in</span> <span class='ocrx_word' id='word_1_45' title='bbox 2857 734 3056 800; x_wconf 88' lang='lat' dir='ltr'>oculis</span> 
     </span>
     <span class='ocr_line' id='line_1_6' title="bbox 126 825 3054 916; baseline -0.003 -21"><span class='ocrx_word' id='word_1_46' title='bbox 126 835 386 916; x_wconf 82' lang='lat' dir='ltr'>gestant</span> <span class='ocrx_word' id='word_1_47' title='bbox 428 829 974 906; x_wconf 84' lang='lat' dir='ltr'>Remonstrantes,</span> <span class='ocrx_word' id='word_1_48' title='bbox 1004 831 1050 894; x_wconf 67' lang='lat' dir='ltr'>s</span> <span class='ocrx_word' id='word_1_49' title='bbox 1075 829 1380 914; x_wconf 88' lang='lat' dir='ltr'>pietatem</span> <span class='ocrx_word' id='word_1_50' title='bbox 1406 851 1623 894; x_wconf 88' lang='lat' dir='ltr'>eorum</span> <span class='ocrx_word' id='word_1_51' title='bbox 1648 829 1715 892; x_wconf 89' lang='lat' dir='ltr'>in</span> <span class='ocrx_word' id='word_1_52' title='bbox 1740 828 1988 892; x_wconf 80' lang='lat' dir='ltr'>coelum</span> <span class='ocrx_word' id='word_1_53' title='bbox 2015 827 2307 906; x_wconf 86' lang='lat' dir='ltr'>efferunt,</span> <span class='ocrx_word' id='word_1_54' title='bbox 2333 827 2485 910; x_wconf 85' lang='lat' dir='ltr'>quin</span> <span class='ocrx_word' id='word_1_55' title='bbox 2513 827 2559 891; x_wconf 63' lang='grc' dir='ltr'>ἃ,</span> <span class='ocrx_word' id='word_1_56' title='bbox 2582 825 3054 889; x_wconf 83' lang='lat' dir='ltr'>fraternitatem</span> 
     </span>
     <span class='ocr_line' id='line_1_7' title="bbox 126 914 3056 1000; baseline -0.003 -16"><span class='ocrx_word' id='word_1_57' title='bbox 126 942 265 984; x_wconf 86' lang='lat' dir='ltr'>cum</span> <span class='ocrx_word' id='word_1_58' title='bbox 288 920 374 983; x_wconf 87' lang='lat' dir='ltr'>iis</span> <span class='ocrx_word' id='word_1_59' title='bbox 402 919 729 983; x_wconf 85' lang='lat' dir='ltr'>colendam</span> <span class='ocrx_word' id='word_1_60' title='bbox 756 941 881 984; x_wconf 90' lang='lat' dir='ltr'>non</span> <span class='ocrx_word' id='word_1_61' title='bbox 908 919 1173 983; x_wconf 86' lang='lat' dir='ltr'><strong>obscure</strong></span> <span class='ocrx_word' id='word_1_62' title='bbox 1200 918 1607 996; x_wconf 88' lang='lat' dir='ltr'>contendunt,</span> <span class='ocrx_word' id='word_1_63' title='bbox 1636 919 1683 983; x_wconf 72' lang='lat' dir='ltr'>s</span> <span class='ocrx_word' id='word_1_64' title='bbox 1709 939 1978 1000; x_wconf 85' lang='lat' dir='ltr'>quorum</span> <span class='ocrx_word' id='word_1_65' title='bbox 2005 916 2202 980; x_wconf 88' lang='lat' dir='ltr'>ubera</span> <span class='ocrx_word' id='word_1_66' title='bbox 2229 917 2474 980; x_wconf 84' lang='lat' dir='ltr'>suxisse</span> <span class='ocrx_word' id='word_1_67' title='bbox 2501 937 2628 992; x_wconf 90' lang='lat' dir='ltr'>eos,</span> <span class='ocrx_word' id='word_1_68' title='bbox 2662 914 3056 977; x_wconf 87' lang='lat' dir='ltr'>demonstra-</span> 
     </span>
     <span class='ocr_line' id='line_1_8' title="bbox 128 1002 3060 1092; baseline -0.002 -20"><span class='ocrx_word' id='word_1_69' title='bbox 128 1013 261 1072; x_wconf 88' lang='lat' dir='ltr'>tum</span> <span class='ocrx_word' id='word_1_70' title='bbox 309 1013 412 1072; x_wconf 85' lang='lat' dir='ltr'>est</span> <span class='ocrx_word' id='word_1_71' title='bbox 460 1011 498 1072; x_wconf 74' lang='lat' dir='ltr'>a</span> <span class='ocrx_word' id='word_1_72' title='bbox 530 1006 673 1072; x_wconf 88' lang='lat' dir='ltr'>DD.</span> <span class='ocrx_word' id='word_1_73' title='bbox 712 1007 1189 1092; x_wconf 80' lang='lat' dir='ltr'>Professm·ibus</span> <span class='ocrx_word' id='word_1_74' title='bbox 1220 1009 1291 1070; x_wconf 82' lang='lat' dir='ltr'>in</span> <span class='ocrx_word' id='word_1_75' title='bbox 1313 1027 1600 1083; x_wconf 80' lang='lat' dir='ltr'>censura,</span> <span class='ocrx_word' id='word_1_76' title='bbox 1629 1007 1675 1072; x_wconf 71' lang='grc' dir='ltr'>δι</span> <span class='ocrx_word' id='word_1_77' title='bbox 1701 1004 1781 1069; x_wconf 88' lang='grc' dir='ltr'>Ι).</span> <span class='ocrx_word' id='word_1_78' title='bbox 1830 1005 2062 1069; x_wconf 81' lang='lat' dir='ltr'>Vcdelio</span> <span class='ocrx_word' id='word_1_79' title='bbox 2087 1005 2158 1068; x_wconf 82' lang='lat' dir='ltr'>in</span> <span class='ocrx_word' id='word_1_80' title='bbox 2185 1005 2440 1069; x_wconf 81' lang='lat' dir='ltr'>arcanis</span> <span class='ocrx_word' id='word_1_81' title='bbox 2466 1002 2987 1078; x_wconf 81' lang='lat' dir='ltr'>Armi-nianismi,</span> <span class='ocrx_word' id='word_1_82' title='bbox 3013 1003 3060 1067; x_wconf 73' lang='grc' dir='ltr'>δι</span> 
     </span>
     <span class='ocr_line' id='line_1_9' title="bbox 127 1089 3060 1183; baseline -0.003 -21"><span class='ocrx_word' id='word_1_83' title='bbox 127 1108 297 1162; x_wconf 79' lang='lat' dir='ltr'>tract.</span> <span class='ocrx_word' id='word_1_84' title='bbox 352 1097 433 1161; x_wconf 85' lang='lat' dir='ltr'>de</span> <span class='ocrx_word' id='word_1_85' title='bbox 481 1099 611 1162; x_wconf 83' lang='lat' dir='ltr'>Deo</span> <span class='ocrx_word' id='word_1_86' title='bbox 660 1117 1014 1183; x_wconf 69' lang='lat' dir='ltr'>synaqoqae</span> <span class='ocrx_word' id='word_1_87' title='bbox 1030 1121 1055 1174; x_wconf 89' lang='lat'><em>;</em></span> <span class='ocrx_word' id='word_1_88' title='bbox 1101 1098 1146 1163; x_wconf 82' lang='lat'>&amp;</span> <span class='ocrx_word' id='word_1_89' title='bbox 1178 1095 1607 1179; x_wconf 81' lang='lat' dir='ltr'><strong>peculiaribus</strong></span> <span class='ocrx_word' id='word_1_90' title='bbox 1635 1094 2002 1160; x_wconf 82' lang='lat' dir='ltr'>tractatibus</span> <span class='ocrx_word' id='word_1_91' title='bbox 2024 1094 2109 1159; x_wconf 91' lang='lat' dir='ltr'>D.</span> <span class='ocrx_word' id='word_1_92' title='bbox 2143 1094 2477 1158; x_wconf 73' lang='lat' dir='ltr'>Bodecheri</span> <span class='ocrx_word' id='word_1_93' title='bbox 2501 1095 2546 1158; x_wconf 74' lang='grc' dir='ltr'>δι</span> <span class='ocrx_word' id='word_1_94' title='bbox 2570 1093 2651 1156; x_wconf 90' lang='lat' dir='ltr'>D.</span> <span class='ocrx_word' id='word_1_95' title='bbox 2684 1091 2866 1156; x_wconf 80' lang='lat' dir='ltr'>Peltii</span> <span class='ocrx_word' id='word_1_96' title='bbox 2888 1089 3060 1154; x_wconf 91' lang='lat' dir='ltr'>hunc</span> 
     </span>
     <span class='ocr_line' id='line_1_10' title="bbox 132 1179 3060 1268; baseline -0.003 -19"><span class='ocrx_word' id='word_1_97' title='bbox 132 1187 191 1249; x_wconf 91' lang='lat' dir='ltr'>in</span> <span class='ocrx_word' id='word_1_98' title='bbox 218 1185 418 1249; x_wconf 87' lang='lat' dir='ltr'><strong>finem</strong></span> <span class='ocrx_word' id='word_1_99' title='bbox 446 1185 651 1249; x_wconf 88' lang='lat' dir='ltr'>editis.</span> <span class='ocrx_word' id='word_1_100' title='bbox 687 1185 854 1261; x_wconf 81' lang='lat' dir='ltr'>Quin</span> <span class='ocrx_word' id='word_1_101' title='bbox 889 1187 935 1252; x_wconf 72' lang='grc' dir='ltr'>δι</span> <span class='ocrx_word' id='word_1_102' title='bbox 961 1189 1108 1249; x_wconf 85' lang='lat' dir='ltr'>ante</span> <span class='ocrx_word' id='word_1_103' title='bbox 1140 1183 1465 1268; x_wconf 84' lang='lat' dir='ltr'>Synodum</span> <span class='ocrx_word' id='word_1_104' title='bbox 1488 1183 1983 1259; x_wconf 87' lang='lat' dir='ltr'>Dordracenam,</span> <span class='ocrx_word' id='word_1_105' title='bbox 2009 1204 2132 1246; x_wconf 88' lang='lat' dir='ltr'>non</span> <span class='ocrx_word' id='word_1_106' title='bbox 2159 1182 2345 1266; x_wconf 82' lang='lat' dir='ltr'>pauci</span> <span class='ocrx_word' id='word_1_107' title='bbox 2365 1205 2439 1246; x_wconf 85' lang='lat' dir='ltr'>ex</span> <span class='ocrx_word' id='word_1_108' title='bbox 2455 1181 2767 1246; x_wconf 73' lang='lat' dir='ltr'><strong>ministris</strong></span> <span class='ocrx_word' id='word_1_109' title='bbox 2783 1179 3060 1242; x_wconf 89' lang='lat' dir='ltr'>Remon-</span> 
     </span>
     <span class='ocr_line' id='line_1_11' title="bbox 130 1269 3062 1354; baseline -0.002 -16"><span class='ocrx_word' id='word_1_110' title='bbox 130 1275 489 1338; x_wconf 87' lang='lat' dir='ltr'>strantibus</span> <span class='ocrx_word' id='word_1_111' title='bbox 544 1272 880 1338; x_wconf 87' lang='lat' dir='ltr'>Socinismi</span> <span class='ocrx_word' id='word_1_112' title='bbox 934 1273 1463 1339; x_wconf 73' lang='lat' dir='ltr'>introductionem</span> <span class='ocrx_word' id='word_1_113' title='bbox 1520 1273 1762 1338; x_wconf 75' lang='lat' dir='ltr'>occulte</span> <span class='ocrx_word' id='word_1_114' title='bbox 1808 1271 2259 1349; x_wconf 75' lang='lat' dir='ltr'>moliebantur,</span> <span class='ocrx_word' id='word_1_115' title='bbox 2307 1271 2474 1354; x_wconf 88' lang='lat' dir='ltr'>quod</span> <span class='ocrx_word' id='word_1_116' title='bbox 2522 1269 2736 1334; x_wconf 89' lang='lat' dir='ltr'>docuit</span> <span class='ocrx_word' id='word_1_117' title='bbox 2767 1269 2822 1332; x_wconf 85' lang='lat'>1.</span> <span class='ocrx_word' id='word_1_118' title='bbox 2856 1269 3062 1333; x_wconf 81' lang='lat' dir='ltr'><strong><em>Causa</em></strong></span> 
     </span>
     <span class='ocr_line' id='line_1_12' title="bbox 131 1359 3060 1447; baseline -0.002 -21"><span class='ocrx_word' id='word_1_119' title='bbox 131 1363 314 1427; x_wconf 85' lang='lat' dir='ltr'>Conr.</span> <span class='ocrx_word' id='word_1_120' title='bbox 366 1361 619 1426; x_wconf 86' lang='lat' dir='ltr'>Vorstii</span> <span class='ocrx_word' id='word_1_121' title='bbox 671 1364 717 1429; x_wconf 71' lang='grc' dir='ltr'>δι</span> <span class='ocrx_word' id='word_1_122' title='bbox 763 1363 1076 1446; x_wconf 74' lang='lat' dir='ltr'>promotio</span> <span class='ocrx_word' id='word_1_123' title='bbox 1123 1363 1259 1447; x_wconf 87' lang='lat' dir='ltr'>ejus</span> <span class='ocrx_word' id='word_1_124' title='bbox 1306 1363 1385 1426; x_wconf 87' lang='lat' dir='ltr'>ad</span> <span class='ocrx_word' id='word_1_125' title='bbox 1439 1361 1807 1426; x_wconf 72' lang='lat' dir='ltr'>cathedram</span> <span class='ocrx_word' id='word_1_126' title='bbox 1849 1359 2220 1424; x_wconf 85' lang='lat' dir='ltr'>Leidensem</span> <span class='ocrx_word' id='word_1_127' title='bbox 2245 1360 2350 1443; x_wconf 91' lang='lat' dir='ltr'>(de</span> <span class='ocrx_word' id='word_1_128' title='bbox 2381 1359 2614 1442; x_wconf 90' lang='lat' dir='ltr'>quibus</span> <span class='ocrx_word' id='word_1_129' title='bbox 2638 1381 2752 1422; x_wconf 90' lang='lat' dir='ltr'>suo</span> <span class='ocrx_word' id='word_1_130' title='bbox 2775 1361 3060 1439; x_wconf 87' lang='lat' dir='ltr'>tempore</span> 
     </span>
     <span class='ocr_line' id='line_1_13' title="bbox 132 1445 3059 1536; baseline -0.002 -20"><span class='ocrx_word' id='word_1_131' title='bbox 132 1453 472 1516; x_wconf 71' lang='lat' dir='ltr'>consulant</span> <span class='ocrx_word' id='word_1_132' title='bbox 501 1450 543 1515; x_wconf 87' lang='lat' dir='ltr'><strong>J</strong></span> <span class='ocrx_word' id='word_1_133' title='bbox 548 1451 801 1516; x_wconf 87' lang='lat' dir='ltr'>uniores</span> <span class='ocrx_word' id='word_1_134' title='bbox 826 1451 1198 1536; x_wconf 71' lang='lat' dir='ltr'>Apoloyiam</span> <span class='ocrx_word' id='word_1_135' title='bbox 1221 1451 1429 1516; x_wconf 83' lang='lat' dir='ltr'>Jacobi</span> <span class='ocrx_word' id='word_1_136' title='bbox 1452 1452 1629 1533; x_wconf 63' lang='lat' dir='ltr'>quis</span> <span class='ocrx_word' id='word_1_137' title='bbox 1654 1470 1924 1536; x_wconf 71' lang='lat' dir='ltr'>maqnoe</span> <span class='ocrx_word' id='word_1_138' title='bbox 1952 1449 2343 1526; x_wconf 74' lang='lat' dir='ltr'>Britanniae,</span> <span class='ocrx_word' id='word_1_139' title='bbox 2370 1448 2744 1514; x_wconf 79' lang='lat' dir='ltr'>Lubbertum</span> <span class='ocrx_word' id='word_1_140' title='bbox 2765 1445 3059 1529; x_wconf 71' lang='lat' dir='ltr'>&amp;Sopia-</span> 
     </span>
     <span class='ocr_line' id='line_1_14' title="bbox 130 1537 3058 1624; baseline -0.002 -21"><span class='ocrx_word' id='word_1_141' title='bbox 130 1541 305 1624; x_wconf 82' lang='lat' dir='ltr'>9ium</span> <span class='ocrx_word' id='word_1_142' title='bbox 353 1553 576 1605; x_wconf 76' lang='lat' dir='ltr'>contra</span> <span class='ocrx_word' id='word_1_143' title='bbox 622 1541 931 1624; x_wconf 76' lang='lat' dir='ltr'>Grotium,</span> <span class='ocrx_word' id='word_1_144' title='bbox 966 1541 1261 1606; x_wconf 76' lang='lat' dir='ltr'>Matthaei</span> <span class='ocrx_word' id='word_1_145' title='bbox 1286 1541 1465 1606; x_wconf 82' lang='lat' dir='ltr'>Sladi</span> <span class='ocrx_word' id='word_1_146' title='bbox 1490 1541 1737 1624; x_wconf 65' lang='lat' dir='ltr'>disctsst.</span> <span class='ocrx_word' id='word_1_147' title='bbox 1764 1541 2026 1604; x_wconf 78' lang='lat' dir='ltr'>alteram</span> <span class='ocrx_word' id='word_1_148' title='bbox 2057 1559 2107 1602; x_wconf 87' lang='lat' dir='ltr'>c.</span> <span class='ocrx_word' id='word_1_149' title='bbox 2158 1538 2464 1603; x_wconf 84' lang='lat' dir='ltr'>Vorstiam</span> <span class='ocrx_word' id='word_1_150' title='bbox 2488 1537 2558 1601; x_wconf 79' lang='lat' dir='ltr'>in</span> <span class='ocrx_word' id='word_1_151' title='bbox 2584 1537 2877 1621; x_wconf 65' lang='lat' dir='ltr'>praelat„</span> <span class='ocrx_word' id='word_1_152' title='bbox 2902 1555 3058 1599; x_wconf 77' lang='lat' dir='ltr'>aar·</span> 
     </span>
     <span class='ocr_line' id='line_1_15' title="bbox 133 1624 3063 1715; baseline -0.002 -22"><span class='ocrx_word' id='word_1_153' title='bbox 133 1631 445 1694; x_wconf 80' lang='lat' dir='ltr'>rationem</span> <span class='ocrx_word' id='word_1_154' title='bbox 492 1629 819 1695; x_wconf 81' lang='lat' dir='ltr'>historia-m</span> <span class='ocrx_word' id='word_1_155' title='bbox 870 1631 1021 1694; x_wconf 82' lang='lat' dir='ltr'>aclis</span> <span class='ocrx_word' id='word_1_156' title='bbox 1071 1630 1314 1715; x_wconf 76' lang='lat' dir='ltr'>Synodi</span> <span class='ocrx_word' id='word_1_157' title='bbox 1359 1629 1803 1695; x_wconf 76' lang='lat' dir='ltr'>Dordracen-ac</span> <span class='ocrx_word' id='word_1_158' title='bbox 1849 1626 2287 1711; x_wconf 80' lang='lat' dir='ltr'>praemissam,</span> <span class='ocrx_word' id='word_1_159' title='bbox 2336 1629 2382 1692; x_wconf 64' lang='grc' dir='ltr'>ἃ</span> <span class='ocrx_word' id='word_1_160' title='bbox 2425 1625 2795 1690; x_wconf 79' lang='lat' dir='ltr'>sententiam</span> <span class='ocrx_word' id='word_1_161' title='bbox 2835 1624 3063 1710; x_wconf 78' lang='lat' dir='ltr'>synodi</span> 
     </span>
     <span class='ocr_line' id='line_1_16' title="bbox 140 1712 3061 1800; baseline -0.003 -17"><span class='ocrx_word' id='word_1_162' title='bbox 140 1719 331 1783; x_wconf 82' lang='lat' dir='ltr'>Dord.</span> <span class='ocrx_word' id='word_1_163' title='bbox 379 1739 532 1782; x_wconf 83' lang='lat' dir='ltr'>sess.</span> <span class='ocrx_word' id='word_1_164' title='bbox 586 1717 762 1800; x_wconf 82' lang='lat'>151.)</span> <span class='ocrx_word' id='word_1_165' title='bbox 808 1721 867 1781; x_wconf 79' lang='lat'>2.</span> <span class='ocrx_word' id='word_1_166' title='bbox 898 1718 1179 1783; x_wconf 83' lang='lat' dir='ltr'>Ministri</span> <span class='ocrx_word' id='word_1_167' title='bbox 1204 1717 1731 1782; x_wconf 82' lang='lat' dir='ltr'>Remonstrantes</span> <span class='ocrx_word' id='word_1_168' title='bbox 1764 1738 1888 1780; x_wconf 87' lang='lat' dir='ltr'>non</span> <span class='ocrx_word' id='word_1_169' title='bbox 1915 1715 2101 1799; x_wconf 86' lang='lat' dir='ltr'>pauci</span> <span class='ocrx_word' id='word_1_170' title='bbox 2126 1715 2190 1779; x_wconf 90' lang='lat' dir='ltr'>in</span> <span class='ocrx_word' id='word_1_171' title='bbox 2226 1713 2582 1780; x_wconf 87' lang='lat' dir='ltr'>Socinianis</span> <span class='ocrx_word' id='word_1_172' title='bbox 2607 1713 2928 1778; x_wconf 86' lang='lat' dir='ltr'>erroribus</span> <span class='ocrx_word' id='word_1_173' title='bbox 2953 1712 3061 1775; x_wconf 88' lang='lat' dir='ltr'>de-</span> 
     </span>
     <span class='ocr_line' id='line_1_17' title="bbox 136 1799 3060 1890; baseline -0.002 -20"><span class='ocrx_word' id='word_1_174' title='bbox 136 1805 458 1888; x_wconf 86' lang='lat' dir='ltr'>prehensi,</span> <span class='ocrx_word' id='word_1_175' title='bbox 516 1807 683 1871; x_wconf 88' lang='lat' dir='ltr'>inter</span> <span class='ocrx_word' id='word_1_176' title='bbox 706 1829 885 1890; x_wconf 80' lang='lat' dir='ltr'>quOS,</span> <span class='ocrx_word' id='word_1_177' title='bbox 913 1807 1190 1871; x_wconf 84' lang='lat' dir='ltr'>celebres</span> <span class='ocrx_word' id='word_1_178' title='bbox 1222 1807 1423 1870; x_wconf 89' lang='lat' dir='ltr'>Henr.</span> <span class='ocrx_word' id='word_1_179' title='bbox 1458 1804 1790 1881; x_wconf 79' lang='lat' dir='ltr'>SlaetsiuS,</span> <span class='ocrx_word' id='word_1_180' title='bbox 1816 1809 2039 1888; x_wconf 88' lang='lat' dir='ltr'>postea</span> <span class='ocrx_word' id='word_1_181' title='bbox 2065 1803 2365 1886; x_wconf 87' lang='lat' dir='ltr'>paricida‚</span> <span class='ocrx_word' id='word_1_182' title='bbox 2393 1802 2728 1886; x_wconf 89' lang='lat' dir='ltr'>Adolphus</span> <span class='ocrx_word' id='word_1_183' title='bbox 2753 1799 3060 1878; x_wconf 84' lang='lat' dir='ltr'>Venator,</span> 
     </span>
     <span class='ocr_line' id='line_1_18' title="bbox 140 1891 3060 1978; baseline -0.002 -18"><span class='ocrx_word' id='word_1_184' title='bbox 140 1894 497 1960; x_wconf 86' lang='lat' dir='ltr'>Geisterani</span> <span class='ocrx_word' id='word_1_185' title='bbox 548 1918 673 1978; x_wconf 91' lang='lat' dir='ltr'>quo</span> <span class='ocrx_word' id='word_1_186' title='bbox 730 1899 1027 1978; x_wconf 85' lang='lat' dir='ltr'>(quorum</span> <span class='ocrx_word' id='word_1_187' title='bbox 1066 1894 1377 1961; x_wconf 87' lang='lat' dir='ltr'>confessio</span> <span class='ocrx_word' id='word_1_188' title='bbox 1402 1895 1559 1959; x_wconf 85' lang='lat' dir='ltr'>actis</span> <span class='ocrx_word' id='word_1_189' title='bbox 1584 1895 1826 1977; x_wconf 67' lang='lat' dir='ltr'>Symodi</span> <span class='ocrx_word' id='word_1_190' title='bbox 1849 1893 2292 1960; x_wconf 77' lang='lat' dir='ltr'>Dordracenae</span> <span class='ocrx_word' id='word_1_191' title='bbox 2315 1913 2460 1957; x_wconf 86' lang='lat' dir='ltr'>sess.</span> <span class='ocrx_word' id='word_1_192' title='bbox 2487 1891 2726 1955; x_wconf 90' lang='lat' dir='ltr'>inserta</span> <span class='ocrx_word' id='word_1_193' title='bbox 2744 1891 2788 1972; x_wconf 74' lang='grc' dir='ltr'>τ)</span> <span class='ocrx_word' id='word_1_194' title='bbox 2813 1892 2860 1956; x_wconf 71' lang='lat' dir='ltr'>s</span> <span class='ocrx_word' id='word_1_195' title='bbox 2890 1911 3060 1954; x_wconf 89' lang='lat' dir='ltr'>non-</span> 
     </span>
     <span class='ocr_line' id='line_1_19' title="bbox 144 1977 3062 2068; baseline -0.001 -22"><span class='ocrx_word' id='word_1_196' title='bbox 144 1983 299 2048; x_wconf 89' lang='lat' dir='ltr'>nulli</span> <span class='ocrx_word' id='word_1_197' title='bbox 324 1983 609 2048; x_wconf 84' lang='lat' dir='ltr'>ministri</span> <span class='ocrx_word' id='word_1_198' title='bbox 634 1985 700 2047; x_wconf 92' lang='lat' dir='ltr'>in</span> <span class='ocrx_word' id='word_1_199' title='bbox 733 1983 1241 2068; x_wconf 72' lang='lat' dir='ltr'>Zuydhollandia</span> <span class='ocrx_word' id='word_1_200' title='bbox 1264 2006 1429 2047; x_wconf 85' lang='lat' dir='ltr'>anno</span> <span class='ocrx_word' id='word_1_201' title='bbox 1464 1983 1649 2046; x_wconf 82' lang='lat'>1618.</span> <span class='ocrx_word' id='word_1_202' title='bbox 1668 1985 1712 2048; x_wconf 64' lang='lat' dir='ltr'>s</span> <span class='ocrx_word' id='word_1_203' title='bbox 1734 1982 1927 2050; x_wconf 82' lang='lat'>1619.</span> <span class='ocrx_word' id='word_1_204' title='bbox 1948 2004 2064 2066; x_wconf 90' lang='lat' dir='ltr'>per</span> <span class='ocrx_word' id='word_1_205' title='bbox 2080 1982 2417 2064; x_wconf 86' lang='lat' dir='ltr'>deputatos</span> <span class='ocrx_word' id='word_1_206' title='bbox 2435 1978 2674 2064; x_wconf 85' lang='lat' dir='ltr'>Synodi</span> <span class='ocrx_word' id='word_1_207' title='bbox 2691 1981 2737 2046; x_wconf 69' lang='grc' dir='ltr'>δι</span> <span class='ocrx_word' id='word_1_208' title='bbox 2755 1977 3062 2061; x_wconf 73' lang='lat' dir='ltr'>Ampliss-</span> 
     </span>
     <span class='ocr_line' id='line_1_20' title="bbox 144 2067 3062 2156; baseline -0.002 -21"><span class='ocrx_word' id='word_1_209' title='bbox 144 2070 492 2156; x_wconf 79' lang='lat' dir='ltr'>Delegatos</span> <span class='ocrx_word' id='word_1_210' title='bbox 540 2071 780 2137; x_wconf 89' lang='lat' dir='ltr'>Illustr.</span> <span class='ocrx_word' id='word_1_211' title='bbox 829 2071 973 2136; x_wconf 90' lang='lat' dir='ltr'>DD.</span> <span class='ocrx_word' id='word_1_212' title='bbox 1024 2071 1332 2136; x_wconf 88' lang='lat' dir='ltr'>Ordinum</span> <span class='ocrx_word' id='word_1_213' title='bbox 1382 2073 1448 2135; x_wconf 91' lang='lat' dir='ltr'>in</span> <span class='ocrx_word' id='word_1_214' title='bbox 1488 2073 1700 2135; x_wconf 88' lang='lat' dir='ltr'>lucem</span> <span class='ocrx_word' id='word_1_215' title='bbox 1725 2071 2050 2154; x_wconf 86' lang='lat' dir='ltr'>protracti.</span> <span class='ocrx_word' id='word_1_216' title='bbox 2087 2069 2241 2134; x_wconf 87' lang='lat' dir='ltr'>Cum</span> <span class='ocrx_word' id='word_1_217' title='bbox 2278 2090 2544 2154; x_wconf 89' lang='lat' dir='ltr'>quorum</span> <span class='ocrx_word' id='word_1_218' title='bbox 2572 2067 2776 2144; x_wconf 90' lang='lat' dir='ltr'>dictis,</span> <span class='ocrx_word' id='word_1_219' title='bbox 2809 2067 3062 2149; x_wconf 86' lang='lat' dir='ltr'>scriptis</span> 
     </span>
     <span class='ocr_line' id='line_1_21' title="bbox 144 2157 3058 2245; baseline -0.002 -21"><span class='ocrx_word' id='word_1_220' title='bbox 144 2160 522 2226; x_wconf 83' lang='lat' dir='ltr'>conferenda</span> <span class='ocrx_word' id='word_1_221' title='bbox 563 2165 861 2245; x_wconf 85' lang='lat' dir='ltr'>excerpta</span> <span class='ocrx_word' id='word_1_222' title='bbox 886 2162 1193 2225; x_wconf 90' lang='lat' dir='ltr'>nonnulla</span> <span class='ocrx_word' id='word_1_223' title='bbox 1224 2161 1505 2242; x_wconf 84' lang='lat' dir='ltr'>ejusdem</span> <span class='ocrx_word' id='word_1_224' title='bbox 1531 2159 1860 2225; x_wconf 87' lang='lat' dir='ltr'>commetis</span> <span class='ocrx_word' id='word_1_225' title='bbox 1886 2159 1952 2222; x_wconf 89' lang='lat' dir='ltr'>in</span> <span class='ocrx_word' id='word_1_226' title='bbox 1977 2159 2323 2242; x_wconf 78' lang='lat' dir='ltr'>Specimine</span> <span class='ocrx_word' id='word_1_227' title='bbox 2351 2167 2719 2222; x_wconf 76' lang='lat' dir='ltr'>controvers,</span> <span class='ocrx_word' id='word_1_228' title='bbox 2756 2157 3058 2236; x_wconf 74' lang='lat' dir='ltr'>Belqicar.</span> 
     </span>
     <span class='ocr_line' id='line_1_22' title="bbox 142 2242 3062 2334; baseline -0.003 -20"><span class='ocrx_word' id='word_1_229' title='bbox 142 2250 217 2314; x_wconf 90' lang='lat' dir='ltr'>D.</span> <span class='ocrx_word' id='word_1_230' title='bbox 244 2251 411 2314; x_wconf 83' lang='lat' dir='ltr'>Festi</span> <span class='ocrx_word' id='word_1_231' title='bbox 441 2251 738 2315; x_wconf 84' lang='lat' dir='ltr'>Hommii.</span> <span class='ocrx_word' id='word_1_232' title='bbox 775 2253 835 2313; x_wconf 84' lang='lat'>3.</span> <span class='ocrx_word' id='word_1_233' title='bbox 870 2252 1185 2315; x_wconf 79' lang='lat' dir='ltr'>Promotio</span> <span class='ocrx_word' id='word_1_234' title='bbox 1210 2249 1297 2312; x_wconf 91' lang='lat' dir='ltr'>M.</span> <span class='ocrx_word' id='word_1_235' title='bbox 1328 2247 1643 2334; x_wconf 81' lang='lat' dir='ltr'>Episcopii</span> <span class='ocrx_word' id='word_1_236' title='bbox 1668 2249 1747 2312; x_wconf 83' lang='lat' dir='ltr'>ad</span> <span class='ocrx_word' id='word_1_237' title='bbox 1774 2248 2142 2312; x_wconf 87' lang='lat' dir='ltr'>cathedram</span> <span class='ocrx_word' id='word_1_238' title='bbox 2167 2245 2558 2321; x_wconf 87' lang='lat' dir='ltr'>Leidensem,</span> <span class='ocrx_word' id='word_1_239' title='bbox 2579 2245 2840 2329; x_wconf 85' lang='lat' dir='ltr'>ejusque</span> <span class='ocrx_word' id='word_1_240' title='bbox 2858 2242 3062 2307; x_wconf 87' lang='lat' dir='ltr'>Theo·</span> 
     </span>
     <span class='ocr_line' id='line_1_23' title="bbox 140 2333 3064 2423; baseline -0.001 -24"><span class='ocrx_word' id='word_1_241' title='bbox 140 2337 307 2422; x_wconf 80' lang='lat' dir='ltr'>logia</span> <span class='ocrx_word' id='word_1_242' title='bbox 352 2337 453 2401; x_wconf 90' lang='lat' dir='ltr'>ibi</span> <span class='ocrx_word' id='word_1_243' title='bbox 498 2339 563 2402; x_wconf 89' lang='lat' dir='ltr'>in</span> <span class='ocrx_word' id='word_1_244' title='bbox 583 2339 988 2422; x_wconf 83' lang='lat' dir='ltr'>juventutem</span> <span class='ocrx_word' id='word_1_245' title='bbox 1021 2361 1272 2422; x_wconf 84' lang='lat' dir='ltr'>sparsa;</span> <span class='ocrx_word' id='word_1_246' title='bbox 1308 2361 1469 2423; x_wconf 87' lang='lat' dir='ltr'>quae</span> <span class='ocrx_word' id='word_1_247' title='bbox 1496 2360 1689 2421; x_wconf 86' lang='lat' dir='ltr'>quam</span> <span class='ocrx_word' id='word_1_248' title='bbox 1713 2336 2073 2416; x_wconf 75' lang='lat' dir='ltr'>formaliter</span> <span class='ocrx_word' id='word_1_249' title='bbox 2105 2339 2218 2400; x_wconf 86' lang='lat' dir='ltr'>aut</span> <span class='ocrx_word' id='word_1_250' title='bbox 2241 2358 2434 2420; x_wconf 86' lang='lat' dir='ltr'>quam</span> <span class='ocrx_word' id='word_1_251' title='bbox 2457 2333 2720 2398; x_wconf 83' lang='lat' dir='ltr'>realiter</span> <span class='ocrx_word' id='word_1_252' title='bbox 2745 2333 3000 2397; x_wconf 86' lang='lat' dir='ltr'>differat</span> <span class='ocrx_word' id='word_1_253' title='bbox 3025 2335 3064 2395; x_wconf 70' lang='lat' dir='ltr'>a</span> 
     </span>
     <span class='ocr_line' id='line_1_24' title="bbox 144 2421 3061 2512; baseline -0.001 -23"><span class='ocrx_word' id='word_1_254' title='bbox 144 2424 498 2512; x_wconf 85' lang='lat' dir='ltr'>Theologia</span> <span class='ocrx_word' id='word_1_255' title='bbox 546 2425 904 2507; x_wconf 87' lang='lat' dir='ltr'>Sociniana,</span> <span class='ocrx_word' id='word_1_256' title='bbox 946 2428 1233 2510; x_wconf 82' lang='lat' dir='ltr'>judicent</span> <span class='ocrx_word' id='word_1_257' title='bbox 1258 2427 1354 2491; x_wconf 91' lang='lat' dir='ltr'>illi</span> <span class='ocrx_word' id='word_1_258' title='bbox 1380 2427 1490 2511; x_wconf 90' lang='lat' dir='ltr'>qui</span> <span class='ocrx_word' id='word_1_259' title='bbox 1516 2425 1814 2491; x_wconf 87' lang='lat' dir='ltr'>lectiones</span> <span class='ocrx_word' id='word_1_260' title='bbox 1841 2426 1977 2509; x_wconf 78' lang='lat' dir='ltr'>eius</span> <span class='ocrx_word' id='word_1_261' title='bbox 2001 2425 2400 2501; x_wconf 85' lang='lat' dir='ltr'>audiverunt,</span> <span class='ocrx_word' id='word_1_262' title='bbox 2429 2427 2540 2489; x_wconf 86' lang='lat' dir='ltr'>aut</span> <span class='ocrx_word' id='word_1_263' title='bbox 2563 2425 2861 2507; x_wconf 84' lang='lat' dir='ltr'>excerpta</span> <span class='ocrx_word' id='word_1_264' title='bbox 2885 2421 3061 2507; x_wconf 86' lang='lat' dir='ltr'>lege-</span> 
     </span>
     <span class='ocr_line' id='line_1_25' title="bbox 142 2512 3059 2601; baseline -0.001 -22"><span class='ocrx_word' id='word_1_265' title='bbox 142 2520 303 2589; x_wconf 85' lang='lat' dir='ltr'>runt,</span> <span class='ocrx_word' id='word_1_266' title='bbox 329 2520 447 2580; x_wconf 85' lang='lat' dir='ltr'>aut</span> <span class='ocrx_word' id='word_1_267' title='bbox 478 2517 588 2599; x_wconf 89' lang='lat' dir='ltr'>qui</span> <span class='ocrx_word' id='word_1_268' title='bbox 617 2520 717 2601; x_wconf 89' lang='lat' dir='ltr'>(ut</span> <span class='ocrx_word' id='word_1_269' title='bbox 741 2517 1113 2599; x_wconf 85' lang='lat' dir='ltr'>compendio</span> <span class='ocrx_word' id='word_1_270' title='bbox 1138 2518 1427 2599; x_wconf 85' lang='lat' dir='ltr'>utantur)</span> <span class='ocrx_word' id='word_1_271' title='bbox 1456 2518 1741 2600; x_wconf 83' lang='lat' dir='ltr'>privatas</span> <span class='ocrx_word' id='word_1_272' title='bbox 1768 2516 1902 2600; x_wconf 87' lang='lat' dir='ltr'>ejus</span> <span class='ocrx_word' id='word_1_273' title='bbox 1919 2515 2412 2598; x_wconf 69' lang='lat' dir='ltr'>Disputationes,</span> <span class='ocrx_word' id='word_1_274' title='bbox 2434 2518 2622 2600; x_wconf 87' lang='lat' dir='ltr'>(quae</span> <span class='ocrx_word' id='word_1_275' title='bbox 2642 2512 2894 2591; x_wconf 88' lang='lat' dir='ltr'>publice</span> <span class='ocrx_word' id='word_1_276' title='bbox 2912 2532 3059 2595; x_wconf 88' lang='lat' dir='ltr'>pro-</span> 
     </span>
     <span class='ocr_line' id='line_1_26' title="bbox 142 2602 2661 2701; baseline -0.001 -34"><span class='ocrx_word' id='word_1_277' title='bbox 142 2604 331 2686; x_wconf 83' lang='lat' dir='ltr'>stant)</span> <span class='ocrx_word' id='word_1_278' title='bbox 357 2628 507 2701; x_wconf 77' lang='lat' dir='ltr'>cum</span> <span class='ocrx_word' id='word_1_279' title='bbox 532 2605 848 2670; x_wconf 86' lang='lat' dir='ltr'>catechesi</span> <span class='ocrx_word' id='word_1_280' title='bbox 872 2604 1251 2671; x_wconf 83' lang='lat' dir='ltr'>Racoviensi</span> <span class='ocrx_word' id='word_1_281' title='bbox 1280 2606 1466 2670; x_wconf 88' lang='lat' dir='ltr'>modo</span> <span class='ocrx_word' id='word_1_282' title='bbox 1492 2605 1775 2669; x_wconf 88' lang='lat' dir='ltr'>conferre</span> <span class='ocrx_word' id='word_1_283' title='bbox 1800 2604 2260 2689; x_wconf 86' lang='lat' dir='ltr'>dignabuntur.</span> <span class='ocrx_word' id='word_1_284' title='bbox 2294 2603 2473 2689; x_wconf 69' lang='lat' dir='ltr'>[pag.</span> <span class='ocrx_word' id='word_1_285' title='bbox 2501 2602 2661 2685; x_wconf 85' lang='lat'>489]</span> 
     </span>
    </p>
   </div>
   <div class='ocr_carea' id='block_1_3' title="bbox 203 2790 3010 2893">
    <p class='ocr_par' dir='ltr' id='par_1_3' title="bbox 203 2790 3010 2893">
     <span class='ocr_line' id='line_1_27' title="bbox 203 2790 3010 2893; baseline 0 -4"><span class='ocrx_word' id='word_1_286' title='bbox 203 2792 381 2891; x_wconf 90' lang='lat' dir='ltr'>DE</span> <span class='ocrx_word' id='word_1_287' title='bbox 445 2792 1327 2893; x_wconf 82' lang='lat' dir='ltr'>NECESSITATE</span> <span class='ocrx_word' id='word_1_288' title='bbox 1384 2793 1479 2891; x_wconf 72' lang='grc' dir='ltr'>ἅτ</span> <span class='ocrx_word' id='word_1_289' title='bbox 1533 2793 2248 2891; x_wconf 86' lang='lat' dir='ltr'>UTILITATE</span> <span class='ocrx_word' id='word_1_290' title='bbox 2305 2790 3010 2891; x_wconf 76' lang='lat' dir='ltr'><strong>DOGMATIS</strong></span> 
     </span>
    </p>
   </div>
   <div class='ocr_carea' id='block_1_4' title="bbox 1004 2948 2210 3209">
    <p class='ocr_par' dir='ltr' id='par_1_4' title="bbox 1004 2948 2210 3209">
     <span class='ocr_line' id='line_1_28' title="bbox 1004 2948 2210 3048; baseline 0 -1"><span class='ocrx_word' id='word_1_291' title='bbox 1004 2950 1179 3047; x_wconf 90' lang='lat' dir='ltr'>DE</span> <span class='ocrx_word' id='word_1_292' title='bbox 1239 2949 1403 3048; x_wconf 79' lang='lat' dir='ltr'>SS.</span> <span class='ocrx_word' id='word_1_293' title='bbox 1460 2948 2210 3047; x_wconf 83' lang='lat' dir='ltr'>TRINITATE.</span> 
     </span>
     <span class='ocr_line' id='line_1_29' title="bbox 1235 3123 1965 3209; baseline 0 -20"><span class='ocrx_word' id='word_1_294' title='bbox 1235 3124 1459 3191; x_wconf 79' lang='lat' dir='ltr'><strong>PARS</strong></span> <span class='ocrx_word' id='word_1_295' title='bbox 1509 3123 1865 3191; x_wconf 79' lang='lat' dir='ltr'><strong>ALTERA</strong></span> <span class='ocrx_word' id='word_1_296' title='bbox 1913 3126 1965 3209; x_wconf 86' lang='grc'>1)</span> 
     </span>
    </p>
   </div>
   <div class='ocr_carea' id='block_1_5' title="bbox 148 3283 3066 3815">
    <p class='ocr_par' dir='ltr' id='par_1_5' title="bbox 148 3283 3066 3815">
     <span class='ocr_line' id='line_1_30' title="bbox 230 3283 3063 3375; baseline -0.002 -21"><span class='ocrx_word' id='word_1_297' title='bbox 230 3284 293 3354; x_wconf 90' lang='lat' dir='ltr'>l.</span> <span class='ocrx_word' id='word_1_298' title='bbox 345 3289 411 3352; x_wconf 88' lang='lat'>4.</span> <span class='ocrx_word' id='word_1_299' title='bbox 462 3288 701 3369; x_wconf 86' lang='lat' dir='ltr'><em>QUOD</em></span> <span class='ocrx_word' id='word_1_300' title='bbox 737 3289 1022 3373; x_wconf 72' lang='lat' dir='ltr'>plerique</span> <span class='ocrx_word' id='word_1_301' title='bbox 1069 3310 1287 3352; x_wconf 90' lang='lat' dir='ltr'>eorum</span> <span class='ocrx_word' id='word_1_302' title='bbox 1336 3288 1739 3375; x_wconf 85' lang='lat' dir='ltr'>(praesertim</span> <span class='ocrx_word' id='word_1_303' title='bbox 1778 3288 1845 3351; x_wconf 91' lang='lat' dir='ltr'>in</span> <span class='ocrx_word' id='word_1_304' title='bbox 1873 3286 2247 3370; x_wconf 86' lang='lat' dir='ltr'>Hollandia)</span> <span class='ocrx_word' id='word_1_305' title='bbox 2272 3286 2695 3370; x_wconf 88' lang='lat' dir='ltr'>suspicionem</span> <span class='ocrx_word' id='word_1_306' title='bbox 2727 3283 3063 3349; x_wconf 87' lang='lat' dir='ltr'>Socinismi</span> 
     </span>
     <span class='ocr_line' id='line_1_31' title="bbox 148 3372 3066 3460; baseline -0.001 -23"><span class='ocrx_word' id='word_1_307' title='bbox 148 3374 419 3459; x_wconf 86' lang='lat' dir='ltr'>ingenua</span> <span class='ocrx_word' id='word_1_308' title='bbox 445 3375 838 3439; x_wconf 86' lang='lat' dir='ltr'>confessione</span> <span class='ocrx_word' id='word_1_309' title='bbox 864 3380 902 3440; x_wconf 74' lang='lat' dir='ltr'>a</span> <span class='ocrx_word' id='word_1_310' title='bbox 926 3398 992 3439; x_wconf 87' lang='lat' dir='ltr'>se</span> <span class='ocrx_word' id='word_1_311' title='bbox 1026 3376 1280 3440; x_wconf 87' lang='lat' dir='ltr'>amoliri</span> <span class='ocrx_word' id='word_1_312' title='bbox 1306 3376 1754 3443; x_wconf 87' lang='lat' dir='ltr'>detrectarint:</span> <span class='ocrx_word' id='word_1_313' title='bbox 1791 3398 1954 3460; x_wconf 89' lang='lat' dir='ltr'>quae</span> <span class='ocrx_word' id='word_1_314' title='bbox 1979 3375 2426 3460; x_wconf 83' lang='lat' dir='ltr'>tergiversatio</span> <span class='ocrx_word' id='word_1_315' title='bbox 2450 3372 2764 3459; x_wconf 88' lang='lat' dir='ltr'>imprimis</span> <span class='ocrx_word' id='word_1_316' title='bbox 2789 3373 3066 3437; x_wconf 83' lang='lat' dir='ltr'>notanda</span> 
     </span>
     <span class='ocr_line' id='line_1_32' title="bbox 152 3462 3066 3549; baseline 0 -24"><span class='ocrx_word' id='word_1_317' title='bbox 152 3468 241 3525; x_wconf 86' lang='lat' dir='ltr'>est</span> <span class='ocrx_word' id='word_1_318' title='bbox 280 3464 347 3527; x_wconf 90' lang='lat' dir='ltr'>in</span> <span class='ocrx_word' id='word_1_319' title='bbox 398 3463 605 3527; x_wconf 87' lang='lat' dir='ltr'>tribus</span> <span class='ocrx_word' id='word_1_320' title='bbox 659 3464 790 3529; x_wconf 90' lang='lat' dir='ltr'>illis</span> <span class='ocrx_word' id='word_1_321' title='bbox 839 3462 1435 3531; x_wconf 82' lang='lat' dir='ltr'>Remonstranticae</span> <span class='ocrx_word' id='word_1_322' title='bbox 1484 3488 1709 3531; x_wconf 84' lang='lat' dir='ltr'>causae</span> <span class='ocrx_word' id='word_1_323' title='bbox 1746 3466 2066 3549; x_wconf 85' lang='lat' dir='ltr'>deputatis</span> <span class='ocrx_word' id='word_1_324' title='bbox 2093 3464 2198 3527; x_wconf 79' lang='lat'>27.</span> <span class='ocrx_word' id='word_1_325' title='bbox 2223 3463 2556 3529; x_wconf 81' lang='lat' dir='ltr'>Februarii</span> <span class='ocrx_word' id='word_1_326' title='bbox 2584 3483 2749 3526; x_wconf 86' lang='lat' dir='ltr'>anno</span> <span class='ocrx_word' id='word_1_327' title='bbox 2780 3462 2971 3525; x_wconf 84' lang='lat'>1613.</span> <span class='ocrx_word' id='word_1_328' title='bbox 2997 3462 3066 3526; x_wconf 85' lang='lat' dir='ltr'>in</span> 
     </span>
     <span class='ocr_line' id='line_1_33' title="bbox 152 3548 3063 3638; baseline 0.001 -25"><span class='ocrx_word' id='word_1_329' title='bbox 152 3551 481 3615; x_wconf 81' lang='lat' dir='ltr'>collatione</span> <span class='ocrx_word' id='word_1_330' title='bbox 505 3550 829 3617; x_wconf 87' lang='lat' dir='ltr'>Delfensi:</span> <span class='ocrx_word' id='word_1_331' title='bbox 857 3553 932 3616; x_wconf 90' lang='lat' dir='ltr'>de</span> <span class='ocrx_word' id='word_1_332' title='bbox 958 3576 1086 3637; x_wconf 89' lang='lat' dir='ltr'>qua</span> <span class='ocrx_word' id='word_1_333' title='bbox 1111 3554 1252 3617; x_wconf 88' lang='lat' dir='ltr'>vide</span> <span class='ocrx_word' id='word_1_334' title='bbox 1277 3556 1711 3619; x_wconf 78' lang='lat' dir='ltr'>narrationem</span> <span class='ocrx_word' id='word_1_335' title='bbox 1736 3554 2096 3619; x_wconf 78' lang='lat' dir='ltr'>historicam</span> <span class='ocrx_word' id='word_1_336' title='bbox 2118 3554 2272 3617; x_wconf 86' lang='lat' dir='ltr'>actis</span> <span class='ocrx_word' id='word_1_337' title='bbox 2297 3553 2540 3638; x_wconf 76' lang='lat' dir='ltr'>Synodi</span> <span class='ocrx_word' id='word_1_338' title='bbox 2554 3548 2864 3618; x_wconf 80' lang='lat' dir='ltr'>Dordrac.</span> <span class='ocrx_word' id='word_1_339' title='bbox 2884 3572 3063 3633; x_wconf 86' lang='lat' dir='ltr'>prae·</span> 
     </span>
     <span class='ocr_line' id='line_1_34' title="bbox 154 3638 3066 3725; baseline 0 -23"><span class='ocrx_word' id='word_1_340' title='bbox 154 3639 422 3704; x_wconf 88' lang='lat' dir='ltr'>missam.</span> <span class='ocrx_word' id='word_1_341' title='bbox 459 3640 521 3704; x_wconf 88' lang='lat'>5.</span> <span class='ocrx_word' id='word_1_342' title='bbox 568 3642 752 3723; x_wconf 73' lang='lat' dir='ltr'>Quod</span> <span class='ocrx_word' id='word_1_343' title='bbox 790 3641 959 3705; x_wconf 87' lang='lat' dir='ltr'>inter</span> <span class='ocrx_word' id='word_1_344' title='bbox 990 3664 1136 3705; x_wconf 87' lang='lat' dir='ltr'>suos</span> <span class='ocrx_word' id='word_1_345' title='bbox 1161 3643 1543 3718; x_wconf 81' lang='lat' dir='ltr'>tolerarent3</span> <span class='ocrx_word' id='word_1_346' title='bbox 1577 3644 1886 3719; x_wconf 87' lang='lat' dir='ltr'>foverent,</span> <span class='ocrx_word' id='word_1_347' title='bbox 1920 3646 2379 3725; x_wconf 82' lang='lat' dir='ltr'>promoverent,</span> <span class='ocrx_word' id='word_1_348' title='bbox 2409 3663 2514 3705; x_wconf 90' lang='lat' dir='ltr'>eos</span> <span class='ocrx_word' id='word_1_349' title='bbox 2533 3663 2694 3724; x_wconf 89' lang='lat' dir='ltr'>quos</span> <span class='ocrx_word' id='word_1_350' title='bbox 2712 3638 3066 3704; x_wconf 86' lang='lat' dir='ltr'>Socinianis</span> 
     </span>
     <span class='ocr_line' id='line_1_35' title="bbox 154 3726 3064 3815; baseline 0.001 -26"><span class='ocrx_word' id='word_1_351' title='bbox 154 3730 256 3791; x_wconf 85' lang='lat' dir='ltr'>aut</span> <span class='ocrx_word' id='word_1_352' title='bbox 286 3729 814 3813; x_wconf 83' lang='lat' dir='ltr'>Anabaptisticis,</span> <span class='ocrx_word' id='word_1_353' title='bbox 848 3734 961 3793; x_wconf 84' lang='lat' dir='ltr'>aut</span> <span class='ocrx_word' id='word_1_354' title='bbox 985 3730 1309 3813; x_wconf 86' lang='lat' dir='ltr'>pejoribus</span> <span class='ocrx_word' id='word_1_355' title='bbox 1341 3731 1746 3815; x_wconf 90' lang='lat' dir='ltr'>opinionibus</span> <span class='ocrx_word' id='word_1_356' title='bbox 1770 3731 2088 3795; x_wconf 89' lang='lat' dir='ltr'>delibutos</span> <span class='ocrx_word' id='word_1_357' title='bbox 2120 3733 2429 3794; x_wconf 83' lang='lat' dir='ltr'>noverant</span> <span class='ocrx_word' id='word_1_358' title='bbox 2451 3752 2545 3795; x_wconf 84' lang='lat' dir='ltr'>ex.</span> <span class='ocrx_word' id='word_1_359' title='bbox 2572 3750 2669 3814; x_wconf 85' lang='lat' dir='ltr'>gr.</span> <span class='ocrx_word' id='word_1_360' title='bbox 2696 3726 3064 3812; x_wconf 86' lang='lat' dir='ltr'>Adolphum</span> 
     </span>
    </p>
   </div>
   <div class='ocr_carea' id='block_1_6' title="bbox 33 3812 3067 3904">
    <p class='ocr_par' dir='ltr' id='par_1_6' title="bbox 33 3812 3067 3904">
     <span class='ocr_line' id='line_1_36' title="bbox 33 3812 3067 3904; baseline 0.001 -25"><span class='ocrx_word' id='word_1_361' title='bbox 33 3874 35 3879; x_wconf 88' lang='lat'>.</span> <span class='ocrx_word' id='word_1_362' title='bbox 153 3812 553 3895; x_wconf 75' lang='lat' dir='ltr'>venatorem,</span> <span class='ocrx_word' id='word_1_363' title='bbox 602 3816 801 3882; x_wconf 91' lang='lat' dir='ltr'>Henr.</span> <span class='ocrx_word' id='word_1_364' title='bbox 837 3818 1204 3896; x_wconf 85' lang='lat' dir='ltr'>Slaetsium,</span> <span class='ocrx_word' id='word_1_365' title='bbox 1232 3818 1659 3895; x_wconf 80' lang='lat' dir='ltr'>GeisteranOS,</span> <span class='ocrx_word' id='word_1_366' title='bbox 1688 3818 2144 3904; x_wconf 86' lang='lat' dir='ltr'>Welsingium,</span> <span class='ocrx_word' id='word_1_367' title='bbox 2171 3816 2628 3903; x_wconf 85' lang='lat' dir='ltr'>Tombergium</span> <span class='ocrx_word' id='word_1_368' title='bbox 2662 3819 2763 3883; x_wconf 62' lang='lat' dir='ltr'>Suc.</span> <span class='ocrx_word' id='word_1_369' title='bbox 2789 3816 2849 3879; x_wconf 91' lang='grc'>6.</span> <span class='ocrx_word' id='word_1_370' title='bbox 2884 3817 3067 3899; x_wconf 69' lang='lat' dir='ltr'>Quod</span> 
     </span>
    </p>
   </div>
   <div class='ocr_carea' id='block_1_7' title="bbox 46 3902 3066 4345">
    <p class='ocr_par' dir='ltr' id='par_1_7' title="bbox 46 3902 3066 4345">
     <span class='ocr_line' id='line_1_37' title="bbox 46 3902 3066 3993; baseline 0.002 -29"><span class='ocrx_word' id='word_1_371' title='bbox 46 3984 53 3991; x_wconf 22' lang='grc' dir='ltr'><em>ο</em></span> <span class='ocrx_word' id='word_1_372' title='bbox 154 3902 379 3972; x_wconf 87' lang='lat' dir='ltr'>illustr.</span> <span class='ocrx_word' id='word_1_373' title='bbox 402 3906 673 3970; x_wconf 88' lang='lat' dir='ltr'>Ordines</span> <span class='ocrx_word' id='word_1_374' title='bbox 698 3906 1101 3985; x_wconf 84' lang='lat' dir='ltr'>Hollandiae,</span> <span class='ocrx_word' id='word_1_375' title='bbox 1126 3908 1417 3989; x_wconf 86' lang='lat' dir='ltr'>quamvis</span> <span class='ocrx_word' id='word_1_376' title='bbox 1444 3930 1746 3993; x_wconf 84' lang='lat' dir='ltr'>magnam</span> <span class='ocrx_word' id='word_1_377' title='bbox 1772 3912 2022 3991; x_wconf 82' lang='lat' dir='ltr'>partem</span> <span class='ocrx_word' id='word_1_378' title='bbox 2048 3906 2287 3991; x_wconf 86' lang='lat' dir='ltr'>partim</span> <span class='ocrx_word' id='word_1_379' title='bbox 2317 3906 2603 3990; x_wconf 89' lang='lat' dir='ltr'>opinioni</span> <span class='ocrx_word' id='word_1_380' title='bbox 2621 3904 2858 3989; x_wconf 85' lang='lat' dir='ltr'>partim</span> <span class='ocrx_word' id='word_1_381' title='bbox 2880 3927 3066 3989; x_wconf 85' lang='lat' dir='ltr'>prae-</span> 
     </span>
     <span class='ocr_line' id='line_1_38' title="bbox 156 3992 3065 4079; baseline 0.001 -25"><span class='ocrx_word' id='word_1_382' title='bbox 156 3994 361 4058; x_wconf 84' lang='lat' dir='ltr'>tensae</span> <span class='ocrx_word' id='word_1_383' title='bbox 396 3995 815 4059; x_wconf 81' lang='lat' dir='ltr'>moderationi</span> <span class='ocrx_word' id='word_1_384' title='bbox 840 3995 1481 4079; x_wconf 84' lang='lat' dir='ltr'>quinquarticulanae</span> <span class='ocrx_word' id='word_1_385' title='bbox 1504 4001 1657 4062; x_wconf 87' lang='lat' dir='ltr'>tunc</span> <span class='ocrx_word' id='word_1_386' title='bbox 1682 3996 1993 4076; x_wconf 82' lang='lat' dir='ltr'>faverent,</span> <span class='ocrx_word' id='word_1_387' title='bbox 2018 4018 2184 4060; x_wconf 84' lang='lat' dir='ltr'>anno</span> <span class='ocrx_word' id='word_1_388' title='bbox 2215 3997 2404 4060; x_wconf 80' lang='lat'>1611.</span> <span class='ocrx_word' id='word_1_389' title='bbox 2433 3996 2754 4059; x_wconf 87' lang='lat' dir='ltr'>decretum</span> <span class='ocrx_word' id='word_1_390' title='bbox 2778 3992 3065 4066; x_wconf 86' lang='lat' dir='ltr'>fecerint,</span> 
     </span>
     <span class='ocr_line' id='line_1_39' title="bbox 158 4082 3066 4170; baseline 0.001 -28"><span class='ocrx_word' id='word_1_391' title='bbox 158 4101 228 4143; x_wconf 84' lang='lat' dir='ltr'>ue</span> <span class='ocrx_word' id='word_1_392' title='bbox 250 4082 323 4147; x_wconf 89' lang='lat' dir='ltr'>de</span> <span class='ocrx_word' id='word_1_393' title='bbox 346 4083 628 4166; x_wconf 69' lang='lat' dir='ltr'>perfecta</span> <span class='ocrx_word' id='word_1_394' title='bbox 660 4082 902 4148; x_wconf 82' lang='lat' dir='ltr'>Christi</span> <span class='ocrx_word' id='word_1_395' title='bbox 928 4084 1387 4161; x_wconf 85' lang='lat' dir='ltr'>satisfactione,</span> <span class='ocrx_word' id='word_1_396' title='bbox 1413 4086 1490 4150; x_wconf 89' lang='lat' dir='ltr'>de</span> <span class='ocrx_word' id='word_1_397' title='bbox 1514 4087 1657 4163; x_wconf 83' lang='lat' dir='ltr'>fide,</span> <span class='ocrx_word' id='word_1_398' title='bbox 1684 4086 1759 4150; x_wconf 91' lang='lat' dir='ltr'>de</span> <span class='ocrx_word' id='word_1_399' title='bbox 1783 4090 2041 4169; x_wconf 85' lang='lat' dir='ltr'>peccato</span> <span class='ocrx_word' id='word_1_400' title='bbox 2065 4084 2370 4170; x_wconf 86' lang='lat' dir='ltr'>originali</span> <span class='ocrx_word' id='word_1_401' title='bbox 2388 4084 2490 4149; x_wconf 68' lang='lat' dir='ltr'>sc.</span> <span class='ocrx_word' id='word_1_402' title='bbox 2508 4084 2698 4148; x_wconf 85' lang='lat' dir='ltr'>aliter</span> <span class='ocrx_word' id='word_1_403' title='bbox 2715 4084 3066 4162; x_wconf 89' lang='lat' dir='ltr'>doceretur,</span> 
     </span>
     <span class='ocr_line' id='line_1_40' title="bbox 160 4171 3065 4254; baseline 0.001 -22"><span class='ocrx_word' id='word_1_404' title='bbox 160 4188 337 4249; x_wconf 86' lang='lat' dir='ltr'>quam</span> <span class='ocrx_word' id='word_1_405' title='bbox 358 4172 593 4254; x_wconf 85' lang='lat' dir='ltr'>passim</span> <span class='ocrx_word' id='word_1_406' title='bbox 616 4173 685 4235; x_wconf 90' lang='lat' dir='ltr'>in</span> <span class='ocrx_word' id='word_1_407' title='bbox 710 4173 988 4237; x_wconf 87' lang='lat' dir='ltr'>ecclesiis</span> <span class='ocrx_word' id='word_1_408' title='bbox 1014 4174 1377 4237; x_wconf 80' lang='lat' dir='ltr'>reformatis</span> <span class='ocrx_word' id='word_1_409' title='bbox 1401 4174 1710 4239; x_wconf 82' lang='lat' dir='ltr'>hactenus</span> <span class='ocrx_word' id='word_1_410' title='bbox 1727 4174 2034 4239; x_wconf 86' lang='lat' dir='ltr'>traditum</span> <span class='ocrx_word' id='word_1_411' title='bbox 2049 4171 2448 4238; x_wconf 78' lang='lat' dir='ltr'>fuerat.Vide</span> <span class='ocrx_word' id='word_1_412' title='bbox 2465 4174 2696 4238; x_wconf 85' lang='lat' dir='ltr'>dictam</span> <span class='ocrx_word' id='word_1_413' title='bbox 2713 4172 3065 4236; x_wconf 80' lang='lat' dir='ltr'>historiam.</span> 
     </span>
     <span class='ocr_line' id='line_1_41' title="bbox 164 4254 3066 4345; baseline 0.002 -25"><span class='ocrx_word' id='word_1_414' title='bbox 164 4254 215 4320; x_wconf 89' lang='lat'>7.</span> <span class='ocrx_word' id='word_1_415' title='bbox 258 4256 435 4333; x_wconf 83' lang='lat' dir='ltr'>Quod</span> <span class='ocrx_word' id='word_1_416' title='bbox 482 4260 559 4325; x_wconf 88' lang='lat' dir='ltr'>H.</span> <span class='ocrx_word' id='word_1_417' title='bbox 612 4261 888 4339; x_wconf 73' lang='lat' dir='ltr'>Grotius,</span> <span class='ocrx_word' id='word_1_418' title='bbox 937 4283 1127 4344; x_wconf 92' lang='lat' dir='ltr'>quem</span> <span class='ocrx_word' id='word_1_419' title='bbox 1172 4262 1469 4327; x_wconf 84' lang='lat' dir='ltr'>factionis</span> <span class='ocrx_word' id='word_1_420' title='bbox 1500 4284 1651 4327; x_wconf 87' lang='lat' dir='ltr'>suae</span> <span class='ocrx_word' id='word_1_421' title='bbox 1676 4267 2144 4340; x_wconf 87' lang='lat' dir='ltr'>ornamentum,</span> <span class='ocrx_word' id='word_1_422' title='bbox 2171 4284 2423 4345; x_wconf 87' lang='lat' dir='ltr'>semper</span> <span class='ocrx_word' id='word_1_423' title='bbox 2446 4263 2764 4326; x_wconf 85' lang='lat' dir='ltr'>duxerunt</span> <span class='ocrx_word' id='word_1_424' title='bbox 2787 4259 2856 4323; x_wconf 91' lang='lat' dir='ltr'>in</span> <span class='ocrx_word' id='word_1_425' title='bbox 2883 4259 3066 4325; x_wconf 88' lang='lat' dir='ltr'>libris</span> 
     </span>
    </p>
   </div>
   <div class='ocr_carea' id='block_1_8' title="bbox 2995 4350 3071 4416">
    <p class='ocr_par' dir='ltr' id='par_1_8' title="bbox 2995 4350 3071 4416">
     <span class='ocr_line' id='line_1_42' title="bbox 2995 4350 3071 4416; baseline 0 0"><span class='ocrx_word' id='word_1_426' title='bbox 2995 4350 3071 4416; x_wconf 80' lang='lat' dir='ltr'>de</span> 
     </span>
    </p>
   </div>
   <div class='ocr_carea' id='block_1_9' title="bbox 166 4447 571 4465">
    <p class='ocr_par' dir='ltr' id='par_1_9' title="bbox 166 4447 571 4465">
     <span class='ocr_line' id='line_1_43' title="bbox 166 4447 571 4465; baseline 0 406"><span class='ocrx_word' id='word_1_427' title='bbox 166 4447 571 4465; x_wconf 95' lang='lat' dir='ltr'> </span> 
     </span>
    </p>
   </div>
   <div class='ocr_carea' id='block_1_10' title="bbox 222 4483 2686 4551">
    <p class='ocr_par' dir='ltr' id='par_1_10' title="bbox 222 4483 2686 4551">
     <span class='ocr_line' id='line_1_44' title="bbox 222 4483 2686 4551; baseline -0.001 -9"><span class='ocrx_word' id='word_1_428' title='bbox 222 4483 257 4542; x_wconf 87' lang='lat'>¹)</span> <span class='ocrx_word' id='word_1_429' title='bbox 290 4486 433 4551; x_wconf 83' lang='lat' dir='ltr'>Resp.</span> <span class='ocrx_word' id='word_1_430' title='bbox 470 4486 641 4539; x_wconf 75' lang='lat' dir='ltr'>Pmo</span> <span class='ocrx_word' id='word_1_431' title='bbox 672 4487 936 4539; x_wconf 67' lang='lat' dir='ltr'>sommus</span> <span class='ocrx_word' id='word_1_432' title='bbox 968 4488 1266 4540; x_wconf 55' lang='lat' dir='ltr'>Siamus-r</span> <span class='ocrx_word' id='word_1_433' title='bbox 1300 4490 1797 4541; x_wconf 81' lang='lat' dir='ltr'>Amstelredamensi.</span> <span class='ocrx_word' id='word_1_434' title='bbox 1866 4490 1942 4541; x_wconf 82' lang='lat' dir='ltr'>Ad</span> <span class='ocrx_word' id='word_1_435' title='bbox 1977 4488 2113 4541; x_wconf 87' lang='lat' dir='ltr'>diem</span> <span class='ocrx_word' id='word_1_436' title='bbox 2148 4487 2216 4540; x_wconf 79' lang='lat'>23</span> <span class='ocrx_word' id='word_1_437' title='bbox 2251 4488 2500 4541; x_wconf 74' lang='lat' dir='ltr'>Febr-nar.</span> <span class='ocrx_word' id='word_1_438' title='bbox 2534 4486 2686 4539; x_wconf 77' lang='lat'><strong>1639.</strong></span> 
     </span>
    </p>
   </div>
  </div>
 </body>
</html>
