3694 4871
842 333 2444 405 D1s12.Xn.DELEGEETEUANGELm.
2985 339 3110 402 347

168 515 453 596 viveret,
478 518 724 603 collega
748 524 965 584 noster
996 523 1397 604 conjunctiss
1432 525 1497 589 in
1526 525 1734 610 dispp.
1760 526 1836 590 dc
1873 525 2155 594 Personci
2185 526 2246 592 ἃ
2269 529 2465 616 officio
2495 525 2728 590 Christi
2741 548 2766 600 ;
2789 524 3115 609 Allin-yius

170 605 251 670 in
312 607 355 669 '1
365 605 514 671 keol.
566 609 869 674 Elencticci
903 610 1278 696 Heidclberq.
1312 611 1373 676 ἃ·
1403 615 1736 700 Gronin9.,·
1764 617 2014 680 Isaacus
2042 616 2281 682 lunius
2306 617 2372 681 in
2403 613 2815 700 Antapoloqia
2841 614 3107 679 Remen-

172 694 533 760 stramibus
564 699 858 781 opposita
888 721 1026 783 cap.
1061 701 1163 766 12.
1198 701 1243 764 ἃ
1274 702 1374 766 13.
1968 773 1974 780 ,

277 781 595 848 Nonnulli
642 808 719 849 ex
768 787 1069 871 antiquis,
1118 791 1162 856 &
1209 790 1667 856 recentioribus
1721 792 2088 858 orthodoxis
2136 793 2551 877 scriptoribus
2575 797 2714 856 tum
2737 789 3112 874 dogmaticis

174 877 329 936 tum
383 873 677 955 practicis
702 875 968 940 subinde
993 877 1254 942 innuere
1283 879 1573 944 videntur
1602 879 2034 966 Euangelium
2057 904 2184 946 non
2210 883 2466 965 quidem
2491 880 2726 944 habere
2755 881 3110 962 praecepta,

178 961 325 1025 sive
360 961 623 1045 antiqua
648 963 787 1048 lege
818 965 1233 1050 praescripta,
1258 967 1387 1031 sive
1414 991 1611 1032 novae
1636 968 1765 1054 legi
1790 971 2026 1048 addita,
2053 975 2314 1054 excepto
2340 993 2464 1034 uno
2499 969 2664 1053 quod
2692 971 2786 1032 est
2809 989 3111 1050 praccep-

178 1055 333 1114 tum
382 1049 459 1113 de
504 1051 627 1115 fide
675 1052 740 1114 in
790 1053 1135 1134 Christum,
1171 1060 1283 1119 aut
1330 1057 1607 1140 exceptis
1638 1058 1884 1122 duobus
1909 1061 2010 1144 (ut
2039 1059 2330 1123 nonnulli
2355 1058 2530 1141 loqui
2553 1055 2872 1138 videntur)
2897 1055 3042 1119 fidei
3068 1054 3114 1119 8⁶

178 1138 685 1222 resipiscentiae.
736 1139 859 1204 Sed
884 1143 983 1206 illi
1006 1143 1406 1228 intelligendi
1432 1149 1579 1209 sunt
1605 1149 1717 1209 aut
1740 1147 1882 1211 laxe
1906 1150 2078 1225 tunc,
2107 1152 2218 1211 aut
2243 1147 2587 1230 improprie
2620 1146 2666 1211 ἃ
2689 1143 3109 1228 metonymice

178 1227 407 1312 loqui;
454 1227 547 1292 ita
584 1233 660 1292 ut
685 1252 905 1294 sensus
933 1231 1037 1308 sit,
1064 1232 1493 1318 Euangelium
1519 1234 1738 1298 stricte
1763 1239 2094 1320 acceptum
2127 1259 2238 1300 seu
2261 1235 2742 1319 promissionem
2769 1231 3114 1316 Euangelii

180 1317 267 1380 de
320 1314 573 1381 Christo
605 1339 903 1402 sponsore
932 1342 1004 1384 ac
1037 1327 1357 1387 servatore
1390 1328 1624 1402 nostr0‚
1652 1346 1761 1387 seu
1798 1325 1874 1388 de
1907 1324 2112 1388 salute
2138 1347 2250 1408 per
2276 1324 2602 1388 Christum
2626 1343 2763 1385 esse
2795 1321 3115 1403 objectum

180 1404 380 1481 fidei;
429 1428 621 1489 quam
668 1407 857 1470 fidem
906 1407 1033 1472 Lex
1062 1410 1268 1494 primo
1294 1411 1580 1496 decalogi
1609 1417 1946 1496 praecepto
1971 1412 2382 1496 praescribit;
2409 1417 2601 1496 atque
2634 1411 2789 1473 adeo
2813 1407 3115 1493 Euange-

184 1495 359 1558 lium
404 1498 653 1558 tantum
680 1502 1071 1561 occasionem
1104 1521 1241 1562 esse
1264 1501 1601 1564 materiam
1628 1501 1774 1564 fidei
1800 1502 2122 1580 salutaris,
2148 1524 2272 1564 non
2299 1505 2510 1565 autem
2539 1497 2895 1562 formaliter
2919 1519 3114 1580 prae-

182 1587 451 1666 ceptum
500 1583 748 1648 divinae
774 1586 939 1664 fidei,
968 1588 1013 1652 St
1037 1587 1292 1670 quidem
1316 1587 1383 1651 in
1412 1588 1735 1653 Christum
1762 1613 1873 1654 seu
1902 1590 2350 1674 Euangelium,
2381 1590 2586 1675 (nulla
2613 1587 2780 1651 enim
2807 1584 2936 1649 alia
2959 1584 3115 1648 fides

185 1671 413 1735 divina
439 1694 515 1735 ex
538 1671 882 1756 hypothesi
910 1675 1121 1758 lapsus
1146 1676 1193 1742 ἃ
1218 1676 1551 1741 substituti
1576 1677 1724 1741 novi
1747 1678 2020 1744 foederis
2046 1677 2346 1743 salutaris
2371 1680 2493 1760 est)
2519 1676 2862 1742 credendo:
2890 1695 3115 1756 quam-

184 1760 291 1824 vis
350 1760 774 1826 conditionem
814 1763 958 1826 fidei
984 1764 1511 1847 promissionibus
1538 1767 1669 1830 suis
1696 1767 1873 1852 [pag.
1905 1769 2020 1850 25]
2047 1766 2493 1832 conditionatis
2517 1764 2821 1846 includat,
2847 1785 2971 1825 non
2998 1783 3114 1825 ex-

188 1849 444 1913 cludat:
495 1849 675 1924 Quod
699 1850 1052 1916 evidentius
1078 1853 1327 1936 patebit
1352 1877 1429 1918 ex
1453 1855 1767 1920 solutione
1794 1855 2246 1940 objectionum.

285 1936 479 2002 Forte
534 1939 675 2022 quis
729 1945 995 2023 quaerat
1040 1943 1209 2006 unde
1252 1957 1495 2022 constet,
1530 1945 1693 2008 dicta
1719 1945 1828 2008 illa
1853 1957 2238 2023 nostrorum,
2269 1945 2589 2028 imprimis
2610 1939 2954 2026 eorumqui
2977 1949 3119 2022 post

188 2029 493 2093 detectum
521 2029 943 2094 Socinismum
965 2031 1367 2114 scripserunt,
1399 2031 1461 2098 ec
1482 2033 1723 2097 cautius
1746 2045 1932 2118 acque
1953 2035 2305 2099 accuratius
2329 2032 2602 2116 opposite
2623 2029 2708 2095 ad
2725 2027 3118 2094 adversario-

188 2137 351 2182 rum
397 2116 687 2201 strophas
739 2115 801 2182 ἃ·
830 2120 1059 2184 occulta
1096 2120 1405 2186 dedecoris
1432 2134 1938 2205 praesumuntur
1969 2124 2153 2188 locuti
2174 2143 2320 2199 esse,
2353 2119 2466 2186 sub
2491 2121 2600 2184 illa
2623 2117 3030 2191 distinctione,
3058 2113 3121 2179 a

190 2225 333 2270 non
376 2206 559 2270 aliter
600 2207 959 2290 accipienda
989 2229 1132 2272 csse.
1182 2207 1264 2272 Ei
1294 2211 1660 2294 respondeO,
1686 2216 1974 2276 constare
1999 2211 2063 2274 id
2089 2233 2165 2274 ex
2190 2211 2290 2273 his
2317 2213 2610 2292 quatuor.
2667 2209 2718 2269 l.
2770 2207 2867 2270 Ex
2893 2225 3118 2267 eorun-

192 2295 345 2360 dem
391 2298 686 2358 autorum
734 2294 939 2374 dictis,
986 2317 1148 2378 quae
1186 2299 1475 2362 absolute
1500 2303 1741 2384 negant
1770 2300 2002 2364 additis
2025 2297 2524 2382 probationibus,
2549 2293 2978 2378 Euangelium
3004 2290 3116 2353 ha·

191 2385 351 2449 bere
398 2387 753 2468 praecepta.
804 2383 1003 2469 Atqui
1049 2387 1172 2451 hae
1219 2388 1607 2452 universales
1646 2388 2020 2474 negationes
2066 2409 2208 2453 cum
2240 2386 2384 2451 aliis
2419 2384 2755 2449 eorundem
2781 2379 3118 2466 phrasibus

192 2476 243 2541 ἃ
292 2472 499 2551 dictis,
526 2474 600 2536 de
625 2472 855 2555 quibus
880 2474 983 2537 hic
1008 2477 1355 2559 quaeritur.
1395 2478 1663 2541 collatae
1689 2481 1725 2541 ἐι
1748 2476 2242 2542 contradictione
2266 2474 2526 2539 liberari
2551 2495 2673 2537 non
2698 2473 2960 2556 possunt
2985 2467 3119 2532 sine

188 2566 419 2628 nostra
458 2562 878 2640 distinctione,
906 2563 951 2627 ἃ
990 2565 1409 2649 explicatione
1434 2566 1618 2631 modo
1644 2568 1941 2631 indicata.
1991 2568 2049 2629 2.
2097 2566 2196 2631 Ex
2221 2586 2292 2628 eo
2325 2564 2492 2647 quod
2518 2559 2802 2644 alioquin
2834 2559 3119 2621 adversa-

188 2652 329 2717 rios
360 2650 748 2731 Pontificios,
796 2650 1183 2731 SocinianOS,
1232 2652 1773 2733 Remonstrantes,
1819 2655 1886 2717 in
1927 2653 2238 2729 terminis,
2285 2652 2504 2729 solide,
2551 2652 2598 2717 a
2641 2647 2970 2733 perspicue
2995 2666 3120 2708 non

187 2739 585 2805 refutarent:
636 2740 803 2824 quod
856 2743 1071 2806 tamen
1111 2742 1291 2806 unice
1340 2742 1697 2809 intendunt.
1746 2746 1804 2807 3.
1853 2744 1952 2809 Ex
1977 2740 2448 2807 definitionibus
2473 2736 2815 2822 Euangelii
2841 2738 2886 2801 &
2910 2732 3120 2818 LegiS,

192 2850 362 2913 quas
410 2848 486 2891 ex
532 2828 994 2894 universalibus
1040 2830 1175 2895 sine
1215 2831 1581 2914 exceptione
1631 2832 1936 2896 conflatas
1960 2831 2196 2895 ibidem
2220 2828 2376 2893 alibi
2399 2827 2635 2891 inlocis
2662 2822 3120 2901 communibus,

190 2918 425 2983 aliisve
472 2916 725 3001 scriptis
772 2919 903 2983 suis
950 2924 1329 3003 proponunt.
1381 2920 1550 2995 Quas
1584 2920 1866 2984 revocari
1888 2924 2000 2984 aut
2023 2916 2517 2984 contradictione
2550 2915 2630 2979 ab
2655 2914 2785 2977 illis
2808 2911 2973 2988 tolli,
2997 2932 3121 2973 non

192 3010 301 3072 est
346 3006 894 3089 praesumendum.
946 3008 1005 3071 4.
1058 3010 1153 3073 Ex
1199 3031 1290 3083 e0,
1341 3007 1508 3091 quod
1554 3008 1903 3074 catechesis
1949 3012 2166 3073 nostra
2190 3016 2425 3094 quaest.
2459 3006 2562 3068 22.
2590 3002 2953 3087 specificum
2977 2998 3123 3063 fidei

184 3094 611 3181 justificantis
656 3095 973 3179 objectum
1022 3096 1175 3160 facit
1205 3098 1653 3180 promissiones
1679 3096 2056 3181 Euangelii:
2086 3098 2132 3162 a
2163 3097 2616 3178 consequenter
2643 3092 2952 3155 directum
2977 3108 3124 3187 pro-

192 3183 437 3268 prium,
472 3183 517 3247 St
542 3204 735 3247 unum
764 3184 1103 3269 Euangelii
1126 3186 1445 3269 objectum
1468 3186 1625 3249 facit
1656 3185 2138 3269 promissiones3
2187 3206 2312 3247 non
2339 3185 2677 3266 praecepta
2701 3182 2813 3243 aut
2835 3175 3124 3263 prohibi-

190 3272 431 3337 tiones.
479 3269 521 3333 J
524 3292 627 3334 am
652 3294 799 3337 vero
831 3272 1237 3357 cogitandum
1260 3297 1385 3338 non
1412 3278 1509 3339 est
1532 3275 1810 3357 aliquem
1837 3278 2198 3338 nostrorum
2231 3270 2438 3335 studio
2472 3274 2508 3333 ξι
2540 3268 2824 3333 doctrina
2846 3264 3127 3331 cateche-

192 3361 333 3426 sios
378 3359 499 3423 hac
536 3358 601 3422 in
627 3366 809 3444 parte
832 3361 1105 3425 voluisse
1132 3364 1441 3427 recedere.
1493 3364 1551 3426 5.
1580 3365 1678 3429 Ex
1701 3384 1775 3427 eo
1799 3363 1966 3446 quod
1997 3362 2190 3425 iidem
2213 3360 2311 3423 illi
2336 3364 2587 3423 autores
2612 3358 2678 3420 in
2704 3353 3125 3438 explicatione

192 3447 493 3532 decalogi
539 3468 683 3512 cum
730 3450 1019 3515 catechesi
1071 3453 1287 3515 nostra
1330 3472 1434 3537 qu.
1496 3453 1597 3516 94.
1634 3452 1821 3515 fidem
1853 3451 2062 3533 primo
2093 3448 2377 3533 decalogi
2405 3449 2737 3531 praecepto
2761 3442 3126 3539 mandatam

193 3558 366 3615 esse,
394 3540 639 3601 exserte
663 3538 729 3601 in
754 3538 1007 3622 scriptis
1033 3539 1164 3603 suis
1188 3540 1442 3621 docent3
1469 3542 1581 3603 aut
1605 3540 1659 3604 si
1685 3540 1794 3623 qui
1819 3562 1896 3603 ex
1909 3540 2051 3603 illis
2069 3538 2440 3621 decalogum
2463 3558 2540 3599 ex
2564 3533 2849 3618 professo
2874 3528 3126 3628 scriptis

194 3625 341 3690 suis
390 3625 772 3707 explicatum
826 3650 951 3690 non
1000 3627 1306 3708 dederint,
1353 3628 1579 3693 saltem
1606 3629 1670 3691 in
1696 3649 2096 3693 communem
2119 3625 2612 3691 orthodoxorum
2637 3640 2892 3685 sensum
2916 3617 3036 3681 hac
3059 3636 3127 3678 1n

192 3716 391 3800 parte
415 3734 736 3798 nunquam
761 3716 1108 3781 incurrunt.

297 3800 427 3867 Sed
471 3802 621 3885 quia
652 3801 950 3880 ἀκρίβειαν
994 3826 1119 3868 non
1154 3808 1405 3869 tantum
1438 3806 1604 3887 quod
1629 3806 1708 3869 ad
1732 3828 2048 3871 summam
2072 3804 2185 3882 rei,
2213 3803 2320 3867 sed
2346 3802 2540 3866 etiam
2569 3798 2736 3882 quod
2761 3796 2840 3860 ad
2863 3793 3128 3880 phrases

196 3894 251 3959 ἃ
276 3891 497 3956 modos
522 3891 818 3975 loquendi
842 3894 907 3957 in
935 3894 1053 3957 hac
1076 3892 1447 3977 quaestione
1472 3894 1687 3959 stricte
1716 3893 2056 3971 observari,
2081 3893 2247 3956 inter
2263 3896 2360 3954 tot
2376 3886 2670 3971 strophas
2695 3885 3130 3982 sectariorum,

195 4002 465 4045 necesse
520 3984 649 4045 est:
700 4004 819 4067 age
869 3982 949 4046 ad
995 3983 1299 4066 majorem
1346 3982 1747 4060 evidentiam,
1774 3982 2177 4067 objectiones,
2203 3980 2258 4044 si
2285 4000 2447 4062 quae
2471 3974 2706 4040 adferri
2728 3974 3008 4057 possent,
3031 3970 3130 4034 di-

196 4072 481 4135 luamuS.

296 4154 349 4221 I.
406 4156 622 4241 Object.
675 4157 871 4225 Actus
918 4180 1031 4224 seu
1059 4159 1263 4224 virtus
1302 4159 1447 4223 fidei
1479 4159 1868 4243 praecipitur
1897 4156 2274 4242 EuangeliO,
2300 4157 2346 4221 δε
2367 4178 2494 4220 non
2518 4153 2694 4237 lege:
2731 4172 2882 4236 ergo
2913 4150 3132 4213 Euan-

202 4246 457 4336 gelium
504 4246 699 4313 habet
729 4252 1088 4333 praecepta.
1138 4250 1320 4332 Resp-
1377 4249 1523 4333 Ncq.
1571 4248 1978 4313 antecedens:
2020 4258 2099 4311 ob
2145 4244 2262 4309 has
2307 4243 2604 4308 rationes
2639 4241 2696 4306 1.
2723 4240 2930 4339 Italic.
2971 4236 3137 4313 Quia

202 4336 421 4423 primo
469 4335 753 4423 decalogi
801 4340 1137 4421 praecepto
1163 4337 1583 4422 praecipitur;
1624 4358 1750 4401 non
1774 4337 1984 4400 minus
2009 4357 2200 4419 quam
2227 4355 2358 4417 spe,
2383 4332 2638 4411 caritas,
2664 4328 2996 4416 patientia,
3033 4329 3133 4395 διο.

200 4424 309 4490 uti
358 4424 633 4509 explicat
670 4431 886 4491 nostra
916 4424 1284 4507 catechesis,
1310 4431 1351 4487 δι
1378 4425 1796 4491 communiter
1818 4425 2199 4509 interpretes
2223 4419 2588 4509 decalogici.
2637 4421 2698 4484 2.
2724 4417 2923 4485 Rasin.
2973 4415 3136 4515 Quia

2929 4524 3133 4570 omnis
