3694 4871
699 852 1699 977 DISPUTATIO
1777 849 2462 987 DECIMA.

598 1152 811 1251 DE
902 1043 2584 1251 REeEffiATIONEQ

212 1352 283 1415 Ut
322 1352 681 1417 necessaria
713 1352 802 1415 sic
823 1352 1077 1436 coquitu
1100 1351 1369 1439 difficilis
1392 1363 1480 1417 est
1503 1352 1789 1415 doctrina
1819 1350 1896 1415 de
1919 1349 2394 1435 Reqeneratione
2437 1346 2480 1410 J
2484 1346 2588 1412 oh.
2626 1348 2686 1412 3.
2743 1335 3050 1429 Quamvis

120 1439 281 1503 enim
324 1441 683 1524 scripturae
726 1460 886 1519 eam,
934 1460 1258 1527 quousque
1296 1440 1381 1505 ad
1425 1441 1690 1505 salutem
1736 1440 2104 1525 requiritur,
2127 1448 2526 1521 proponant:
2551 1436 2813 1501 modum
2839 1448 3050 1501 tamen

120 1528 267 1611 ejus,
318 1528 387 1595 ἃ·
407 1529 677 1594 occultos
699 1528 949 1593 divinae
968 1530 1209 1612 yratiae
1231 1529 1453 1595 ductus
1476 1530 1639 1593 circa
1668 1529 1924 1593 initium
1961 1526 2024 1593 ἃ·
2049 1546 2456 1612 proqressum
2481 1526 2614 1607 ejus
2636 1545 2819 1589 nemo
2843 1525 2914 1589 in
2937 1524 3055 1589 hac

122 1617 235 1681 vita
281 1619 551 1702 perfecte
595 1618 970 1703 assequitur.
1018 1618 1282 1683 Doctam
1322 1638 1467 1701 eryo
1488 1617 1807 1681 scientiam
1840 1615 1950 1681 ubi
1972 1616 2150 1679 omni
2173 1615 2382 1680 studio
2407 1614 2634 1699 spiritu
2656 1614 2897 1697 qratiae
2919 1634 3054 1678 coo-

118 1718 395 1789 perante,
440 1726 562 1789 pro
608 1706 864 1772 modulo
888 1707 1119 1792 quique
1142 1727 1256 1772 suo
1286 1706 1552 1771 assecuti
1575 1706 1910 1790 luerimu-S,
1942 1716 2177 1770 caetera
2211 1704 2525 1789 quiescant
2548 1713 2782 1767 memes
2805 1714 3056 1767 nostrae

122 1794 184 1858 in
226 1794 569 1861 altitudine
610 1794 885 1859 veritatis
930 1796 1214 1873 occultae,
1270 1793 1333 1860 a
1380 1794 1623 1859 doctam
1656 1794 2089 1879 iquorantiam
2115 1793 2428 1877 sapienter
2451 1793 2899 1878 profiteamur.-
2923 1810 3055 1855 non

126 1884 329 1949 mutus
369 1903 447 1949 ac
488 1882 827 1967 prophetae
854 1904 994 1948 eam
1039 1884 1203 1949 circa
1248 1884 1570 1948 scientiam
1626 1881 1701 1949 de
1746 1882 2032 1947 naturali
2067 1881 2460 1965 yeneratione
2489 1880 2764 1945 hominis
2783 1880 3056 1965 professi

126 1984 261 2037 rum
283 1970 399 2039 Ps.
426 1972 574 2036 139.
598 1969 965 2036 Ecclesiast.
1002 1972 1075 2035 11
1090 2022 1105 2037 .

210 2154 275 2224 1.
325 2154 713 2239 Redemptio
760 2178 873 2240 per
924 2155 1253 2220 Christum
1299 2156 1429 2221 late
1453 2159 1730 2240 sumpta,
1757 2159 2007 2222 constat
2031 2153 2499 2239 impetratione,
2531 2153 2578 2218 ἃ
2602 2152 3053 2239 applicatione.

130 2243 493 2328 Applicatio
543 2249 641 2308 est
663 2244 979 2309 traductio
1022 2267 1134 2309 seu
1157 2244 1496 2310 translatio
1520 2246 1868 2309 electorum
1899 2248 1938 2309 a
1968 2244 2249 2309 tenebris
2274 2243 2351 2307 ad
2386 2243 2612 2321 lucem,
2639 2246 2678 2307 a
2699 2240 3052 2326 perditione

129 2332 203 2396 ad
248 2332 551 2397 salutem.
598 2332 759 2417 Ejus
806 2337 1019 2417 partes
1068 2333 1200 2397 sive
1252 2337 1430 2397 actus
1470 2336 1621 2398 sunt
1651 2334 1850 2397 trium
1880 2354 2206 2418 generum,
2232 2331 2342 2416 qui
2371 2331 2495 2396 hoc
2516 2330 2736 2395 ordine
2759 2332 3053 2417 (naturae

132 2420 257 2486 scil.
284 2443 547 2498 omnes;
596 2421 901 2506 temporis
950 2444 1097 2487 vero
1122 2421 1350 2507 aliqui)
1376 2422 1744 2506 procedunt.
1784 2420 1835 2488 I.
1881 2420 2184 2488 Actiones
2209 2419 2332 2485 Dei
2355 2420 2559 2486 reales
2584 2419 2722 2506 (sed
2744 2418 3049 2484 intentio-

130 2511 295 2575 nales
344 2531 461 2576 seu
506 2510 812 2576 relativae
861 2515 897 2574 a
929 2510 1202 2576 termino
1235 2513 1280 2577 δι
1306 2511 1533 2576 effectu
1558 2511 1649 2575 sic
1672 2511 2176 2576 denominandae
2196 2511 2240 2594 ς)
2267 2509 2500 2593 quibus
2529 2530 2644 2592 per
2665 2507 3054 2572 intentiona-

131 2599 247 2663 lem
264 2597 812 2678 constitutionem,
832 2621 943 2664 seu
963 2599 1145 2686 [pag.
1170 2599 1335 2685 433]
1369 2599 1725 2664 sententiae
1751 2598 2244 2664 declarationem
2267 2597 2444 2662 Deus
2466 2597 2686 2662 electis
2710 2595 3054 2681 applicat&

133 2687 366 2752 addicit
388 2687 604 2752 omnia
626 2687 793 2751 bona
821 2710 934 2772 per
965 2687 1293 2760 Christum
1313 2693 1520 2772 parta.
1546 2685 1866 2752 Dicuntur
1888 2692 2104 2752 autem
2122 2687 2272 2752 illae
2303 2683 2821 2751 contradistincte
2845 2685 3054 2749 inten—

130 2775 398 2840 tionales
414 2797 527 2840 seu
543 2775 869 2853 relativae;
889 2776 1041 2860 quia
1057 2776 1125 2840 in
1142 2777 1426 2860 subjecto
1440 2798 1554 2841 seu
1569 2776 1815 2859 objecto
1832 2798 1947 2841 suo
1966 2798 2092 2842 non
2108 2775 2348 2840 realem
2365 2778 2476 2839 aut
2492 2770 2923 2854 intrinsecam,
2943 2778 3056 2838 aut

132 2863 565 2929 inhaerentem
613 2865 1064 2943 mutationem;
1104 2864 1214 2930 sed
1238 2868 1489 2930 tantum
1514 2863 1847 2930 relativam
1887 2887 1998 2929 seu
2023 2863 2444 2929 extrinsecam
2469 2865 2698 2948 (quam
2719 2884 3056 2948 possumus

132 2973 350 3017 vocare
373 2953 786 3018 mutationem
808 2953 1030 3038 status)
1056 2953 1122 3017 in
1152 2954 1419 3037 objecto,
1444 2957 1557 3018 aut
1578 2953 1791 3036 potius
1814 2955 1981 3017 circa
1996 2952 2316 3037 objectum
2333 2951 2636 3020 efficiunt.
2663 2949 2829 3016 Sunt
2841 2955 3058 3015 autem‘

136 3045 307 3106 actus
362 3041 462 3104 illi
512 3043 964 3120 Reconciliatio,
1018 3042 1407 3129 luctificatiO,
1462 3041 1767 3127 Adoptio;
1819 3040 2025 3106 active
2073 3040 2210 3106 scil.
2235 3045 2550 3125 sumptae.
2599 3041 2738 3120 Illa,
2771 3043 3056 3105 removet

136 3129 321 3209 mala,
369 3131 415 3196 St
462 3129 795 3194 dissidium
839 3130 1008 3194 inter
1053 3128 1261 3194 Deum
1287 3130 1334 3195 ἃ,
1356 3151 1498 3194 nos:
1534 3129 1645 3194 ubi
1674 3129 1853 3195 Deus
1877 3151 1944 3194 se
1973 3129 2175 3195 habet
2195 3133 2270 3194 ut
2293 3150 2443 3214 pars
2468 3129 2642 3194 laesa
2665 3129 2711 3195 δι
2735 3131 2808 3193 ut
2832 3149 3054 3212 supre-

136 3239 273 3282 mus
318 3218 629 3283 dominus.
679 3220 859 3285 Rom.
910 3221 971 3283 5.
1035 3219 1135 3285 10.
1186 3219 1290 3284 11.
1348 3219 1409 3283 2.
1474 3217 1753 3286 Corinth.
1788 3219 1850 3282 5.
1881 3217 1982 3283 18.
2021 3219 2124 3283 19.
2172 3220 2307 3284 Ista
2328 3217 2496 3282 bona
2519 3221 2706 3301 parta
2737 3215 3057 3300 adjudicat

136 3307 449 3370 sententia
486 3306 978 3390 jurisdictionis:
1028 3307 1140 3371 nbi
1186 3305 1359 3371 Deus
1402 3329 1469 3373 se
1493 3306 1691 3371 habet
1712 3307 1917 3371 instar
1933 3305 2166 3390 judicis
2191 3307 2372 3374 Rom.
2399 3306 2460 3370 3.
2487 3307 2594 3371 24.
2621 3305 2728 3370 25.
2755 3305 2860 3368 26.
2887 3303 3058 3370 Haec

136 3393 333 3458 animi
380 3415 635 3459 sensum
683 3395 926 3479 profert
980 3418 1051 3460 ac
1082 3394 1392 3474 declarat,
1440 3399 1579 3460 tum
1627 3395 1694 3459 in
1720 3394 2036 3460 familiam
2059 3417 2242 3460 suam
2265 3396 2501 3460 electos
2525 3392 2905 3470 asciscend0,
2932 3393 3056 3478 (Jo-

136 3479 334 3548 haaem.
380 3483 437 3547 1.
476 3483 577 3546 12.
610 3485 710 3547 13.
736 3483 972 3568 Ephes.
1004 3483 1063 3548 1.
1090 3483 1177 3566 5.)
1203 3487 1341 3548 tum
1364 3484 1843 3548 testamentaria
1868 3484 2051 3566 quasi
2076 3482 2462 3568 disponendo
2486 3482 2532 3548 δι
2557 3480 2952 3558 declarando,
2984 3484 3057 3544 ut

138 3591 299 3652 quae
346 3593 421 3636 ex
469 3571 697 3636 merito
742 3571 984 3638 habent
1013 3594 1129 3657 per
1176 3571 1559 3637 sententiam
1582 3572 2060 3656 jurisdictioniS‚
2085 3572 2308 3638 eadem
2338 3571 2532 3636 etiam
2559 3569 2755 3656 digna
2778 3568 3056 3655 quadam

138 3659 382 3724 ratione
428 3657 708 3725 habeant
746 3661 892 3746 jure
937 3659 1265 3726 filiationis
1312 3661 1358 3727 δι
1401 3659 1835 3726 haereditatiS.
1885 3661 2030 3727 Luc.
2067 3661 2174 3725 22.
2204 3661 2308 3724 29.
2336 3662 2515 3727 Rom.
2545 3658 2647 3724 18.
2685 3657 2788 3723 16.
2819 3655 2920 3723 17.
2968 3655 3058 3722 Et

139 3744 241 3812 hic
287 3748 721 3815 consideratur
762 3749 940 3814 Deus
988 3753 1297 3834 tanquam
1343 3748 1828 3833 paterfamilias.
1877 3748 2206 3827 Quomodo
2258 3751 2475 3814 autem
2551 3744 2765 3812 reduci
2809 3745 3056 3830 possint

140 3835 394 3920 adoptio
438 3839 485 3904 ἃ
530 3837 960 3903 reconciliatio
996 3837 1077 3904 ad
1115 3837 1659 3923 justificationem,
1684 3860 1798 3903 seu
1820 3838 2034 3923 potius
2057 3839 2368 3922 quomodo
2400 3859 2546 3902 cum
2568 3835 2649 3900 iis
2671 3833 2986 3918 componi,
3010 3834 3056 3900 ἃ

141 3943 219 3988 an
256 3945 335 3990 ac
376 3926 689 4009 quomodo
735 3925 1095 3992 formaliter
1148 3927 1229 3990 ab
1286 3933 1361 3990 ea
1407 3925 1623 3991 stricte
1662 3931 1920 4012 accepta
1943 3925 2260 4004 differant,
2284 3924 2442 3990 alibi
2463 3925 2744 3990 docetur.
2789 3921 3056 3988 Interim

141 4012 489 4093 consulant,
535 4015 647 4098 qui
700 4015 934 4080 volent.
992 4015 1297 4082 Twissum
1346 4017 1419 4081 in
1479 4015 1771 4081 Vindiciis
1814 4015 2054 4102 ,qratiac
2093 4034 2160 4099 p.
2209 4013 2360 4078 626.
2405 4012 2518 4078 ubi
2540 4013 2722 4078 docet
2745 4010 3056 4096 quomodo

146 4101 541 4178 conveniant,
587 4103 635 4170 ἃ
666 4102 984 4182 differant,
1006 4103 1334 4180 redemti0,
1361 4103 1809 4184 reconciliatiO,
1851 4102 2139 4168 remissio
2170 4105 2590 4186 peccatorum.
2637 4097 2724 4167 11.
2756 4099 3058 4166 Actiones

142 4185 263 4252 Dei
284 4189 553 4256 morales
572 4215 589 4268 ;
614 4213 884 4276 quarum
906 4191 1254 4257 efficientia
1281 4192 1718 4276 metaphorica
1741 4196 1861 4274 est,
1887 4193 1930 4259 δι
1955 4213 2069 4276 per
2091 4191 2351 4257 modum
2373 4191 2606 4276 objecti
2627 4193 2798 4269 sunt,
2823 4187 3056 4273 quibus

143 4275 445 4360 objective
489 4284 704 4346 movet
748 4285 794 4342 δι
838 4279 1338 4366 intelligibiliter
1359 4280 1625 4346 instruit
1645 4280 1878 4347 electos
1903 4279 2181 4362 (adultos
2205 4280 2339 4345 scil.
2366 4283 2480 4346 aut
2507 4279 2755 4346 ratione
2777 4275 3056 4360 utentes)

2910 4385 3058 4449 ΡΥΟ·

210 4531 246 4590 ι)
280 4527 431 4596 Resp.
468 4531 740 4586 Coa-mlo
774 4533 1033 4584 Gssu'rm
1070 4533 1235 4586 Goesa
1268 4533 1397 4584 Zoel-
1430 4533 1534 4584 Ad.
1566 4533 1714 4585 diem
1748 4533 1799 4584 9.
1838 4532 2084 4585 Λουεηώ.
2118 4531 2272 4584 1639.
