3694 4871
635 337 757 400 180
871 333 1088 400 str.
1133 332 1282 398 VII.
1331 331 2001 399 PnontnnArun
2043 350 2142 393 ne
2187 326 2542 392 Meat'ro
2589 327 2969 393 Cnaxsm
3015 328 3244 393 Pane
3289 327 3343 393 I.

618 522 880 605 jectum,
926 522 1141 604 partes
1188 517 1323 584 scil.
1368 517 1685 581 humanae
1716 517 1983 579 naturae
2028 511 2365 596 patientis;
2413 534 2496 576 an
2543 510 2822 596 Sponsor
2843 516 3062 577 noster
3089 511 3470 577 immediate
3499 512 3562 577 in

626 610 839 674 anima
861 630 976 693 pro
998 606 1183 671 nobis
1207 627 1442 691 poenas
1465 607 1714 669 nostras
1737 601 2038 687 patiendo
2065 599 2327 665 meritus
2344 600 2448 665 sit.
2465 598 2632 665 Vide
2649 601 2902 685 Disput.
2920 602 3302 666 nostramde
3317 600 3560 687 Ayonia

627 699 673 765 ἃ
718 697 1056 763 desertione
1105 694 1354 773 Christi,
1400 692 1512 757 ubi
1552 690 1829 756 Antores
1873 690 2252 755 indicantur.
2299 686 2444 753 Huc
2489 688 2768 753 revocari
2793 692 3006 773 potest
3029 690 3466 754 controversia
3489 691 3560 755 de

627 786 927 851 descensu
966 784 1045 848 ad
1076 782 1332 847 inferos.
1390 781 1595 847 'tertia
1620 782 1717 844 est
1744 778 1924 865 [pag.
1953 776 2115 863 237]
2142 777 2307 841 circa
2330 775 2677 841 efficaciam
2712 779 2757 843 e
2781 777 3078 842 effectum
3103 776 3560 842 satisfactionis

626 874 672 939 St
718 872 951 951 meriti,
998 894 1078 935 an
1118 870 1253 935 scil.
1280 868 1571 934 Christus
1602 889 1839 952 poenas
1861 866 2044 930 nobis
2069 864 2316 929 debitas
2343 865 2578 929 directe
2603 867 2648 931 St
2671 864 3039 930 immediate
3071 866 3430 946 sustulerit,
3455 868 3502 933 ἃ
3523 870 3560 931 ὲ

624 961 811 1026 nobis
862 960 929 1024 in
975 962 1181 1024 totum
1230 956 1603 1032 abstulerit3
1652 978 1734 1019 an
1779 975 1930 1019 vero
1974 974 2210 1038 poenas
2235 958 2526 1019 aeternas
2551 952 2617 1017 in
2641 952 3022 1037 temporales
3047 956 3555 1033 commutaverit,

624 1049 857 1133 quibus
902 1048 1027 1131 ipsi
1075 1046 1359 1111 salvandi
1398 1045 1465 1109 in
1489 1044 1613 1108 hac
1636 1043 1683 1109 ἃ
1714 1042 1782 1106 in
1806 1040 2026 1106 futura
2058 1042 2192 1105 vita
2225 1064 2341 1126 per
2362 1042 2804 1126 perpessiones
2829 1041 2877 1106 δι
2901 1063 3093 1125 opera
3117 1063 3235 1106 sua
3260 1044 3558 1126 poenalia

625 1136 953 1202 exhaustis
977 1135 1227 1201 divinae
1245 1132 1535 1217 justitiae
1559 1130 1977 1196 satisfaciant.
2005 1129 2172 1194 Vide
2201 1132 2419 1195 contra
2443 1129 2910 1194 satisfactiones
2927 1129 3242 1195 humanas
3253 1130 3557 1214 Papista-

624 1248 789 1306 rum,
832 1225 1247 1291 Chemnitium
1276 1222 1347 1287 in
1369 1221 1658 1289 exa-mine
1688 1219 1946 1284 Concilii
1979 1218 2349 1299 Tridentini,
2373 1219 2423 1281 az
2446 1218 2912 1283 recentissimos
2936 1218 3334 1298 Belloi-mini,
3361 1221 3556 1285 Anta-

622 1315 901 1401 9onistas
947 1312 1269 1378 Amesium
1321 1307 1384 1376 ἃ·
1432 1308 1856 1383 Chamierum,
1883 1307 2123 1372 adhaec
2150 1308 2431 1373 Rivetum
2461 1307 2531 1371 in
2563 1307 2866 1372 catholico
2895 1306 3270 1387 Ortlwdam,
3297 1308 3346 1373 ἃ
3377 1309 3555 1373 Moti-

623 1424 816 1469 ncum
862 1403 934 1467 in
968 1401 1244 1468 Novitate
1268 1399 1573 1481 Papatus.
1621 1394 1767 1460 Huc
1790 1394 2177 1461 revocandae
2209 1400 2528 1460 controvex
2540 1395 2635 1459 sia
2658 1395 2734 1459 de
2764 1394 3189 1481 Indulgentiis
3221 1401 3280 1457 ὦ
3303 1394 3556 1481 Purga-

624 1492 807 1556 torio:
838 1489 919 1555 ad
940 1510 1099 1573 quas
1124 1485 1651 1553 introductionem
1677 1484 1830 1549 dant
1855 1483 2014 1549 duae
2046 1484 2209 1568 disp.
2235 1496 2498 1550 nostrae.
2533 1484 2775 1566 Quarta
2799 1486 2914 1560 est,
2941 1482 3104 1548 circa
3121 1486 3556 1549 extensionem

624 1578 861 1658 meriti,
894 1600 973 1642 an
1000 1575 1133 1642 scil.
1159 1597 1273 1660 pro
1297 1572 1589 1639 omnibus
1615 1575 1662 1640 δυ
1685 1571 1956 1656 singulis
1979 1571 2346 1636 hominibus
2368 1571 2746 1657 praestitum
2773 1570 2876 1636 sit.
2923 1570 3049 1636 Hic
3070 1593 3214 1636 cum
3241 1572 3556 1637 reforma-
3668 1610 3671 1619 ·

624 1666 708 1731 tis
752 1664 1055 1731 Ecclesiis
1098 1662 1486 1729 contendunt
1506 1659 1847 1739 Pontificii,
1873 1658 2244 1738 Lutherani,
2271 1658 2819 1725 Remonstrantes:
2849 1659 3139 1743 quamvis
3167 1682 3296 1724 non
3327 1661 3556 1726 iisdem

626 1755 819 1819 armis
866 1756 913 1821 δι
957 1750 1440 1837 hypothesibus.
1489 1748 1583 1814 De
1608 1747 1963 1814 Pontificiis
1989 1748 2179 1812 fidem
2203 1747 2360 1812 facit
2385 1748 2708 1814 Malderus
2731 1747 3028 1832 Episcop.
3054 1746 3556 1833 Antwerpianus

625 1844 697 1909 in
742 1843 899 1909 libro
944 1852 1161 1907 contra
1206 1838 1535 1925 Synodum
1582 1836 2090 1903 Dor-dracmam.-
2119 1836 2209 1901 Et
2236 1838 2478 1903 Paulus
2519 1837 2828 1917 Windeck,
2855 1836 2966 1919 qui
2988 1838 3250 1921 operose
3275 1837 3324 1902 ἃ
3347 1838 3558 1922 impo-

623 1934 836 1997 tenter
877 1930 1043 1994 hanc
1065 1948 1317 1993 causam
1346 1926 1485 2012 agit
1510 1924 1813 2010 peculiari
1836 1924 1994 1989 libro
2018 1946 2183 1989 anno
2211 1924 2402 1989 1603.
2454 1924 2752 1990 Coloniae
2785 1946 3014 1989 excuso
3038 1925 3107 1988 in
3131 1925 3190 1989 4.
3217 1924 3332 1989 ubi
3357 1948 3556 2012 argu-

625 2019 856 2084 mentis
904 2017 1053 2082 286.
1101 2014 1593 2083 calvinistarum
1641 2012 1766 2098 (uti
1810 2012 2120 2097 loquitur)
2153 2034 2431 2077 errorem
2455 2034 2826 2097 oppugnare
2857 2016 3138 2077 conatur.
3183 2012 3288 2078 De
3310 2012 3560 2079 Luthe-

625 2108 798 2173 ranis
847 2108 1175 2172 Mmzews
1199 2104 1271 2168 in
1286 2102 1443 2169 libro
1465 2112 1683 2167 contra
1705 2100 1966 2165 eandem
1992 2099 2342 2187 Synodum,
2361 2123 2548 2185 quem
2567 2100 2873 2165 refutavit
2889 2100 3164 2165 Johann.
3186 2101 3560 2187 Polyander

626 2194 994 2281 Theologus
1039 2190 1396 2257 Leidensis:
1446 2188 1834 2273 Hem-minqii
1857 2188 2008 2254 liber
2031 2188 2106 2253 de
2131 2190 2352 2256 Gratia
2374 2190 2737 2268 universali,
2762 2189 3070 2273 peculiari
3092 2192 3374 2255 tractatu
3403 2214 3558 2256 exa-

624 2283 903 2349 minatus
950 2280 1077 2346 fuit
1122 2283 1161 2345 ὃ.
1203 2279 1427 2346 Johan.
1482 2277 1811 2355 Piscatore,
1862 2277 1949 2342 tit.
1998 2276 2073 2341 dc
2114 2278 2336 2344 Gratid
2361 2278 2494 2343 Dei.
2543 2277 2640 2342 De
2667 2274 3291 2357 RemonstrantibuS,
3317 2282 3558 2365 scripta

623 2372 906 2457 ipsorum
952 2368 1453 2455 Antisynodalia,
1486 2366 1532 2432 ἃ
1583 2364 2106 2432 Grevinclchovius
2129 2378 2346 2431 contra
2375 2367 2717 2432 Amesium.
2751 2364 2876 2442 Qui
2899 2366 3052 2450 quia
3075 2365 3155 2430 ad
3177 2363 3560 2433 Socinianas

624 2459 1012 2546 hypotheses
1052 2457 1392 2536 declinant,
1431 2456 1499 2520 in
1537 2454 1692 2520 belli
1729 2455 1922 2537 hujus
1957 2454 2326 2520 societatem
2362 2477 2478 2520 nec
2501 2459 2540 2520 ὲ
2562 2453 2935 2532 Pontificiis‚
2959 2477 3074 2519 nec
3098 2458 3136 2519 a
3163 2453 3562 2522 Lutheranis

626 2549 1071 2614 admittuntur.
1094 2545 1327 2610 Exstat
1348 2544 1539 2630 hujus
1556 2542 1779 2626 judicii
1803 2542 2054 2608 illustre
2081 2544 2524 2608 documentum
2549 2543 2614 2607 in
2640 2545 2855 2609 Emere.
2874 2544 3068 2610 sacris
3082 2543 3220 2610 loh.
3251 2546 3563 2611 Tamania·

626 2636 1001 2704 Lutherani:
1036 2634 1203 2718 quod
1226 2632 1381 2698 alibi
1406 2631 1799 2696 exhibemus.
1847 2627 2025 2696 Inter
2048 2629 2415 2697 Pontificios
2437 2632 2752 2716 potiorem
2776 2631 3252 2717 Theologorum
3277 2638 3560 2718 partem,

626 2723 1163 2790 Anti-Jesuiticos
1210 2721 1344 2787 scil.
1392 2720 1867 2798 DominicanOS,
1914 2718 2596 2798 PraemonstratenseS,
2629 2717 3099 2800 CistercienseS,
3131 2742 3278 2785 cum
3303 2721 3558 2788 Acade-

625 2812 772 2878 miis
794 2810 1173 2878 Lovaniensi
1195 2810 1242 2876 ἃ
1262 2808 1583 2888 Duacena,
1611 2829 1726 2872 nec
1749 2829 1875 2872 non
1901 2805 2414 2892 Archiepiscopis
2432 2811 2479 2876 δῦ
2493 2808 2826 2893 Episcopis
2842 2808 3090 2892 aliquot
3107 2808 3394 2894 Belgicis
3409 2833 3558 2875 cum

626 2901 794 2966 clero
827 2922 961 2980 suo,
989 2899 1139 2963 dum
1164 2897 1514 2982 Augustini
1536 2897 1890 2961 sententiae
1915 2895 2131 2961 stricte
2155 2897 2511 2962 inhaerent.
2537 2895 3137 2962 Remonstrantibus
3161 2899 3404 2962 nostris
3429 2921 3561 2963 non

626 2989 919 3054 accedere
950 2986 1165 3072 palam
1189 2990 1287 3051 est
1312 3007 1389 3050 ex
1406 2984 1713 3049 feralibus
1736 2985 1803 3049 in
1828 2983 2058 3069 Belgio
2085 2982 2353 3069 Hispan.
2378 2985 2774 3050 conflictibus
2801 3007 2994 3070 super
3017 2985 3310 3052 Jansenii
3335 2985 3561 3071 Episc.

625 3075 903 3162 Iprensis
951 3074 1329 3160 Augustino.
1376 3071 1480 3138 Ne
1524 3072 1782 3137 illorum
1826 3073 1998 3137 ultro
2043 3073 2328 3157 citroque
2356 3073 2561 3153 dictis,
2587 3097 2666 3138 ex
2687 3077 2786 3138 tot
2817 3073 3124 3138 librorum
3148 3073 3558 3140 eristicorum

626 3164 971 3250 farragine,
1019 3161 1423 3246 excerpendis
1470 3160 1794 3240 immorer,
1846 3159 2116 3226 exhibeo
2159 3162 2366 3226 solum
2413 3184 2492 3226 ex
2538 3161 3012 3247 Theologorum
3057 3161 3562 3229 Lovaniensimn

626 3251 839 3336 Vulpe
884 3254 1072 3336 capta
1102 3252 1321 3315 contra
1344 3247 1387 3314 J
1392 3249 1661 3314 esuitam
1684 3248 1728 3314 J
1729 3249 1965 3314 ohann.
1989 3247 2300 3314 Martinez
2325 3251 2401 3314 de
2425 3248 2702 3335 Ripalda
2724 3253 2889 3334 part.
2919 3251 3020 3314 15.
3047 3252 3111 3315 8.
3139 3251 3260 3330 „In
3283 3255 3564 3320 materia

634 3341 890 3420 „mortis
910 3339 1138 3406 Christi
1148 3359 1270 3423 pro
1285 3337 1568 3404 humano
1590 3357 1827 3422 qenere.
1844 3337 2026 3421 Disp.
2056 3339 2160 3402 23.
2186 3360 2250 3404 n.
2280 3338 2380 3402 16.
2409 3338 2578 3403 dicit:
2601 3339 2880 3423 Bajanos
2898 3339 3205 3404 sustinere
3217 3338 3564 3406 Christum

636 3451 795 3509 „non
834 3427 1032 3494 fuisse
1065 3430 1387 3491 mortuum
1416 3447 1532 3510 pro
1564 3426 1859 3490 omnibus
1889 3424 2276 3506 hominibus,
2308 3426 2572 3509 ideoque
2596 3448 2712 3492 nec
2742 3425 3024 3492 omnium
3046 3426 3246 3492 fuisse
3269 3427 3562 3494 Redem-

635 3523 894 3598 „torem,
918 3538 1035 3581 nec
1057 3537 1170 3600 pro
1202 3514 1496 3580 omnibus
1519 3535 1747 3580 orasse.
1802 3513 2000 3596 Quasi
2021 3514 2338 3580 doctrinae
2361 3515 2864 3600 Auyustiniamw
2899 3512 2962 3581 ἃ·
2990 3515 3336 3582 Catholicae
3355 3530 3564 3585 secta-

636 3617 830 3686 ‚tores
860 3624 993 3671 non
1013 3604 1205 3692 firmet
1238 3603 1360 3689 fide
1384 3613 1672 3682 tenerent,
1712 3603 1882 3689 quod
1903 3602 1990 3667 ait
2020 3603 2350 3687 Apostolus
2383 3604 2443 3666 2.
2475 3604 2560 3668 ad
2589 3604 2866 3669 Corinth.
2901 3603 2960 3668 5.
2985 3601 3170 3668 Unus
3193 3627 3312 3688 pro
3341 3608 3566 3671 omni-

636 3694 791 3773 „bus
834 3697 1122 3758 mortuus
1168 3696 1285 3756 est.
1319 3690 1471 3756 Item
1492 3711 1607 3774 pro
1630 3691 1924 3755 omnibus
1957 3695 2242 3756 mortuus
2267 3695 2364 3756 est
2388 3690 2700 3756 Christus..
2725 3693 2800 3758 Et
2823 3691 2901 3756 de
2919 3691 3044 3758 alio
3067 3693 3310 3759 solliciti
3329 3708 3566 3774 essent,

637 3783 867 3870 „quom
890 3781 965 3846 de
986 3800 1177 3846 sensu
1200 3779 1263 3846 ἃ·
1284 3779 1469 3844 modo
1493 3798 1617 3864 quo
1642 3779 1788 3845 hacc
1797 3779 1990 3863 juxta
2013 3779 2121 3844 SS.
2149 3779 2286 3846 PP.
2308 3780 2714 3863 potissimum
2736 3791 2950 3845 autem
2959 3781 3154 3865 jutta
3183 3781 3297 3847 SS.
3331 3785 3566 3868 Anqu-

638 3872 932 3950 „stin-um,
992 3870 1394 3952 prosperum,
1446 3865 1509 3932 ἃ·
1556 3869 1952 3949 Fulyentium
1984 3868 2214 3953 exponi
2242 3867 2517 3936 debeant.
2559 3867 2724 3933 Vide
2749 3870 2796 3935 ἃ
2823 3869 3299 3950 Queri-moniam
3329 3873 3568 3956 Zeyers

628 3958 917 4023 libellum
962 3957 1095 4023 scil.
1130 3957 1198 4021 in
1230 3956 1294 4022 4.
1320 3958 1357 4020 a
1378 3953 1880 4020 Lovaniensibus
1903 3959 2123 4020 contra
2160 3955 2203 4021 J
2207 3957 2443 4022 esuitas
2469 3957 2710 4021 editum
2733 3957 2850 4022 sub
2873 3957 3128 4022 nomine
3161 3960 3564 4046 typographi

627 4045 670 4111 J
674 4045 854 4111 acobi
876 4044 1129 4132 Zegers‚
1150 4064 1298 4130 paq.
1327 4045 1429 4108 2334.
1460 4045 1565 4108 25.
1592 4043 1779 4109 Hanc
1802 4043 2304 4110 adversariorum
2321 4066 2860 4130 quorumcunque,
2876 4047 3253 4129 praesertim
3271 4045 3570 4113 Remon-

628 4132 969 4198 strantium
1016 4137 1447 4217 praesumtam
1494 4131 2042 4197 universalitatem
2083 4133 2306 4198 mortis
2355 4135 2402 4200 δῦ
2441 4133 2657 4198 meriti
2687 4133 2925 4198 Christi
2963 4133 3162 4198 solide
3201 4135 3565 4202 refutatam

628 4221 827 4284 habes
872 4221 940 4284 in
974 4221 1155 4304 Disp.
1185 4220 1445 4286 Comari
1467 4220 1543 4285 de
1566 4221 1761 4286 Morte
1795 4220 2043 4299 Christi,
2077 4221 2123 4287 ἃ
2146 4220 2380 4287 Amesii
2408 4222 2668 4308 rescript
2717 4233 2934 4308 contra
2962 4222 3565 4304 Crevinckhovium,

630 4309 1025 4392 ejusdemque
1071 4305 1373 4374 Coronide
1394 4308 1480 4373 ad
1501 4309 1696 4374 collat.
1746 4309 2140 4393 Hayiensmn,
2163 4330 2280 4374 nec
2310 4332 2436 4374 non
2459 4309 2528 4374 in
2560 4310 2796 4394 scripto
2819 4309 3094 4393 ejusdem
3125 4323 3344 4378 contra
3367 4313 3566 4380 Anti-

630 4393 963 4480 synodalia
990 4395 1334 4459 Remmwtr.
1368 4395 1479 4478 qui
1502 4396 1625 4460 duo
1650 4399 1837 4461 erunt
1866 4397 2069 4460 instar
2091 4396 2394 4462 omnium.

3346 4487 3571 4556 PRO-
