3694 4871
575 328 712 417 '98
1081 346 1512 415 D1sr.1V.
1590 346 1710 412 Da
1757 346 2402 413 Nncnsswa‘rr.
2450 372 2547 413 81·
2592 347 3105 415 Uram-irs

623 538 828 603 fectus
875 536 1072 620 Deus,
1110 560 1226 605 nec
1257 536 1392 601 vice
1417 558 1600 601 versa
1623 536 1759 600 sine
1792 534 2057 600 crimine
2088 536 2440 600 horrendae
2464 536 2864 601 idololatriae
2888 540 3048 615 φίλος
3080 536 3274 601 1101110
3302 540 3419 600 aut
3452 558 3568 600 an·
3674 616 3676 621 .

626 627 810 712 gelus
834 629 946 691 aut
977 647 1392 712 quaecunque
1419 629 1710 691 creatura
1741 624 1945 687 amari
1966 646 2183 689 amore
2216 623 2449 689 divin0.
2498 622 2680 701 Quod
2713 624 2769 688 si
2800 624 3071 689 maritus
3109 647 3327 690 amore
3350 625 3567 709 conju·
3674 628 3676 663 ³

624 715 759 801 gali
788 737 915 779 non
939 721 1150 801 potest
1173 738 1300 781 non
1325 712 1622 799 prosequi
1649 732 1932 791 uxorem,
1958 735 2071 777 nec
2095 713 2317 777 eodem
2341 712 2640 796 prosequi
2664 716 2875 797 potest
2898 734 3345 797 quamcunque
3372 712 3566 777 aliam
3674 738 3676 783 :

625 803 957 869 mulierem
983 806 1222 888 absque
1239 824 1450 869 errore
1477 800 1522 865 &
1545 804 1800 885 peccato
1819 799 2288 865 fundamentali
2310 802 2612 867 adversus
2654 800 3057 886 conjugium:
3092 805 3336 885 quanto
3358 802 3565 867 minus

625 892 864 975 absque
915 915 1125 959 errore
1161 888 1628 957 fundamentali
1675 889 1977 954 adversus
2008 888 2386 974 religionem
2418 893 2676 954 tantum
2701 912 2881 954 amor
2903 894 3233 955 creaturae
3257 912 3409 955 vero
3430 890 3563 955 Deo

628 979 862 1045 deferri
907 980 954 1046 8⁶
1000 1004 1179 1047 amor
1219 979 1468 1045 divinus
1499 1000 1624 1044 non
1649 976 1904 1057 deferri,
1937 982 2050 1043 aut
2073 982 2293 1043 contra
2318 1000 2501 1043 amor
2522 976 2795 1043 Divinus
2828 982 3156 1043 creaturae
3188 978 3429 1044 deferri
3452 1002 3561 1063 po-

625 1072 772 1134 test.
821 1068 1027 1155 Major
1071 1073 1240 1135 certe
1287 1070 1385 1133 est
1429 1066 1736 1132 distantia
1785 1065 1953 1131 inter
1998 1088 2280 1131 amorem
2330 1071 2678 1146 creaturae,
2726 1068 2774 1134 81
2806 1066 3131 1144 divinum3
3164 1089 3364 1151 quam
3396 1068 3561 1133 inter

626 1179 908 1222 amorem
937 1178 1336 1224 communem
1382 1154 1737 1233 hominum,
1790 1156 1836 1221 &
1877 1154 2045 1218 inter
2076 1154 2415 1239 specialem
2448 1176 2731 1220 amorem
2762 1156 3187 1241 conjugalem.
3238 1157 3301 1223 4.
3332 1154 3405 1221 Si
3426 1154 3561 1220 Ma·

627 1244 1026 1312 humedistae
1056 1247 1564 1331 protestarentur
1587 1265 1654 1307 se
1680 1242 2009 1308 Christum
2040 1265 2291 1321 amare3
2340 1244 2531 1328 idque
2554 1267 2683 1309 non
2707 1244 3197 1309 tantumvverbis
3222 1245 3339 1310 sed
3362 1246 3409 1311 ἃ
3432 1244 3561 1329 ipso

625 1333 797 1401 facto
821 1336 1244 1415 ostenderent,
1271 1332 1607 1419 punientes
1641 1354 1718 1397 ex
1746 1354 1961 1397 amore
1994 1334 2039 1398 &
2064 1332 2421 1397 reverentia
2452 1332 2691 1398 Christi
2725 1331 2769 1398 J
2772 1332 3005 1397 udaeos
3030 1332 3242 1416 ipsum
3270 1333 3557 1418 blasphe-

625 1428 909 1490 mantes:
959 1447 1044 1489 an
1087 1424 1229 1489 ideo
1277 1422 1344 1487 in
1390 1420 1741 1485 fraternam
1773 1421 2282 1485 communionem
2326 1424 2366 1485 a
2396 1420 2999 1486 Remonstrantibus
3024 1421 3557 1487 admitterentur?

626 1512 690 1579 5.
735 1510 1119 1578 Instantiam
1165 1512 1390 1576 damus
1429 1510 1510 1574 ad
1555 1509 1914 1574 hominem:
1964 1508 2007 1573 J
2010 1509 2195 1573 udaei
2226 1513 2665 1594 protestantur
2712 1532 2779 1575 se
2818 1532 3017 1573 unum
3043 1509 3254 1574 Deum
3278 1511 3559 1597 diligere,

626 1624 755 1666 non
799 1606 1014 1667 tamen
1059 1622 1204 1665 eum
1251 1600 1607 1685 agnosctmt
1646 1619 1719 1663 ac
1741 1597 2022 1682 diligunt
2044 1602 2352 1682 tanquam
2376 1602 2629 1683 patrem
2654 1598 2894 1663 domini
2918 1598 3118 1663 nostri
3142 1598 3187 1663 J
3188 1621 3300 1664 esu
3328 1598 3557 1665 Christi

627 1690 824 1775 (quod
851 1690 1277 1755 necessarium
1301 1710 1438 1752 8888
1469 1708 1596 1751 11011
1618 1686 2067 1751 diffitebantur
2098 1685 2651 1771 Remonstrantes)
2677 1686 2782 1751 An
2807 1685 2937 1751 illis
2963 1687 3311 1752 anathema
3334 1688 3559 1765 dicent,

627 1778 674 1844 8⁶
721 1779 978 1862 quidem
1027 1778 1146 1843 hoc
1197 1776 1352 1849 solo,
1387 1775 1538 1859 quia
1561 1796 1688 1839 non
1713 1775 1996 1860 diligunt
2020 1798 2165 1840 eum
2197 1780 2270 1839 ut
2292 1780 2543 1859 patrem
2568 1775 2832 1841 Christi.
2883 1776 2986 1840 An
3011 1797 3159 1840 vero
3190 1776 3260 1840 in
3284 1798 3558 1841 commu-

628 1867 886 1932 nionem
917 1889 1100 1931 suam
1125 1887 1230 1931 eos
1262 1864 1618 1948 recipient?
1673 1863 1840 1940 Quid
1880 1885 2033 1949 ergo
2055 1865 2529 1949 respondebunt
2560 1865 2643 1928 ad
2673 1865 2811 1929 loca
2834 1863 2959 1928 ista
2982 1864 3251 1931 Roman.
3284 1866 3392 1929 10.
3418 1867 3476 1929 2.
3506 1866 3557 1928 1.

639 1956 914 2022 Thessal.
961 1958 1022 2021 2.
1077 1956 1176 2019 15.
1231 1954 1335 2021 16.
1363 1952 1640 2019 Johann.
1672 1954 1774 2016 13.
1810 1952 1915 2016 22.
1964 1950 2099 2036 Ipsi
2122 1952 2447 2017 Sociniani
2480 1953 2649 2037 apud
2680 1952 3025 2019 Smalcium
3050 1954 3121 2017 in
3144 1954 3355 2038 Refut.
3404 1954 3558 2021 Smi-

625 2046 802 2131 9lecii
845 2045 921 2111 de
965 2064 1164 2110 error.
1212 2043 1512 2108 Arianor.
1562 2040 1663 2106 lib.
1719 2043 1775 2105 1.
1823 2061 1959 2126 cap.
2011 2042 2071 2104 2.
2120 2040 2407 2106 fatentur
2452 2041 2637 2106 illum
2684 2064 2821 2107 esse
2844 2042 3241 2107 haereticum
3264 2043 3381 2127 qui
3412 2042 3559 2108 talia

630 2133 913 2199 defendit
967 2156 1130 2220 quae
1177 2153 1305 2196 non
1352 2129 1734 2214 permittunt
1766 2129 1946 2216 [pag.
1998 2130 2161 2215 498]
2186 2131 2438 2195 credere
2465 2132 2633 2214 quod
2659 2128 2702 2195 J
2704 2152 2848 2195 esus
2873 2130 2959 2195 sit
2984 2130 3300 2210 Christus,
3326 2134 3379 2200 ἃ
3402 2131 3560 2216 quod

627 2222 803 2289 Deus
848 2222 1035 2286 illum
1083 2219 1384 2286 excitavit
1428 2242 1506 2283 ex
1537 2218 1826 2283 mortuis.
1877 2217 2108 2282 Confer
2132 2218 2325 2283 etiam
2368 2217 2597 2285 Vedelii
2624 2221 2837 2286 Deum
2866 2240 3238 2306 synaqoqae.
3280 2219 3404 2286 IV.
3434 2220 3558 2305 obj.

630 2309 794 2376 Sunt
838 2311 952 2396 pii,
985 2312 1182 2375 immo
1230 2306 1523 2394 piissimi,
1551 2308 1596 2373 &
1620 2306 2030 2371 conformiter
2061 2329 2213 2372 suae
2238 2306 2619 2390 professioni
2642 2308 2746 2393 pie
2779 2308 3024 2373 vivunt.
3076 2308 3259 2393 Resp.
3283 2307 3339 2373 I.
3372 2310 3559 2395 Nequ-

630 2420 778 2467 mus
823 2421 929 2466 eos
975 2399 1079 2484 pie
1127 2398 1357 2464 vivere.
1409 2395 1533 2474 Qui
1591 2417 1736 2461 vero
1781 2396 1921 2461 Deo
1953 2395 2259 2460 honorem
2291 2418 2475 2462 suum
2505 2396 2870 2477 detrahunt,
2895 2396 3014 2462 hoc
3034 2393 3157 2478 est,
3184 2398 3491 2464 deitatem
3520 2404 3557 2460 δι

635 2489 917 2555 divinam
940 2489 1366 2573 majestatem,
1392 2507 1658 2569 eamque
1683 2488 1903 2568 aperte
1928 2485 1973 2551 &
1998 2485 2233 2549 directe
2256 2490 2519 2570 negant,
2546 2489 2942 2572 oppugnant,
2971 2486 3448 2571 blasphemant,
3471 2487 3560 2552 illi

631 2577 827 2662 impie
873 2577 1116 2642 vivunt.
1165 2574 1290 2642 Sed
1337 2574 1656 2640 Sociniani
1703 2595 1854 2638 vero
1902 2575 1948 2640 St
2001 2577 2258 2637 aeterno
2303 2572 2441 2638 Deo
2486 2575 2639 2655 filio,
2666 2576 2801 2641 scil.
2826 2578 2875 2642 a
2905 2575 3161 2658 spiritui
3184 2598 3261 2652 8.,
3286 2577 3560 2642 divinam

632 2666 1032 2749 majestatem
1077 2663 1424 2730 detrahunt
1466 2662 1568 2728 818.
1615 2662 1810 2747 Ergo,
1863 2663 1923 2726 2.
1956 2662 2242 2726 Assertio
2274 2663 2433 2728 haec
2464 2664 2539 2728 de
2564 2663 3047 2728 Socinianorum
3070 2663 3315 2748 pietate
3340 2666 3561 2730 nititur

633 2753 877 2819 duabus
899 2754 1080 2818 falsis
1102 2751 1596 2838 hypothesibus3
1623 2772 1894 2834 quarum
1922 2751 2118 2816 Prior
2148 2755 2246 2814 est
2270 2750 2520 2815 civilem
2542 2752 2947 2817 honestatem
2970 2774 3109 2817 esse
3133 2752 3558 2818 Christianam

631 2843 959 2928 pietatem.
1007 2842 1188 2918 Quod
1214 2841 1354 2906 vide
1387 2839 1737 2904 refutatum
1786 2840 1867 2904 ab
1901 2840 2231 2904 autoribus
2254 2841 2573 2924 practiciS,
2615 2841 2725 2925 qui
2741 2862 2964 2905 verum
2993 2840 3557 2922 christianismum,

631 2931 893 3014 ejusque
916 2930 1386 2995 distinctionem
1412 2931 1451 2992 a
1471 2928 1622 2992 ficta
1647 2930 1693 2995 81
1716 2928 2111 3012 hypocritica
2134 2928 2426 3008 μορφώσει
2450 2929 2709 3012 pietatis
2734 2929 3118 2994 describunt.
3144 2929 3383 2996 Confer
3403 2933 3556 3017 disp.

632 3024 917 3084 nostram
947 3019 1024 3084 de
1052 3018 1458 3103 Simplicitate
1488 3017 1552 3082 ἃ·
1581 3018 1913 3104 hypocrisi.
1960 3017 2175 3082 Altera
2220 3021 2338 3096 est,
2394 3017 2741 3102 genuinam
2766 3017 3169 3102 spiritualem
3196 3018 3321 3084 Dei
3348 3020 3557 3106 cogni-

632 3107 874 3173 tionem
898 3108 1158 3192 ejusque
1183 3108 1512 3184 sinceram,
1539 3129 1612 3170 ac
1634 3109 2031 3174 constantem
2056 3105 2532 3190 professionem,
2558 3129 2684 3170 non
2711 3128 2847 3171 8888
2873 3111 3122 3190 partem
3138 3109 3555 3174 necessariam

634 3196 912 3281 pictatia,
939 3201 1052 3261 aut
1073 3218 1340 3280 praxeos
1372 3200 1485 3259 aut
1515 3193 1915 3259 obedientiae
1938 3193 2074 3259 Deo
2100 3194 2372 3272 debitae,
2398 3198 2511 3259 aut
2542 3217 2727 3260 verae
2753 3195 3100 3280 religionis
3150 3195 3360 3282 Atqui
3382 3219 3555 3284 prae·

631 3286 872 3458 iiffir
885 3285 1028 3458 132?
1055 3283 2037 3438 ἓέᾜέεῗῗὲἓέἕὲἒέἷὲῖῗὲἓᾙ
2075 3283 3555 3458 118ΞὲῙέἕῖᾈῖἒῧὲᾱῖῗῗὶὲῑῖἶὲᾎῖᾚεέῗὲἑ

635 3463 989 3546 explicant:
1024 3461 1316 3545 quamvis
1340 3465 1562 3545 postea
1587 3460 1653 3524 in
1677 3461 1967 3525 catechesi
1989 3482 2105 3524 sua
2128 3473 2362 3545 quaest.
2414 3460 2517 3525 58.
2567 3461 2919 3527 omiserint.
2948 3463 3009 3526 3.
3056 3459 3235 3526 Idem
3263 3465 3340 3528 de
3364 3399 3555 3528 lentulo

635 3555 1055 3635 persequente
1079 3549 1406 3614 Christum
1429 3549 1476 3615 8⁶
1501 3555 1766 3633 cogente
1792 3548 2079 3613 homines
2111 3549 2192 3612 ad
2216 3551 2350 3633 ejus
2379 3549 2840 3632 blasphemiam
2863 3570 2993 3613 non
3018 3551 3228 3615 minus
3253 3550 3553 3616 affirmari

637 3639 894 3704 deberet
922 3639 1202 3724 Philipp.
1227 3641 1287 3702 3.
1307 3639 1367 3701 9.
1389 3639 1447 3703 6.
1470 3637 1572 3701 An
1598 3659 1744 3702 eum
1768 3638 2098 3721 negabunt
2123 3659 2364 3702 errasse
2389 3637 3000 3703 fundamentaliter?
3025 3661 3105 3702 an
3131 3639 3356 3722 lupum
3382 3641 3551 3704 illum

639 3727 708 3791 in
732 3727 1238 3792 communionem
1264 3725 1478 3791 ovium
1503 3725 1745 3791 Christi
1768 3726 2197 3809 recipiendum
2225 3727 2480 3791 dicent?
2508 3725 2669 3792 Vide
2700 3729 2755 3790 1.
2794 3727 3061 3793 Timoth.
3092 3729 3145 3791 1.
3180 3729 3280 3792 13.
3313 3730 3414 3793 15.
3440 3731 3551 3796 Ac·

637 3827 754 3882 tor.
801 3817 909 3882 25.
957 3817 1016 3880 9.
1062 3818 1157 3880 10.
1191 3816 1263 3879 ll
1327 3815 1389 3880 4.
1422 3813 1520 3880 Ι)8
1566 3813 1888 3879 nonnullis
1938 3813 2425 3879 Muhamedistis
2472 3816 2518 3881 &
2570 3814 2612 3879 J
2617 3815 2833 3880 udaeis
2864 3837 2991 3880 non
3024 3815 3255 3880 minori
3270 3817 3419 3901 jure
3440 3815 3555 3882 dici

635 3909 852 3989 posset
875 3927 1068 3988 quam
1093 3906 1168 3969 de
1193 3902 1567 3969 Socinianis.
1614 3901 1799 3980 Quod
1831 3903 1934 3986 pie
1980 3902 2027 3966 a
2061 3905 2319 3968 honeste
2354 3904 2589 3968 vivant.
2645 3903 2843 3988 Atqui
2868 3925 3013 3969 cum
3038 3904 3170 3968 illis
3196 3904 3553 3970 fraternita-

633 4001 768 4058 tem
804 4015 930 4058 non
975 3994 1192 4058 colunt
1237 3991 1778 4056 Remonstrantes.
1832 3995 1891 4054 5.
1942 3991 2036 4056 De
2084 3991 2329 4057 Davide
2356 3991 2637 4077 Georgii,
2662 3994 2926 4078 ejusque
2950 3993 3373 4058 sectatoribus
3396 3994 3551 4059 idem

638 4082 763 4147 dici
791 4085 1024 4166 posset.
1073 4079 1237 4146 Vide
1285 4081 1612 4146 historiam
1661 4082 1795 4165 eius
1835 4083 1875 4144 a
1906 4079 2366 4145 Basiliensibus
2392 4081 2487 4146 ed.
2514 4085 2665 4146 tom.
2695 4084 2755 4145 6.
2782 4080 3073 4166 Denique
3104 4082 3311 4148 multo
3342 4081 3553 4168 majori

629 4171 774 4255 jure
820 4169 944 4234 dici
989 4173 1203 4253 posset
1249 4169 1496 4254 aliquos
1521 4191 1598 4233 ex
1623 4168 1969 4253 Papalibus
1994 4168 2347 4253 Episcopis,
2372 4168 2737 4256 TheologiS,
2763 4169 3111 4242 monachis.
3136 4169 3427 4252 Jesuitis,
3450 4169 3549 4236 In·

637 4258 1053 4342 quisitoribus
1101 4257 1338 4322 furiose
1384 4257 1760 4342 religionem
1790 4262 2075 4322 nostram
2106 4260 2153 4324 a
2185 4258 2516 4323 ecclesiam
2542 4261 3068 4342 persequentibus
3100 4259 3205 4344 pie
3230 4260 3439 4326 vivere
3462 4281 3549 4324 se·

637 4347 908 4412 cundum
959 4346 1435 4430 professionem,
1483 4368 1759 4424 sensum,
1801 4349 1846 4412 81
1870 4347 2319 4411 conscientiam
2352 4369 2553 4412 suam.
2588 4345 2725 4412 Nec
2748 4349 3001 4412 obstare
3026 4348 3235 4413 zelum
3264 4370 3548 4433 persecu-

635 4435 849 4512 tionis,
898 4457 1043 4500 cum
1073 4435 1419 4500 secundum
1443 4439 1758 4500 errantem
1785 4457 1967 4500 suam
1991 4435 2441 4500 conscientiam
2475 4458 2620 4502 eum
2643 4459 2769 4502 non
2800 4437 3131 4501 minimam
3154 4459 3343 4504 verae
3364 4438 3550 4524 pieta·

3400 4525 3549 4594 tis&
