3694 4871
578 274 707 337 336
1243 266 1802 334 D1sp.X1.Dn
1850 268 2312 333 SAssArno
2360 289 2453 332 nr
2503 266 2853 332 Fnsr1S.

582 458 816 541 populo
831 458 1062 541 jugum
1085 455 1456 539 imponitur,
1490 454 1658 537 quod
1681 452 1857 518 Deus
1890 475 2017 518 non
2040 452 2368 537 imposuit.
2402 452 2616 521 Moliti
2640 459 2792 522 sunt
2814 452 3105 517 nonnulli
3125 450 3369 519 Romae
3394 454 3522 519 hoc

583 545 826 610 imitari
850 546 969 609 sub
995 543 1306 628 Gregorio
1331 542 1570 627 Magno
1590 565 1605 618 ς
1640 542 1738 606 uti
1761 545 2011 607 constat
2034 564 2111 606 ex
2129 543 2264 627 ejus
2282 542 2569 626 epistolis
2586 546 2801 610 citatis
2820 546 2857 607 a
2876 541 3153 609 Barom‘o
3166 543 3251 607 ad
3260 563 3523 610 annum

584 636 734 698 603.
782 636 838 718 ξ.
879 634 978 697 17.
1029 632 1380 697 Consilium
1410 629 1835 695 Laodicenum
1862 630 2009 695 huic
2034 631 2473 714 superstitioni
2498 632 2820 698 Canonem
2852 653 3039 695 suum
3064 632 3169 694 29.
3194 653 3523 715 opposue-

583 727 724 787 rat:
751 722 862 785 sed
884 720 1097 785 nescio
1121 742 1315 804 quarn
1343 719 1686 803 prudenter
1709 742 1847 784 can.
1886 719 1984 783 16.
2009 719 2387 784 decreverit:
2421 722 2605 802 Quod
2627 731 2860 807 oportet
2884 722 2951 785 in
2970 718 3278 785 Sabbatha
3293 721 3522 785 Euan-

581 812 740 896 9elia
787 830 926 875 cum
975 810 1118 875 aliis
1147 809 1495 893 Scripturis
1540 807 1677 893 leqi.
1727 806 1939 884 Quare
1986 808 2196 893 magis
2242 808 2353 871 illo
2378 809 2478 873 die
2504 811 2745 894 publici
2768 812 3115 874 conventus
3140 810 3188 874 ἃ
3210 810 3521 873 exercitia

584 900 861 984 publica,
908 920 1102 982 quam
1135 897 1261 961 alio
1294 895 1565 981 quovis?
1614 894 1784 960 Nam
1816 896 1967 959 talis
1988 896 2329 972 παρασκευὴ
2354 897 2621 963 incurrit
2645 896 3013 982 inspeciem
3034 896 3519 981 symbolizatio-

583 989 684 1052 nis
708 1010 852 1052 cum
879 985 1208 1052 Sabbatho
1232 984 1532 1049 ‚Iudaicot
1560 986 1937 1068 praesertim
1962 1008 2101 1051 cum
2124 984 2369 1068 jejunia
2390 987 2916 1069 prohiberentur;
2942 986 3112 1069 quod
3140 984 3295 1050 festi
3318 988 3362 1052 ἃ
3386 986 3515 1051 diei

586 1070 736 1141 boni
781 1076 1009 1159 praxin
1057 1074 1247 1159 sapit.
1294 1073 1537 1138 Saltem
1571 1072 1720 1137 hinc
1767 1073 2074 1151 videmus,
2109 1094 2233 1156 quo
2280 1095 2576 1155 perverso
2617 1076 2771 1155 zelo,
2804 1076 3001 1139 immo
3025 1094 3151 1157 quo
3176 1074 3319 1139 dolo
3343 1075 3517 1138 malo

583 1164 858 1229 infarcta
899 1164 1028 1227 sint
1057 1162 1217 1227 haec
1239 1161 1646 1227 judaizantia
1670 1161 1985 1245 Epistola&
2028 1162 2266 1247 Iynatii
2298 1163 2384 1227 ad
2410 1164 2866 1249 Maqnesianos.
2916 1162 3006 1227 Et
3036 1168 3349 1246 quantum
3382 1162 3517 1248 epi-

591 1252 772 1317 stolis
817 1252 948 1316 illis
992 1256 1128 1316 tam
1174 1250 1486 1335 corruptis
1531 1250 1943 1315 tribuendum
1968 1255 2083 1315 sit:
2134 1250 2449 1333 imprimis
2485 1252 3086 1328 Pseudo-Clementi,
3120 1252 3235 1335 qui
3269 1252 3515 1316 exserte

585 1340 902 1406 Sabbathi
947 1340 1362 1405 festivitatem
1411 1338 1807 1422 praescribit,
1857 1339 1962 1405 lib.
2016 1340 2071 1402 7.
2099 1339 2409 1412 constitut.
2437 1341 2764 1425 Apostolic.
2795 1362 2975 1425 capp.
3002 1340 3110 1402 24.
3135 1342 3248 1405 33.
3276 1341 3381 1404 36.
3410 1340 3513 1405 37.

585 1429 751 1495 Vide
782 1431 858 1493 de
881 1428 1002 1493 hoc
1026 1429 1440 1493 disserentem
1475 1428 1798 1493 Usserium
1829 1427 1901 1491 in
1926 1428 2278 1513 Proleyom.
2306 1428 2393 1493 ad
2425 1430 2659 1514 [qnatii
2686 1432 2998 1515 Epistola-3
3027 1449 3163 1513 cap.
3206 1429 3311 1493 11.
3336 1430 3383 1495 ἃ.
3416 1430 3513 1491 13.

583 1519 673 1583 Et
737 1517 1051 1585 Vedetium
1097 1519 1164 1581 in
1207 1517 1472 1582 Emeruit.
1503 1516 1588 1582 ad
1611 1517 1786 1600 epist.
1823 1517 2075 1601 lynatii.
2130 1514 2307 1579 VIII.
2359 1515 2463 1581 An
2486 1518 2811 1583 Pontificii
2832 1517 2913 1582 ab
2938 1518 3110 1582 omni
3132 1517 3516 1601 symboliza-

585 1607 764 1671 tione
810 1628 953 1671 cum
977 1605 1017 1669 J
1023 1606 1307 1670 udaismo
1333 1606 1646 1669 immunes
1672 1603 1844 1668 sint?
1894 1606 2077 1689 Resp.
2128 1605 2274 1687 Ncq.
2326 1603 2413 1670 Ut
2438 1606 2698 1670 enimin
2728 1606 2873 1671 aliis
2896 1605 3119 1670 multis
3146 1606 3259 1691 (de
3284 1606 3513 1689 quibus

587 1695 738 1762 atitn·
781 1702 825 1756 δι
869 1695 1003 1760 sui-3
1050 1695 1226 1781 locis)
1277 1694 1367 1757 sic
1407 1695 1454 1759 ἃ
1497 1692 1606 1757 hic
1651 1693 2113 1775 quodammodo
2152 1692 2492 1758 Judaizant
2516 1695 2583 1758 in
2609 1695 2973 1759 extensione
3005 1693 3367 1758 feriationis
3392 1694 3515 1759 diei

587 1783 960 1849 Dominicae
1005 1785 1043 1845 a
1073 1785 1337 1865 vespera
1365 1782 1488 1845 diei
1517 1779 1778 1844 Saturni
1801 1804 2003 1865 usque
2029 1782 2108 1846 ad
2131 1804 2462 1864 vesperam
2488 1782 2613 1847 diei
2638 1782 3031 1862 Dominicae‚
3056 1784 3241 1866 juxta
3264 1783 3514 1847 decreta

581 1873 744 1957 juris
791 1870 1111 1949 Canonici,
1158 1870 1234 1935 de
1277 1881 1607 1935 consecrat.
1658 1870 1797 1934 dist.
1850 1871 1911 1935 3.
1942 1892 1990 1934 c.
2026 1870 2208 1956 [pag.
2242 1870 2445 1957 1276]
2474 1873 3049 1955 pronuntiandum,
3077 1872 3123 1935 &
3153 1871 3303 1935 dist.
3334 1871 3437 1935 75.
3464 1892 3515 1937 c.

593 1961 777 2043 Quod
820 1961 860 2024 ἁ
911 1958 1230 2025 Patribus,
1277 1959 1363 2023 Et
1409 1960 1746 2042 Extravay.
1789 1959 1867 2025 de
1888 1960 2087 2023 Feriis
2110 1980 2159 2023 c.
2193 1960 2247 2023 1.
2276 1960 2321 2024 &
2347 1960 2452 2022 20.
2502 1959 2842 2025 Praeterea
2864 1960 2933 2024 in
2958 1959 3221 2044 Vigiliis
3246 1958 3383 2023 suis
3406 1982 3517 2024 seu

589 2049 899 2113 festorum
929 2048 1346 2123 παρασκεύαις,
1375 2067 1536 2128 quae
1563 2049 1600 2109 a
1621 2050 1888 2129 vespera
1912 2048 2326 2130 praecedente
2349 2047 2764 2113 inchoantur:
2800 2048 2877 2112 de
2900 2047 3132 2131 quibus
3154 2046 3350 2111 infra.
3398 2048 3517 2111 Pa·

590 2139 746 2202 riter
775 2137 842 2201 in
881 2134 1322 2201 observatione
1344 2134 1642 2200 Sabbathi
1665 2136 1884 2220 (quem
1906 2135 2000 2198 ita
2024 2135 2377 2219 appellant)
2403 2140 2677 2219 quatuor
2699 2142 3091 2221 temporum:
3118 2136 3194 2200 de
3220 2156 3350 2219 quo
3378 2136 3516 2203 Du-

589 2237 801 2291 rantes
849 2224 952 2289 lib.
1005 2223 1066 2287 6.
1093 2223 1394 2289 Rational.
1423 2223 1692 2289 divinor.
1719 2224 1883 2311 offic.
1910 2224 1998 2288 tit.
2032 2224 2107 2288 de
2138 2224 2464 2289 Sabbatha
2512 2224 2781 2309 Insuper
2803 2226 2871 2289 in
2894 2224 3341 2289 observatione
3362 2224 3519 2291 Sat>-

591 2314 763 2380 bachi
805 2311 1004 2379 sancti
1049 2311 1166 2399 (sic
1213 2310 1568 2395 appellant)
1620 2311 1935 2377 Paschae.-
1983 2311 2058 2376 de
2107 2334 2234 2395 quo
2260 2312 2429 2376 idem
2452 2314 2556 2379 tib.
2580 2314 2700 2393 cit„
2726 2314 2771 2378 ἃ
2801 2312 3155 2394 christoph.
3182 2314 3518 2381 Marcellus

591 2398 893 2487 Archiep.
919 2400 1322 2485 Corcyrensis
1343 2400 1412 2464 in
1441 2401 1853 2466 Ceremoniali
1875 2402 2159 2468 Romano
2183 2400 2284 2466 lib.
2314 2402 2374 2465 2.
2400 2423 2449 2467 c.
2478 2402 2581 2466 57.
2606 2422 2753 2488 paq.
2782 2402 2931 2466 229.
2959 2404 3105 2466 233.
3155 2399 3327 2477 Quid
3350 2402 3519 2468 mul-

588 2494 674 2558 tis
707 2493 864 2557 haec
887 2489 1232 2574 specimina
1262 2489 1582 2572 conquiro¹
1609 2511 1751 2554 cum
1774 2489 2183 2554 Innocentius
2206 2488 2324 2554 III.
2350 2491 2697 2556 decreverit
2722 2491 3057 2556 vivendum
3081 2512 3219 2555 esse
3240 2489 3311 2554 in
3334 2490 3520 2558 Novo

591 2581 1003 2646 Testamento
1027 2577 1370 2642 secundum
1401 2578 1608 2663 legem
1638 2576 1683 2643 J
1685 2579 1997 2658 udaicam‚
2022 2581 2213 2662 prout
2235 2578 2350 2642 illa
2372 2579 2439 2642 in
2462 2579 2947 2645 Deuteronomio
2970 2579 3386 2664 proponitur:
3422 2603 3517 2644 ar-

591 2673 896 2756 gumento
942 2667 1077 2732 scil.
1127 2667 1415 2731 desumto
1462 2689 1539 2730 ex
1584 2665 1994 2751 Etymologia
2039 2666 2209 2731 vocis
2246 2667 2739 2734 Deuteronomii.
2789 2667 3052 2732 Frustra
3080 2669 3519 2735 Bellarminuc

594 2758 978 2842 Aethiopem
1010 2756 1180 2820 hunc
1211 2755 1424 2820 lavare
1454 2754 1768 2819 annititur
1790 2755 1895 2820 tib.
1921 2754 1981 2818 4.
2010 2755 2085 2820 de
2118 2755 2352 2840 Pontis.
2386 2777 2521 2839 cap.
2552 2758 2651 2820 14.
2700 2755 3085 2841 Inspiciatur
3109 2756 3297 2822 modo
3323 2758 3517 2837 locu5‚

593 2847 640 2911 8z
663 2847 834 2910 mala
855 2845 1014 2909 fides
1037 2866 1110 2908 ac
1132 2843 1406 2908 detorsio
1431 2843 1806 2908 Bellarmini
1830 2843 2182 2928 apparebit.
2232 2841 2357 2908 Sed
2380 2844 2483 2908 his
2507 2845 2757 2910 omissis
2788 2845 2964 2910 omni
2986 2845 3363 2930 exceptione
3386 2869 3519 2912 ma·

585 2937 689 3020 jor
713 2937 809 2999 est
839 2933 1148 2998 convictio
1173 2955 1250 2996 ex
1274 2935 1581 3015 perpetua
1605 2932 2045 2996 observatione
2068 2930 2381 2996 Sabbathi
2406 2932 2884 2998 hebdomadalis
2909 2933 2989 3000 B.
3010 2932 3279 3000 Mariae.
3330 2933 3515 3000 Diem

593 3020 909 3088 Sabbathi
954 3021 1188 3084 dicavit
1217 3019 1294 3084 B.
1329 3019 1586 3105 Virgini
1613 3021 1951 3105 Grcyorius
1992 3019 2124 3085 VII.
2156 3022 2229 3085 in
2255 3022 2479 3086 Concil.
2511 3023 2791 3088 Romano
2813 3042 2987 3088 anno
3017 3022 3210 3086 1074.
3236 3022 3286 3088 ἃ
3320 3023 3515 3089 Urba-

593 3131 718 3177 nus
764 3110 846 3176 ΙΙ.
895 3110 965 3174 in
1007 3109 1232 3174 Concil.
1273 3109 1787 3175 Clarae-montano
1810 3129 1985 3174 anno
2014 3109 2203 3172 1096.
2253 3108 2423 3173 Hinc
2445 3108 2632 3174 hodie
2656 3110 2939 3176 officium
2963 3113 3009 3176 &
3030 3109 3231 3174 missa
3254 3111 3325 3174 in
3358 3110 3513 3177 Sab-

594 3199 793 3264 batho
837 3196 916 3263 B.
965 3195 1251 3282 Virginis
1297 3201 1446 3261 sunt
1490 3197 1913 3282 praeceptiva,
1961 3219 2071 3261 seu
2120 3197 2184 3261 in
2232 3196 2600 3282 Praecept0‚
2646 3221 2775 3263 non
2797 3199 3032 3279 votiva,
3057 3198 3180 3263 hoc
3202 3203 3324 3278 est,
3350 3202 3516 3265 mere

595 3286 976 3364 voluntaria,
1004 3307 1166 3368 quae
1189 3286 1270 3350 ad
1293 3284 1550 3350 libitum
1571 3286 1734 3350 fiunt
1755 3286 1891 3350 sine
1914 3290 2205 3369 peccato:
2232 3287 2329 3350 uti
2356 3286 2475 3351 hoc
2498 3286 2729 3370 probat
2755 3289 3079 3354 Gavantus
3098 3287 3172 3353 in
3198 3289 3517 3355 Thesauro

595 3397 924 3444 sacrorum
970 3375 1217 3440 ‘rituum
1241 3385 1384 3439 tom.
1416 3376 1472 3437 1.
1503 3385 1670 3459 part.
1709 3375 1765 3437 1.
1795 3374 1886 3439 tit.
1912 3377 1970 3436 4.
1999 3376 2044 3441 Sc
2070 3387 2217 3440 tom.
2245 3375 2303 3436 2.
2337 3387 2473 3440 sect.
2502 3378 2561 3439 8.
2590 3396 2725 3460 cap.
2754 3377 2815 3438 6.
2865 3374 2935 3440 Si
2956 3375 3101 3460 quis
3132 3375 3303 3442 nolit
3332 3377 3516 3463 hujus

599 3465 913 3531 Sabbathi
959 3463 1262 3548 mysteria
1297 3485 1374 3526 ex
1419 3461 1796 3542 AnnalistiS‚
1844 3462 1994 3526 vitis
2026 3462 2426 3542 Pontificum,
2457 3463 2638 3528 Actis
2664 3463 3111 3544 Conciliorum,
3138 3462 3517 3530 Marialibus

599 3556 861 3639 operose
906 3552 1248 3636 inquirere,
1295 3551 1350 3614 is
1382 3552 1558 3636 legat
1589 3551 1854 3616 Librum
1884 3551 1960 3615 de
1984 3551 2418 3616 Sabbathismo
2452 3553 2525 3618 B.
2570 3553 2841 3637 Virqinis
2864 3551 3062 3616 latine
3092 3554 3519 3637 conscriptum

600 3644 680 3707 ab
707 3643 1056 3727 Auqustino
1097 3639 1460 3706 Wichmans
1483 3638 2097 3718 Praemonstratensi
2120 3640 2187 3703 in
2210 3638 2551 3725 Tongerlo,
2577 3646 2799 3724 postea
2822 3641 3058 3705 ibidem
3080 3640 3367 3720 Abbate,
3392 3643 3519 3706 viro

601 3754 714 3816 per
737 3732 1012 3795 alterum
1037 3729 1352 3812 quoddam
1375 3727 2067 3811 superstitiosissimum
2090 3729 2135 3792 ἃ
2160 3729 2674 3811 operosissimum
2706 3730 3011 3814 scriptum
3034 3730 3137 3794 tit.
3173 3730 3519 3796 Brabantia

603 3821 900 3886 Mariana
944 3818 1013 3882 in
1044 3816 1256 3901 Belgii
1279 3817 1570 3900 partibus
1596 3815 1752 3880 satis
1783 3815 2038 3881 celebri.
2088 3815 2411 3900 Scriptum
2434 3817 2593 3880 illud
2620 3817 2695 3882 de
2727 3817 3056 3882 Sabbatho
3080 3815 3332 3883 Mariae
3357 3819 3518 3884 Ant-

601 3908 876 3992 werpiae
901 3907 966 3969 in
993 3906 1052 3968 8.
1081 3927 1379 3969 excusum
1405 3904 1571 3988 apud
1600 3903 1745 3969 Gul.
1773 3905 1849 3968 de
1876 3902 2157 3989 Tungris
2189 3927 2354 3969 anno
2384 3905 2574 3970 1628.
2622 3903 2801 3970 Idem
2824 3906 2892 3969 in
2924 3905 3263 3991 Belgicam
3284 3907 3517 3972 idioma

599 3996 986 4061 translatum
1031 3992 1204 4057 dedit
1257 3994 1470 4058 Matth.
1523 3993 1899 4059 Guilielmus
1947 3993 2337 4058 Drtoenensis
2382 3995 2453 4058 in
2496 3995 2708 4060 eodem
2754 3996 3131 4060 monasterio
3175 3995 3517 4080 retiqiosus.

601 4084 896 4150 Exhibeo
939 4080 1045 4144 hic
1092 4080 1359 4160 Lectori,
1407 4080 1518 4164 qui
1561 4080 1726 4145 forte
1773 4081 2043 4145 istarum
2090 4104 2296 4145 rerum
2325 4083 2630 4160 curiosus,
2664 4084 2988 4166 exemplar
3017 4083 3169 4146 libri
3190 4105 3321 4149 non
3348 4084 3519 4160 vidit,

602 4171 907 4258 pauculas
937 4168 1055 4232 has
1101 4189 1408 4252 gemmas,
1457 4168 1557 4233 Ex
1579 4168 1854 4252 Epistol.
1886 4169 2099 4253 Frycii
2124 4169 2394 4234 Puteani
2420 4169 2743 4257 Philologi
2768 4173 2813 4237 s
2837 4171 3143 4235 Historici
3170 4169 3517 4237 Lovanien·

608 4262 728 4327 sis:
773 4257 908 4324 Tibi
939 4257 1231 4341 primum
1255 4257 1326 4322 in
1349 4269 1616 4322 mentem
1641 4259 1803 4322 venit
1825 4257 2321 4324 sabbathismum
2352 4260 2719 4324 Marianum
2742 4259 3058 4324 celebrare.
3090 4257 3203 4324 &a
3252 4260 3521 4326 Exulem

607 4351 803 4437 iqitur
844 4346 1127 4411 Deorum
1163 4345 1468 4423 numium
1505 4346 1576 4410 in
1598 4347 1974 4412 laterculum
2008 4346 2254 4412 dierum
2280 4347 2520 4413 Mariae
2540 4359 2777 4434 recepta
2798 4359 2916 4414 est.-
2938 4349 3117 4433 cujus
3140 4349 3521 4414 sanctissimi

3366 4439 3521 4505 ritus
