3694 4871
616 303 744 369 284
1391 307 2774 376 D1se.X.DzRaezunRA‘1-10un.

615 493 708 556 tio
734 493 1041 571 omnium,
1089 499 1396 576 quantum
1425 497 1503 558 ad
1529 497 1913 560 essentialia.
1940 499 2001 560 3.
2032 498 2218 580 Quod
2240 497 2679 574 instantanea3
2704 522 2817 564 seu
2842 499 3010 582 quod
3037 499 3152 561 fiat
3174 498 3235 561 iu
3259 497 3527 562 instanti.

617 581 796 656 Quod
847 587 1062 644 autem
1099 584 1450 648 successiva
1497 589 1535 648 a
1583 585 1907 650 nonnullis
1938 587 2171 649 dicitur
2202 587 2265 650 id
2288 587 2365 650 de
2388 591 2525 650 toto
2548 589 2877 671 complexo
2893 611 3005 651 seu
3032 587 3391 651 collectione
3412 591 3529 649 ter·

614 669 771 733 mini
797 669 862 732 in
889 671 1094 753 primo
1127 674 1172 736 81
1198 673 1468 736 secundo
1495 678 1815 738 momento
1839 675 2329 756 intelligendum
2353 681 2483 738 est:
2532 699 2648 740 nos
2672 681 2887 740 autem
2912 676 3165 760 agimus
3194 675 3297 738 hie.
3318 676 3393 738 de
3416 679 3526 738 ter·

615 758 788 821 mino
843 761 1346 842 regenerationis
1399 761 1464 824 in
1513 763 1719 845 primo
1767 769 2109 826 momente.
2159 765 2219 827 4.
2273 765 2458 846 Quod
2502 764 2587 827 sit
2636 765 2917 848 perfecta
2964 765 3088 848 (uti
3111 765 3303 828 etiam
3324 785 3524 826 omnes

614 847 894 910 actiones
941 847 1091 923 Dei)
1135 850 1479 913 secundum
1519 851 1725 915 ideam
1757 853 1804 916 81
1841 852 2263 916 intentionem
2290 853 2605 916 divinam:
2632 855 2953 936 quomodo
2978 853 3257 936 perfecta
3280 857 3417 916 erat
3438 875 3521 916 re-

614 958 754 998 rum
779 935 1065 999 omnium
1089 937 1296 1019 prima
1319 940 1573 1002 creatio.
1621 940 1780 1004 Dico
1805 945 2017 1004 autem
2052 941 2399 1023 perfectam
2432 963 2589 1009 esse.
2615 965 2740 1005 non
2764 947 3019 1006 tanturn
3051 941 3115 1004 in
3140 964 3205 1006 se
3228 943 3271 1006 &
3298 941 3523 1004 ratione

613 1024 736 1088 Dei
785 1025 1144 1106 operantis:
1201 1025 1326 1108 (cui
1376 1028 1590 1090 nullus
1629 1029 1913 1092 defectus
1960 1030 2239 1093 accidere
2288 1031 2525 1112 potest)
2572 1031 2681 1094 sed
2712 1032 2909 1094 etiam
2936 1031 3185 1094 ratione
3208 1028 3459 1093 termini
3484 1031 3521 1093 ἃ

615 1113 877 1175 effectus
923 1113 1155 1176 intenti
1211 1137 1284 1177 ac
1321 1117 1707 1198 operationis
1733 1117 1830 1180 illi
1864 1118 2397 1200 proportionatae.
2454 1121 2515 1182 5.
2566 1120 2751 1202 Quod
2772 1119 2857 1183 sit
2890 1119 3411 1202 supernaturalis,
3440 1123 3521 1181 to-

615 1206 748 1263 tam
771 1206 1066 1264 naturam
1091 1203 1351 1285 ejusque
1377 1225 1569 1286 opera
1593 1208 1638 1271 &
1663 1207 1945 1269 ordinem
1972 1207 2037 1268 in
2064 1207 2381 1270 creatione
2406 1208 2825 1271 constitutum
2848 1208 3299 1272 transcendens
3328 1205 3520 1272 Mat-lh.

621 1289 720 1350 16.
761 1291 858 1352 17.
909 1290 1139 1354 Jolmn.
1201 1293 1256 1355 1.
1291 1293 1352 1354 9.
1409 1294 1506 1356 10.
1543 1296 1642 1357 12.
1679 1295 1773 1357 13.
1810 1296 1873 1358 6.
1926 1296 2131 1376 Quod.
2178 1301 2636 1378 consequenter
2666 1297 2753 1360 sit
2776 1297 2975 1360 solius
3000 1296 3158 1372 Dei;
3184 1319 3307 1359 non
3332 1297 3519 1358 minus

613 1399 804 1460 quam
853 1379 1114 1456 creatio,
1141 1387 1178 1441 81
1213 1382 1634 1460 resuscitatio,
1669 1384 1931 1448 Roman.
1968 1387 2029 1448 4.
2061 1385 2159 1446 17.
2190 1384 2251 1447 7.
2280 1386 2465 1466 Quod
2488 1386 2707 1448 modus
2738 1387 3045 1468 operandi
3070 1407 3181 1448 seu
3204 1384 3521 1448 causalitas

613 1466 732 1530 Dei
759 1469 1194 1550 regenerantis
1219 1469 1304 1531 sit
1329 1469 1612 1552 physica,
1669 1495 1780 1553 per
1803 1494 1995 1554 quam
2028 1473 2263 1536 directe
2298 1477 2583 1536 mutatur
2612 1495 2809 1537 unum
2844 1473 2907 1536 iu
2932 1474 3131 1550 aliud.
3156 1475 3203 1538 81
3226 1495 3389 1536 nova
3408 1495 3520 1535 cre-

613 1559 798 1617 atura
847 1557 1212 1637 producitur
1257 1563 1448 1638 atque
1473 1559 1915 1623 introducitur.
1944 1561 2002 1623 8.
2034 1562 2219 1641 Quod
2244 1562 2461 1624 eadem
2488 1567 2701 1625 tamen
2727 1563 2963 1626 dicitur
2988 1563 3265 1638 moraliS‚
3294 1583 3405 1625 seu
3428 1560 3519 1622 ob-

609 1642 841 1724 jectiva
887 1665 1012 1706 non
1047 1646 1110 1707 in
1135 1667 1202 1708 se
1229 1647 1272 1711 81
1297 1651 1588 1729 respectu
1611 1649 2111 1730 regenerationis
2138 1654 2207 1712 ut
2230 1651 2339 1723 sic,
2366 1649 2474 1712 sed
2500 1650 2743 1714 ratione
2768 1650 3053 1732 adjuncti
3086 1651 3185 1714 sui
3208 1650 3341 1714 sive
3366 1653 3519 1712 ante·

612 1731 890 1794 cedentis
938 1733 1072 1796 sive
1118 1735 1621 1805 concomitantis,
1671 1737 2019 1800 vocationis
2065 1736 2327 1802 scilicet.
2398 1739 2459 1800 9.
2512 1741 2697 1820 Quod
2750 1740 2837 1802 sit
2886 1739 3251 1802 infallibilis
3300 1739 3518 1801 ratione

613 1819 986 1884 intentionis
1033 1821 1152 1885 Dei
1187 1823 1232 1885 8z
1280 1829 1578 1896 eventusz
1626 1827 1670 1889 ἃ
1705 1825 2122 1889 irresistibilis
2160 1831 2352 1908 atque
2380 1827 2771 1892 invincibilis
2794 1827 3047 1891 ratione
3074 1829 3239 1891 modi
3260 1828 3309 1891 ἀ
3334 1825 3517 1890 effica-

611 1907 746 1970 ciae
771 1911 1088 1994 operandi.
1138 1911 1442 1984 Quamvis
1469 1913 1634 1976 enim
1681 1913 1871 1977 homo
1894 1937 2007 1996 pro
2032 1915 2253 1978 innata
2278 1917 2593 1997 pravitate
2616 1917 2779 1978 nihil
2808 1917 3013 1998 possit
3036 1939 3227 1998 quam
3250 1915 3518 1979 resistere

611 1996 679 2058 in
719 2019 902 2060 sensu
953 1998 1188 2062 diviso:
1239 2005 1384 2063 actu
1408 2006 1620 2065 tamen
1653 2025 1774 2065 non
1799 2002 2043 2066 resistit
2076 2025 2187 2066 nec
2212 2004 2405 2066 etiam
2432 2010 2641 2087 potest
2664 2005 2963 2068 resistere
2986 2004 3055 2067 in
3081 2027 3267 2068 sensu
3292 2023 3519 2086 compo-

609 2085 752 2162 sito,
801 2107 944 2149 cum
993 2086 1271 2170 Spiritus
1315 2087 1380 2151 S.
1432 2113 1812 2171 regenerans
1860 2092 2391 2155 resistibilitatem
2430 2094 2621 2170 tollit,
2658 2094 3081 2176 imprimendo
3112 2115 3347 2156 novum
3379 2093 3519 2154 vitae

611 2173 965 2256 spiritualis
1035 2177 1440 2260 principium.
1521 2180 1618 2240 10.
1689 2178 1959 2242 Nullum
2007 2202 2161 2264 ergo
2206 2180 2271 2242 in
2320 2181 2527 2264 primo
2576 2182 2695 2245 hoc
2748 2186 3075 2245 momento
3118 2181 3518 2246 voluntarium

611 2267 724 2326 aut
799 2263 1299 2328 involuntarium
1347 2267 1624 2330 hominis
1669 2268 1877 2330 locum
1924 2268 2154 2332 habet:
2203 2270 2355 2352 quia
2392 2271 2571 2334 nulla
2628 2271 2793 2333 actio
2848 2271 3137 2334 humana
3190 2269 3517 2337 intercedit.

610 2351 720 2414 sed
743 2356 841 2415 est
861 2353 1027 2415 actio
1053 2354 1248 2416 solius
1274 2354 1415 2437 Dei.
1441 2355 1542 2418 lta
1571 2361 1638 2418 ut
1665 2356 1955 2419 voluntas
1980 2379 2047 2420 se
2071 2357 2308 2421 habeat
2331 2359 2709 2422 neutraliter
2732 2362 2777 2425 8:
2804 2361 2977 2422 mere
3006 2359 3273 2443 passive,
3297 2359 3519 2422 ratione

609 2440 754 2503 novi
783 2442 1096 2525 principii,
1144 2444 1308 2506 nihil
1333 2444 1436 2508 hic
1463 2445 1679 2509 volens
1713 2451 1824 2508 aut
1845 2446 2087 2510 nolens.
2117 2447 2337 2511 Posset
2362 2454 2576 2511 tamen
2600 2450 2767 2531 quod
2790 2450 2869 2512 ad
2894 2448 3225 2513 hominem
3260 2450 3517 2512 volenta-

609 2528 704 2591 ria
751 2530 872 2593 dici
915 2533 1316 2614 regeneratio
1369 2556 1484 2616 per
1521 2534 1939 2597 extrinsecam
1986 2536 2563 2600 denominationem
2604 2538 2685 2601 ab
2710 2538 2945 2601 effectu
2968 2538 3397 2620 consequenti,
3426 2559 3517 2601 seu

611 2622 899 2699 respectu
945 2620 1222 2701 quodam
1269 2623 1644 2699 ext1·insec0‚
1699 2628 1961 2706 propter
2005 2626 2497 2707 subsequentem
2550 2630 2703 2710 (non
2728 2649 2879 2691 vero
2906 2627 3405 2701 antecedentem,
3427 2628 3516 2689 aut

609 2704 1090 2784 simultaneum)
1131 2709 1496 2786 voluntatis,
1545 2734 1919 2775 consensum
1967 2735 2077 2775 seu
2124 2736 2353 2778 novam
2385 2718 2429 2779 ἃ
2456 2714 2809 2797 regenitam
2844 2715 3237 2782 volitionem.
3263 2720 3387 2797 qua
3410 2714 3514 2778 exi·

607 2797 782 2857 tatus
829 2800 868 2858 a
905 2797 1116 2879 gratia
1148 2801 1420 2863 secunda
1471 2799 1540 2863 in
1563 2800 1836 2864 secundo
1868 2806 2187 2865 momento
2212 2803 2347 2886 ipse
2372 2804 2563 2866 homo
2594 2804 2759 2866 bona
2784 2803 3153 2886 spiritualia
3176 2802 3515 2887 110110011ὲί-

607 2903 793 2945 onem
841 2884 1056 2947 oblata
1107 2886 1266 2949 velle
1309 2888 1534 2970 incipit
1559 2889 1901 2953 secundum
1918 2912 2148 2953 novam
2171 2893 2565 2955 voluntatem
2588 2892 2891 2955 divinitus
2924 2893 3321 2976 impressam,
3348 2894 3393 2957 ἃ
3426 2913 3513 2955 se-

609 2971 882 3034 cuudum
933 2974 1099 3055 quod
1145 2972 1310 3057 Spir.
1359 2975 1426 3041 S.
1460 2976 1612 3039 fecit
1651 2977 1834 3040 illum
1860 3001 1937 3041 ex
1968 2979 2223 3041 nolente
2244 2980 2585 3056 volentem,
2610 2983 2655 3045 81
2680 2983 2983 3063 operatur
3006 2981 3073 3043 in
3100 2981 3241 3063 ipso
3262 2978 3333 3038 τὲ
3358 2980 3512 3053 velle,

610 3060 656 3123 81
703 3060 1025 3141 perficere.
1079 3064 1182 3127 11.
1231 3066 1522 3150 Denique
1565 3066 1732 3147 quod
1757 3066 1842 3129 sit
1874 3065 2174 3134 difficilis.
2201 3068 2254 3130 si
2282 3074 2579 3132 naturam
2602 3070 2647 3133 ἃ
2672 3090 2951 3147 carnem,
2976 3068 3187 3133 facilis
3212 3075 3439 3145 tamen,
3470 3068 3511 3130 si

607 3145 680 3204 ΤΞ·
703 3150 918 3221 κράτος
943 3160 1052 3219 Τὶς
1083 3153 1288 3229 ἰσχύες
1333 3154 1584 3216 divinae
1632 3154 1932 3237 respicias
1976 3156 2187 3219 Mauh.
2220 3157 2319 3219 19.
2348 3157 2453 3219 223.
2480 3158 2586 3219 24.
2612 3158 2717 3219 25.
2746 3158 2849 3219 26.
2876 3158 3023 3221 0011.
3050 3181 3195 3221 cum
3228 3159 3442 3243 ephes.
3468 3159 3509 3218 l.

613 3236 714 3298 19.
769 3238 1056 3305 Ρνουθνὸ.
1105 3242 1210 3304 21.
1241 3244 1300 3304 1.
1337 3244 1600 3307 Roman.
1634 3244 1734 3304 11.
1761 3244 1867 3305 23.
1914 3243 2083 3307 Hinc
2108 3245 2504 3327 omnipotens
2534 3246 2813 3309 facilitas
2838 3246 2885 3309 81
2908 3246 3121 3310 facilis
3144 3248 3509 3331 omnipoten-

609 3324 700 3387 tia
748 3324 884 3389 Deo
935 3330 1334 3413 regeneranti
1361 3330 1688 3393 tribuitur.
1736 3330 2161 3395 Conferantur
2182 3332 2349 3396 inter
2373 3334 2835 3418 Antagonistas
2856 3334 2901 3399 J
2905 3336 3262 3400 esuitarum
3284 3334 3510 3419 Pelagi-

607 3412 996 3478 anizautium
1043 3418 1298 3503 Sylvius
1345 3420 1409 3482 ἰη
1465 3432 1869 3483 continemur.
1914 3421 2002 3483 ad
2056 3421 2381 3499 ΤΙιοηιαηι,
2428 3422 2475 3486 s
2499 3422 2565 3485 in
2590 3425 2889 3506 opusculo
2911 3425 2991 3487 de
3014 3427 3197 3509 [pag.
3216 3424 3379 3510 450]
3410 3444 3510 3486 mo·

607 3502 771 3565 tione
809 3504 1010 3585 primi
1067 3508 1368 3581 neolor1'3‚·
1419 3508 1702 3572 Didacus
1747 3508 2013 3572 Mum-e:
2048 3510 2125 3573 de
2144 3512 2407 3574 ataxiliis
2428 3512 2667 3594 qratiae
2682 3535 2707 3586 ;
2740 3512 3051 3577 Mattheus
3072 3513 3153 3581 de
3178 3514 3437 3599 Rispolis
3454 3510 3511 3575 de

601 3592 1426 3671 praedeterminationibus‚·
1475 3598 1660 3659 Com.
1709 3596 2056 3661 Jansenius
2082 3600 2146 3661 in
2180 3600 2561 3683 Atayuslino.
2599 3600 2685 3663 Et
2710 3623 2787 3663 ex
2812 3602 3247 3686 antagonistis
3273 3600 3509 3667 110111011-

610 3679 974 3757 stranthnn,
1025 3684 1335 3761 Amesius,
1371 3684 1668 3756 rect-esus,
1703 3686 2133 3769 Rhetorsorlis.
2184 3686 2591 3751 Problemata
2614 3689 2689 3751 de
2714 3690 3035 3771 adjunctis
3052 3691 3192 3773 jam
3215 3687 3507 3755 recensitis

609 3770 778 3829 sunt.
809 3770 866 3830 1.
897 3770 1110 3837 Probe.
1139 3772 1240 3835 An
1265 3772 1458 3835 homo
1481 3772 1778 3836 animalis
1805 3774 2045 3838 1111111110
2070 3780 2358 3844 naturae.
2394 3780 2577 3860 (quas
2602 3778 2907 3859 reliquias
2939 3779 3247 3863 imaginis
3270 3778 3503 3848 divinae..

609 3853 842 3919 bonam
889 3857 1142 3935 idolem,
1183 3861 1460 3944 gratiam
1485 3882 1885 3925 communem
1910 3885 2021 3926 seu
2046 3864 2491 3942 universalem,
2514 3865 2787 3948 primam
2812 3867 2861 3930 ἀ
2884 3868 3397 3949 praevenientem
3416 3886 3505 3947 ap·

609 3942 880 4023 pellant)
901 3949 1036 4009 tam
1061 3953 1230 4012 recte
1255 3949 1350 4012 uti
1375 3950 1596 4031 possit.
1631 3954 1704 4012 ut
1731 3950 1897 4015 bono
1920 3952 2033 4014 illo
2058 3974 2175 4015 usu
2200 3954 2507 4035 majorem
2530 3954 2829 4037 gratiam,
2856 3956 2995 4019 scil.
3024 3958 3445 4036 euangelicam
3468 3952 3505 4016 ὲ

609 4028 952 4096 salutarem
976 4037 1272 4118 consequi
1299 4037 1530 4101 valeat.
1580 4039 1756 4123 Resp.
1783 4039 1875 4103 ita
1902 4039 2159 4123 quidem
2184 4042 2383 4105 velint
2419 4042 2735 4124 antiqui&
2758 4044 3149 4107 recentiores
3174 4040 3501 4129 Pelagiani:

609 4138 878 4199 quornm
902 4142 1178 4187 errorem
1205 4130 1520 4189 recoctum
1547 4126 1688 4190 vide
1713 4128 1883 4210 apud
1908 4128 2049 4193 Joh.
2076 4131 2339 4195 Arnohl.
2374 4132 2717 4195 Cor-riuum
2742 4143 2985 4196 tractae.
2998 4145 3221 4197 coriti-(1
3260 4136 3499 4199 menum

608 4224 744 4287 cap.
792 4206 854 4267 6.
901 4206 1038 4271 Nos
1070 4217 1285 4276 autem
1309 4234 1618 4297 negamus
1657 4238 1735 4278 ex
1783 4217 1997 4281 Manli.
2030 4218 2131 4281 11.
2159 4220 2265 4283 23.
2291 4218 2393 4282 Ρ3.
2428 4220 2571 4282 147.
2604 4220 2703 4282 19.
2731 4218 2837 4285 20.
2862 4223 3071 4285 Actor.
3102 4222 3207 4285 14.
3236 4222 3335 4287 16.
3358 4224 3397 4287 81
3420 4218 3499 4280 10·

611 4291 672 4352 6.
725 4292 784 4355 7.
835 4294 1056 4375 Ephes.
1105 4300 1166 4361 2.
1189 4302 1290 4363 12.
1325 4303 1427 4365 13.
1457 4324 1600 4365 cum
1635 4305 1750 4367 Tit.
1779 4308 1840 4367 3.
1876 4308 1937 4369 3.
1964 4304 2049 4369 ΙΙ.
2098 4306 2315 4373 Pmbl.
2350 4308 2451 4371 An
2476 4308 2877 4392 regeneratio
2902 4310 3019 4374 fiat
3044 4332 3163 4393 per
3182 4310 3497 4375 suasionem

609 4380 862 4443 tantum
909 4386 1214 4449 moralem
1239 4392 1270 4451 ἱ)
1319 4391 1496 4472 Resp.
1547 4392 1692 4475 Ney.
1735 4392 1951 4457 Primo
1990 4416 2065 4458 ex
2089 4396 2307 4461 Ezeck.
2337 4396 2441 4459 26.
2476 4398 2577 4461 16.
2624 4397 2850 4481 Ephe-3.
2878 4398 2939 4461 2.
2964 4398 3197 4465 Jcrem.
3224 4400 3326 4465 31.
3350 4400 3391 4464 a
3417 4394 3497 4459 32²..

3262 4488 3495 4555 Johann.
