3694 4871
651 311 733 373 76
1112 308 3100 376 DISP.IV.DaNacsssr'rA‘rsa'rU'rrmrA'r-r:

646 498 742 562 vis
796 499 1045 580 partem
1094 496 1276 580 [pag.
1327 496 1487 581 469]
1542 519 1669 561 non
1690 498 1785 562 ita
1810 499 2144 563 conveniat
2168 498 2496 564 disserere.
2531 521 2654 563 non
2679 498 2944 582 impedit
2965 501 3186 562 tamen
3215 519 3404 560 error
3427 496 3579 561 circa

643 586 853 650 illam:
880 607 1007 669 quo
1032 584 1243 648 minus
1272 585 1415 668 quis
1438 585 1507 648 in
1530 588 2034 652 communionem
2067 587 2476 652 ecclesiastici
2499 591 2715 652 coetus
2739 586 3106 669 recipiatur,
3133 591 3248 649 aut
3271 585 3578 668 siquidem

648 675 927 739 existens
967 675 1103 756 jam
1128 674 1485 738 membrum
1508 675 1807 739 ecclesiae
1833 677 1912 740 ad
1937 698 2214 740 errorem
2241 676 2427 740 illum
2461 675 2736 750 deflexit,
2764 674 2826 738 in
2855 697 2928 738 ea
2954 675 3334 738 retineatur.
3387 674 3575 749 Quae-

638 765 810 845 ⁵ritur
856 765 1071 827 autem
1098 766 1241 827 utra
1264 763 1608 826 necessitas
1640 763 1744 828 hic
1774 765 2196 848 intelligatur.
2244 764 2381 829 Nos
2407 763 2906 849 praesuppositO.
2933 785 3187 846 semper
3219 785 3331 826 eas
3365 762 3576 826 distin-

648 852 781 936 gui,
810 853 855 917 a
880 850 1114 914 alicubi
1140 852 1423 936 separari
1444 875 1459 927 ;
1485 852 1589 916 hic
1612 857 1827 918 tamen
1853 857 2188 935 utramque
2212 853 2673 936 conjungimus,
2709 855 2752 918 &
2779 851 3124 916 statuimus
3147 855 3286 914 tam
3313 853 3396 915 ad
3419 851 3574 914 salu-

648 945 777 1004 tem
828 944 1153 1003 aeternam
1180 963 1291 1004 seu
1317 941 1636 1004 internam
1660 941 2166 1006 communionem
2189 963 2332 1005 cum
2365 942 2576 1024 gratia
2602 943 2648 1006 δι
2671 941 2878 1024 gloria
2903 939 3045 1006 Dei.
3081 962 3278 1022 quam
3313 941 3396 1003 ad
3421 961 3573 1002 com-

646 1028 1009 1094 munionem
1064 1032 1393 1093 externam
1424 1051 1569 1093 cum
1600 1030 1865 1094 ecclesia
1890 1030 2197 1096 visibili&
2221 1030 2590 1113 particulari
2616 1031 2876 1112 ejusque
2908 1028 3272 1113 privilegiis
3295 1049 3572 1092 necessa·

650 1118 817 1180 rium
842 1139 997 1188 esse,
1026 1120 1097 1180 ut
1123 1117 1265 1200 quis
1292 1119 1473 1182 corde
1507 1117 1722 1182 credat
1746 1120 1792 1183 ἃ
1816 1142 1924 1184 ore
1949 1118 2326 1183 confiteatur
2349 1119 2724 1203 mysterium
2749 1116 3108 1181 Trinitatis,
3157 1115 3570 1180 Confessionis

650 1209 865 1273 autem
912 1207 959 1271 ἀ
1012 1206 1393 1290 cognitionis
1446 1206 1780 1272 evidentia.
1814 1207 2189 1284 constantia,
2225 1208 2501 1284 ubertaS‚
2537 1228 2728 1290 quam
2753 1206 3159 1270 latitudinem
3185 1203 3502 1275 admittat,
3531 1207 3568 1268 ἃ

650 1295 965 1378 quomodo
1008 1294 1313 1376 gradibus
1346 1295 1630 1360 varietur
1655 1296 1950 1360 distincte
1975 1296 2390 1360 indicavimus
2417 1295 2484 1359 in
2519 1296 2832 1377 Disputat.
2861 1295 3046 1358 modo
3079 1295 3186 1358 cit.
3217 1295 3296 1358 de
3317 1295 3490 1358 artic.
3517 1290 3570 1358 ἃ

649 1404 845 1448 error.
872 1383 1481 1465 fundamentalibm.
1515 1381 2037 1448 Remonstrantes
2062 1385 2412 1448 doctrinam
2436 1384 2601 1449 hanc
2626 1383 2868 1447 faciunt
2895 1383 3441 1463 problematicam.
3467 1381 3566 1444 hoc

650 1475 769 1548 est,
819 1471 1035 1542 talem.
1094 1474 1166 1535 ut
1210 1472 1449 1536 veritas
1498 1473 1634 1555 ejus
1660 1473 2035 1557 simpliciter
2065 1473 2368 1556 ignorari,
2393 1473 2653 1556 insuper
2685 1471 3056 1540 rationibus,
3085 1471 3566 1554 exceptionibus,

650 1560 889 1624 adhaec
941 1560 1406 1644 consequentiis
1454 1560 1521 1624 in
1567 1561 1872 1626 Ecclesiis
1911 1561 2292 1626 Christianis
2319 1562 2600 1626 modeste
2625 1561 2758 1625 scil.
2785 1560 3168 1644 oppugnari,
3195 1561 3242 1624 δι
3267 1559 3565 1623 contraria

651 1647 967 1712 sententia
1019 1649 1289 1732 proponi
1342 1653 1531 1730 atque
1580 1651 1795 1734 urgeri
1849 1652 2070 1734 possit,
2119 1651 2296 1714 salva
2343 1651 2575 1714 unione
2618 1653 2664 1715 ἃ
2695 1648 3100 1712 fraternitate
3131 1647 3562 1712 ecclesiastica.

654 1735 847 1800 Ratio
894 1741 1109 1800 autem
1154 1737 1465 1820 palmaria
1505 1738 1663 1804 haec
1686 1743 1803 1808 est.
1838 1738 1990 1822 quia
2014 1740 2319 1803 hactenus
2342 1739 2440 1802 illi
2473 1739 2723 1802 credere
2755 1760 2882 1800 non
2905 1742 3194 1820 possunt,
3225 1759 3340 1800 nec
3362 1741 3400 1799 a
3433 1757 3564 1818 quo·

654 1847 847 1908 quam
902 1825 1237 1908 probatum
1262 1825 1495 1897 vident.
1529 1827 1737 1891 Deum
1778 1827 2345 1892 Anti-Trinitarios
2371 1831 2410 1891 a
2429 1829 2645 1890 salute
2671 1826 3025 1898 excludere,
3051 1829 3097 1891 &
3123 1829 3562 1908 consequenter

655 1913 799 1978 illos
846 1917 884 1977 a
908 1913 1190 1978 fraterna
1214 1915 1651 1980 communione
1684 1916 2008 1981 Ecclesiae
2033 1939 2158 1980 non
2182 1939 2317 1980 esse
2351 1916 2670 1980 arcendos,
2697 1915 2880 1978 Hanc
2909 1915 3272 1997 opinionem
3299 1914 3558 1996 ipsorum

656 2001 919 2088 colliges
970 2003 1179 2086 primo
1234 2025 1310 2066 ex
1357 2005 1659 2090 Apoloqia
1698 2027 1829 2089 cap.
1869 2007 1930 2068 3.
1953 2006 2060 2090 fol.
2089 2007 2193 2068 53.
2221 2005 2362 2070 coll.
2389 2027 2531 2069 cum
2562 2005 2952 2088 praefatione
2977 2005 3054 2068 N.
3085 2005 3162 2070 Ν.
3187 2004 3273 2067 acl
3303 2005 3560 2069 Hemon-

654 2103 944 2170 strames,
995 2092 1327 2176 apologiae
1374 2094 1742 2176 praemissa,
1792 2095 1972 2178 siquo
2023 2095 2082 2156 2.
2129 2095 2238 2179 fol.
2263 2113 2439 2158 verso
2485 2093 2573 2156 Et
2599 2092 2744 2157 ibid.
2776 2091 3066 2155 examine
3085 2092 3349 2176 praefat.
3375 2091 3484 2173 sol.
3507 2090 3559 2151 6.

652 2201 827 2244 verso
858 2179 920 2245 a
941 2181 1049 2265 fol.
1091 2181 1192 2245 19.
1218 2182 1461 2246 Deinde
1485 2205 1563 2246 ex
1588 2183 1928 2266 Responsio
1951 2184 2037 2247 ad
2061 2185 2368 2267 Excerpta
2392 2183 2540 2249 DD.
2569 2182 2814 2247 Pro-ses.
2849 2183 2954 2245 85.
2995 2182 3198 2246 Tertio
3229 2203 3304 2244 ex
3347 2179 3561 2243 Vedelio

656 2269 988 2353 Rhapsodo
1036 2269 1137 2335 lib.
1168 2270 1223 2332 1.
1254 2291 1304 2333 c.
1340 2272 1401 2334 6.
1431 2271 1489 2333 7.
1518 2273 1578 2334 8.
1628 2271 1729 2334 Ex
1753 2271 1985 2354 quibus
2009 2272 2260 2355 scriptis
2283 2275 2418 2334 tarn
2441 2270 2769 2354 perspicue
2799 2270 2865 2333 id
2892 2267 3345 2334 demonstravit
3373 2267 3466 2334 Cl.
3489 2265 3557 2329 D.

672 2359 944 2423 Vedelias
993 2358 1055 2421 in
1106 2360 1371 2424 Arcanis
1407 2359 1912 2437 Arminianismi,
1948 2364 2019 2424 ut
2050 2381 2586 2444 supervacaneum
2610 2359 2696 2422 sit
2718 2358 3010 2443 pluribus
3033 2358 3155 2422 hoc
3187 2378 3384 2439 agere.
3422 2354 3560 2419 Post

652 2447 813 2511 illud
858 2451 1110 2530 tempus
1156 2448 1363 2512 editus
1405 2452 1501 2513 est
1524 2449 1781 2513 libellus
1804 2453 2088 2513 nostrate
2114 2449 2355 2534 lingua,
2381 2448 2572 2513 titulo
2600 2448 2722 2526 Bm
2749 2448 2994 2527 Brtbitn
3021 2445 3560 2531 erunsstaulftl'tn

658 2536 1031 2618 Uhtolnqnnt,
1070 2557 1193 2617 quo
1241 2537 1361 2601 hoc
1392 2537 1685 2622 gnaviter
1710 2541 1930 2623 agunt,
1958 2542 2030 2602 ut
2053 2539 2475 2621 persuadeant
2499 2536 2866 2601 Socinianos
2893 2535 3357 2622 (celeberrimos
3379 2533 3556 2597 hodie

656 2622 1255 2707 Anti-Trinitarios)
1310 2648 1437 2689 non
1485 2647 1621 2690 esse
1662 2630 1700 2690 a
1732 2628 2170 2691 communione
2195 2626 2480 2691 fraterna
2503 2627 2940 2701 excludendos,
2966 2647 3082 2689 nec
3107 2646 3316 2689 errare
3343 2622 3555 2685 funda·

656 2712 1039 2789 mentaliter,
1094 2714 1259 2796 quod
1308 2713 1441 2777 scil.
1491 2715 1745 2798 probari
1790 2720 2067 2798 nequeat
2111 2715 2258 2779 illos
2307 2720 2343 2779 a
2367 2715 2591 2779 salutis
2617 2738 2727 2799 spe
2753 2715 3059 2778 exclusos,
3111 2712 3330 2796 Nuper
3351 2734 3428 2775 ex
3455 2710 3556 2773 illa

654 2800 911 2865 cohorte
934 2801 1219 2865 tenebrio
1242 2802 1499 2885 quidam
1530 2824 1673 2868 cum
1697 2826 1948 2868 omnem
1973 2804 2441 2868 fraternitatem
2466 2806 2511 2869 δι
2533 2804 2807 2867 salutem
2832 2802 3322 2867 Mahumedistis
3341 2800 3382 2863 ἃ
3399 2799 3554 2862 Pon-

654 2888 871 2953 tificiis
913 2910 1147 2973 negare
1188 2914 1255 2955 se
1298 2893 1692 2975 praetendat,
1718 2892 1866 2957 huic
1891 2893 2128 2976 judicio
2152 2893 2310 2957 haut
2335 2894 2594 2957 obscure
2619 2893 2977 2956 subtractos
3003 2891 3164 2955 velit
3193 2888 3553 2963 SocinianoS,

656 2978 888 3061 quibus
911 2979 1104 3062 (quod
1136 3002 1367 3043 novum
1390 2982 1436 3047 8ι
1468 2980 1823 3045 inauditum
1856 2981 2192 3067 hactenus)
2215 2982 2542 3065 conjungit
2577 2981 3106 3045 David-doristus,

745 3066 841 3131 De
896 3067 1312 3151 Argumentis
1371 3068 1625 3147 nostris,
1682 3092 1844 3153 quae
1869 3092 1984 3153 pro
2009 3070 2369 3135 affirmante
2395 3069 2710 3133 sententia
2735 3073 2955 3133 contra
2987 3065 3552 3132 Remonstrantium

656 3155 1017 3239 opinionem
1063 3157 1393 3221 adducturi
1437 3180 1675 3234 sumuS,
1722 3180 2204 3241 praemonemus
2251 3158 2300 3221 I.
2345 3181 2418 3222 ea
2443 3158 2724 3221 evictura
2749 3162 2996 3221 tantam
3021 3158 3473 3229 necessitatem,
3495 3158 3552 3214 ut

655 3243 947 3309 homines
986 3266 1129 3314 cum
1153 3245 1471 3311 erroribus
1497 3245 2058 3311 Anti-Trinitariis
2082 3247 2148 3310 in
2172 3247 2678 3311 communionem
2703 3244 3026 3311 Ecclesiae
3049 3252 3310 3310 nostrae
3341 3248 3444 3308 ant
3464 3262 3548 3305 cu·

650 3334 949 3418 jusquam
982 3332 1381 3398 Christianae
1405 3336 1747 3419 recipiendi
1777 3358 1904 3399 non
1929 3336 2092 3411 sint;
2126 3339 2238 3399 aut
2261 3336 2574 3419 siquidem
2599 3335 2666 3398 in
2689 3335 3200 3399 communionem
3233 3336 3368 3419 ejus
3395 3335 3550 3395 antea

655 3422 893 3506 recepti
941 3422 1021 3486 ad
1062 3422 1357 3488 haereses
1403 3422 1549 3487 illas
1596 3424 2068 3503 declinaverint,
2119 3426 2164 3489 δι
2209 3424 2628 3489 necessariam
2652 3422 2816 3487 hanc
2841 3424 3274 3508 cognitionem
3297 3444 3368 3487 ac
3395 3420 3550 3484 fidem

658 3511 1068 3595 pertinaciter
1114 3512 1522 3577 excusserint.
1553 3514 1721 3597 [pag.
1758 3513 1920 3597 470]
1969 3513 2033 3576 in
2071 3536 2144 3577 ea
2167 3513 2538 3597 neutiquam
2565 3512 2693 3576 sint
2717 3512 3063 3576 retinendi:
3099 3514 3270 3596 quod
3295 3508 3552 3594 explicite

656 3600 866 3684 magis
898 3602 943 3666 &
974 3600 1349 3665 consectarii
1372 3600 1506 3665 vice
1530 3600 1700 3664 infra
1722 3606 2101 3685 repetemus.
2150 3599 2236 3665 II.
2265 3602 2621 3680 Praeterea,
2645 3623 2775 3665 non
2797 3624 2981 3685 posse
3004 3622 3151 3665 cum
3175 3599 3436 3665 salutari
3457 3593 3551 3658 Dei

660 3688 871 3772 gratia
924 3689 1428 3753 communionem
1476 3690 1730 3764 habere,
1780 3694 1892 3753 aut
1947 3694 2240 3754 aeternae
2287 3690 2513 3754 salutis
2544 3690 2887 3775 participes
2919 3712 3080 3767 esse,
3107 3690 3418 3772 siquidem
3437 3682 3550 3766 quis

660 3776 823 3841 hanc
846 3776 1183 3841 veritatem
1206 3779 1615 3861 pertinaciter
1637 3779 1930 3863 repudiet
1953 3782 2144 3862 atque
2169 3783 2512 3863 oppugnet.
2563 3778 2866 3854 Quamvis
2890 3782 3106 3843 autem
3132 3770 3550 3843 demonstratio

660 3864 888 3949 prioris
922 3866 1317 3929 necessitatis
1350 3866 1688 3943 sufficeret,
1720 3872 1939 3931 tamen
1971 3872 2304 3951 utramque
2336 3868 2404 3931 in
2428 3867 2546 3932 hoc
2568 3866 2826 3951 negotio
2859 3888 3156 3951 agnos00‚
3183 3870 3230 3933 8⁵
3255 3864 3546 3955 conjungo3

660 3950 736 4016 In
782 3953 1259 4037 quibuscunque
1306 3954 1449 4019 aliis
1504 3956 1984 4039 quaestionibus
2031 3956 2164 4019 sive
2205 3957 2389 4040 juriS,
2438 3956 2569 4019 sive
2617 3955 2770 4020 facti
2795 3978 2921 4019 non
2939 3956 3163 4020 itidem
3229 3954 3374 4019 Non
3397 3966 3546 4046 paup-1

662 4040 832 4105 enim
880 4046 1027 4106 sunt
1057 4063 1239 4107 casus
1263 4044 1330 4107 in
1355 4043 1585 4126 quibus
1616 4043 1808 4108 alicui
1838 4045 2117 4127 receptio
2143 4044 2210 4108 in
2234 4044 2739 4109 communionem
2771 4043 3072 4109 ecclesiae
3099 4049 3391 4109 externae
3412 4042 3452 4105 s
3471 4057 3545 4097 vl-

665 4127 871 4191 sibilis
894 4128 1233 4215 (imprimis
1255 4131 1547 4196 ministro
1571 4132 1638 4196 in
1663 4133 2168 4205 communionem
2195 4136 2238 4199 &
2263 4133 2630 4197 societatem
2647 4133 3015 4215 ministerii)
3035 4138 3206 4197 recte
3223 4138 3266 4200 &
3297 4130 3546 4190 ε”πὲῦῡτως

666 4214 966 4314 denegari
988 4222 1266 4299 potest&
1290 4221 1471 4298 solet,
1498 4243 1687 4304 quem
1710 4226 1928 4285 tamen
1954 4221 2126 4286 omni
2156 4222 2592 4286 communione
2625 4222 2970 4299 remotiori,
2998 4227 3112 4285 aut
3143 4219 3438 4308 generali,
3459 4215 3546 4277 aut

665 4302 977 4385 implicita
1024 4326 1166 4371 cum
1218 4308 1391 4372 omni
1444 4310 1952 4388 christianismo,
2001 4332 2116 4374 nec
2171 4310 2364 4374 etiam
2417 4311 2593 4375 omni
2614 4311 2714 4375 vel
2741 4310 3006 4375 minima
3031 4312 3408 4375 connexione
3432 4322 3546 4367 cum

669 4390 881 4475 gratia
924 4391 1047 4456 Dei
1088 4394 1135 4457 a
1181 4400 1437 4460 aeterna
1482 4398 1688 4462 salute
1724 4398 2102 4464 destitutum
2123 4399 2398 4464 nolimus
2428 4399 2862 4484 pronuntiare.
2907 4399 3394 4465 Distinctionem
3415 4398 3546 4547 hagie

3377 4507 3470 4551 mc
3523 4514 3546 4528 ·
