3694 4871
602 254 729 318 168
865 252 1106 319 DisP.
1154 250 1294 317 VI.
1343 250 1465 316 Dr.
1513 250 2215 316 Pnoneimonr.
2260 252 2654 317 PaccAri
2701 251 3277 324 onomius.

602 436 2722 613 mm.22⁷.tumtstt‘rpttttmttztt’ttt”am5?
2739 452 3144 615 ἔξέᾚῗεὲἕ
3158 444 3553 598 iduum&
3655 564 3658 639 4

602 630 912 704 quatenus
957 628 1110 682 nata
1155 626 1263 694 est,
1301 614 1366 681 ἃ·
1387 635 1596 701 prona
1627 614 1714 681 ad
1735 636 1869 681 non
1891 615 2305 680 obediendum
2327 611 2579 691 rationi,
2605 617 2714 681 sed
2734 620 3295 703 concupiscendum
3322 633 3549 686 contra

599 719 829 773 rectam
877 705 1228 771 rationem.-
1275 724 1406 769 non
1451 726 1530 769 ex
1559 704 1773 791 aliqua
1796 704 1989 769 insita
2012 704 2311 788 qualitate
2338 720 2479 765 eam
2502 701 2836 785 indicante,
2862 709 2971 772 sed
2998 730 3075 773 esc
3104 710 3386 774 caremia
3398 710 3550 793 jus·
3656 752 3658 759 -

601 797 776 861 titiae
797 794 1150 880 oriyirtalis,
1174 814 1334 880 quac
1355 814 1494 858 eam
1515 795 1816 879 perfectae
1843 793 2082 858 rationi
2103 790 2477 875 subjiciebat.
2504 788 3055 881 Cloppenburgius
3080 797 3151 860 in
3173 802 3549 882 gangr-aena
3655 804 3658 825 ¹

603 884 888 968 theolog.
923 882 1333 966 Anabaptist.
1359 881 1522 965 disp.
1552 882 1616 946 4.
1645 880 1816 946 thesi
1844 882 1947 945 12.
1997 879 2525 945 Remonstrantes
2549 880 3065 950 Dimanationem
3090 906 3205 951 seu
3224 907 3553 971 propaga-

611 974 841 1039 tionem
867 971 1026 1037 mali
1045 972 1378 1055 explicant,
1434 971 1758 1051 (hactenus
1797 970 2049 1057 quidem
2074 990 2205 1034 non
2228 967 2421 1052 male)
2448 968 2557 1033 itta
2580 982 2851 1037 nat-urae
2872 974 3227 1039 conditione
3246 995 3449 1061 quam
3472 996 3547 1039 aa:

608 1061 849 1127 Adamo
871 1072 1212 1146 peccatores
1246 1059 1527 1139 trahunt,
1546 1080 1706 1146 quae
1723 1060 1975 1143 privata
1998 1058 2156 1123 bono
2178 1058 2415 1143 qratiae
2437 1054 2767 1141 &qloriaa
2792 1081 2925 1127 nort
2938 1063 3121 1127 aliter
3132 1084 3327 1149 quam
3344 1075 3545 1151 poste-

605 1170 710 1216 ros
735 1149 946 1215 eodem
970 1150 1130 1215 bono
1150 1148 1420 1235 privatis
1432 1149 1867 1233 proseminare
1881 1158 2094 1231 potest,
2116 1168 2265 1231 pag.
2284 1146 2389 1210 57.
2406 1166 2608 1211 versa.
2622 1146 2723 1212 Ex
2740 1147 3114 1227 Pontificiis,
3128 1150 3399 1216 Lotinus
3416 1151 3545 1217 fere

602 1238 1071 1315 ideminculcat‚
1116 1237 1242 1301 nisi
1261 1237 1430 1324 quod
1447 1258 1724 1302 errorem
1748 1235 1824 1301 de
1841 1239 2100 1320 peccato
2116 1233 2419 1319 originali
2443 1234 2659 1299 ablato
2684 1237 3010 1318 admiscet,
3036 1244 3452 1304 commentar.
3478 1241 3541 1303 in

601 1326 970 1393 Ecclesiast.
1029 1327 1131 1391 12.
1186 1327 1246 1391 7.
1303 1349 1367 1409 p.
1399 1325 1551 1390 489.
1599 1325 1846 1412 Sufficit
1886 1325 2109 1409 attinyi
2138 1322 2215 1388 ab
2250 1322 2503 1388 homine
2520 1338 2853 1407 qenerante
2874 1328 3131 1393 animae
3158 1330 3542 1413 conjunctio-

600 1436 746 1481 nem
769 1436 913 1482 cum
937 1435 1212 1500 corpore,
1245 1414 1416 1500 quod
1445 1416 1587 1500 fecit
1615 1412 1678 1479 d·
1701 1414 2129 1498 praeparavit,
2157 1413 2225 1477 in
2250 1413 2559 1496 ejusmodi
2580 1434 2722 1479 vero
2736 1416 3021 1501 qenitum
3042 1417 3363 1482 hominem
3396 1438 3541 1482 cum
3604 1478 3631 1505 ‚

602 1504 838 1571 natura
887 1504 1028 1589 ipsa
1074 1504 1236 1569 subit
1285 1504 1497 1568 statim
1547 1503 1855 1587 oriqinale
1878 1513 2194 1587 peccatum
2222 1502 2327 1566 toti
2350 1512 2620 1566 naturae
2642 1523 2993 1583 commune,
3018 1506 3133 1571 tali
3150 1507 3545 1590 qeneratione

597 1604 1004 1678 propaqatae,
1048 1592 1250 1676 posita
1303 1603 1498 1657 vetere
1542 1593 1654 1657 itta
1700 1590 1822 1654 Dm
1869 1594 2013 1675 le9e‚
2068 1589 2132 1654 ἃ·
2172 1600 2351 1675 pacto
2388 1610 2535 1654 cum
2555 1591 2767 1673 primo
2786 1605 3044 1676 parente
3066 1606 3378 1679 tanquam
3402 1616 3535 1660 cum

603 1684 838 1759 Amore,
892 1680 956 1745 ἃ·
1005 1681 1218 1764 Capite
1264 1680 1451 1746 totius
1481 1680 1814 1745 homiuum
1841 1680 2130 1763 deinceps
2157 1679 2667 1763 yenerandorum
2690 1682 3139 1760 universitatis,
3166 1684 3299 1748 licet
3324 1683 3543 1748 anima

605 1770 963 1857 yenerantis
993 1781 1196 1835 careat
1220 1780 1458 1852 peccato
1481 1769 1802 1852 oriqinati‚
1825 1770 1869 1833 ὰ
1891 1789 2014 1854 quo
2024 1769 2165 1851 jam
2193 1768 2273 1832 sit
2283 1768 2649 1854 justificata.
2696 1768 2784 1833 Et
2828 1770 2919 1835 sic
2940 1770 3077 1837 fere
3108 1772 3542 1837 Bettarminus

607 1858 712 1925 tib.
737 1858 798 1923 4.
825 1858 900 1923 de
923 1858 1259 1924 amissione
1278 1859 1540 1942 qratiae,
1567 1860 1612 1924 &
1637 1861 1786 1921 ante
1810 1879 1958 1922 eum
1993 1855 2332 1920 Durandus
2359 1855 2440 1919 ab
2475 1856 2534 1919 2.
2572 1856 2719 1923 dist.
2752 1859 2857 1923 31.
2884 1880 2992 1941 qu.
3028 1861 3087 1924 2.
3114 1859 3231 1924 ubi
3251 1860 3546 1944 rejiciunt

604 1947 864 2013 modum
909 1946 1387 2033 propagationis
1433 1969 1549 2031 per
1594 1967 1849 2011 carnem
1874 1944 2345 2011 &infectionem
2372 1944 2623 2009 animae
2657 1967 2733 2010 ex
2764 1969 2951 2012 carne
2968 1972 2988 2013 .·
3014 1950 3061 2015 ἃ
3084 1949 3349 2013 tandem
3384 1948 3545 2033 quod

605 2036 686 2101 ad
733 2058 1051 2101 summam
1097 2035 1194 2101 rei
1237 2035 1568 2100 nobiscum
1605 2034 2005 2099 concludunt.
2058 2031 2275 2097 Verba
2320 2031 2613 2097 Durandi
2642 2035 2751 2117 qui
2782 2034 2949 2100 forte
2971 2037 3271 2101 omnibus
3294 2038 3378 2101 ad
3402 2059 3534 2101 ma·

607 2146 762 2189 num
815 2147 940 2190 non
993 2127 1109 2204 est,
1140 2123 1246 2188 hic
1271 2123 1575 2188 exhibeo:
1605 2124 1726 2191 Nec
1745 2124 1929 2188 aliter
1958 2121 2331 2200 traducitur,
2357 2122 2489 2186 nisi
2508 2124 2666 2207 quia
2688 2135 2927 2189 nat-ura
2950 2126 3299 2209 defectuosa
3324 2126 3537 2191 tradu-

604 2216 767 2280 citur
811 2213 887 2278 ab
906 2234 996 2293 eo,
1027 2213 1225 2299 quise
1252 2210 1316 2278 ἃ·
1343 2232 1460 2277 uos
1486 2211 1668 2298 [pag.
1706 2211 1902 2295 1113]
1928 2210 2299 2294 hujusmodi
2318 2210 2649 2294 defectibus
2676 2233 2755 2277 cx
2786 2233 2905 2277 sua
2942 2215 3133 2298 culpa
3158 2214 3433 2297 subjecit.
3464 2212 3547 2277 Et

604 2306 748 2386 post
773 2302 852 2366 ad
877 2302 1021 2368 dist.
1048 2302 1156 2366 32.
1180 2322 1285 2384 qu.
1306 2301 1367 2364 2.
1404 2301 1573 2366 Talis
1588 2312 1817 2378 reat-us,
1843 2300 1955 2386 qui
1973 2310 2295 2383 peccatum
2321 2299 2446 2363 dici
2462 2310 2657 2383 potest
2678 2303 2964 2385 provenit
2990 2302 3061 2366 in
3084 2303 3267 2367 nobis
3284 2324 3325 2367 a
3337 2303 3545 2387 primo

602 2401 862 2477 parente
880 2423 899 2454 .·
925 2392 1066 2478 ipsa
1091 2401 1300 2457 tamen
1312 2410 1536 2474 poena,
1559 2410 1756 2476 quam
1781 2388 2195 2467 incurrimus,
2219 2398 2306 2453 est
2332 2386 2509 2454 nobis
2537 2409 2577 2454 a
2604 2389 2756 2455 Deo.
2794 2390 2880 2456 Et
2910 2392 3105 2474 paulo
3129 2395 3311 2476 post:
3332 2411 3541 2476 pecua-

607 2493 746 2547 tum
767 2481 1092 2565 oriqimde‚
1121 2491 1309 2564 prout
1333 2479 1623 2546 nominat
1645 2489 1912 2557 reat-um,
1938 2498 2071 2544 nort
2103 2477 2497 2543 contrahitur
2518 2499 2595 2543 ex
2620 2478 2733 2545 hoc
2753 2481 2924 2566 quod
2944 2481 3169 2546 anima
3193 2482 3379 2546 carni
3398 2479 3544 2546 uni-

607 2581 713 2636 tur
737 2568 1010 2636 absolute
1046 2566 1158 2636 tire.
1183 2569 1290 2634 sed
1311 2567 1702 2634 contrahit-ur
1727 2588 1842 2651 per
1865 2568 1979 2634 hoc
2001 2567 2171 2654 quod
2193 2577 2392 2632 totum
2414 2568 2825 2651 compositum
2849 2590 2926 2634 ex
2948 2569 3172 2634 anima
3200 2568 3267 2635 ἃ·
3294 2588 3545 2654 corpore

608 2658 963 2724 traducitur
1005 2659 1210 2734 modo,
1257 2677 1383 2744 quo
1429 2677 1630 2741 supra
1653 2657 1891 2721 dictum
1913 2667 2017 2734 est,
2046 2656 2124 2721 ab
2148 2677 2216 2721 eo
2246 2656 2357 2742 qui
2378 2657 2663 2738 peccavit.
2708 2655 2887 2722 Idem
2912 2657 3047 2722 fere
3070 2658 3303 2723 statuit
3324 2658 3540 2724 Scotus

607 2747 694 2812 ad
723 2748 784 2810 2.
810 2747 962 2814 dist.
991 2747 1096 2812 32.
1143 2745 1404 2811 Partem
1438 2746 1775 2810 verborum
1807 2745 1941 2828 ejus
1966 2744 2303 2828 exscripsit
2332 2743 2681 2829 Scharpius
2708 2747 2817 2812 loc.
2850 2747 2948 2812 cit.

697 2833 1012 2899 Addimus
1035 2835 1434 2918 problemata
1459 2834 1770 2921 quaedam
1804 2834 1957 2898 huic
1980 2832 2448 2898 controversiae
2476 2833 2716 2898 affinia.
2752 2833 2807 2899 I.
2848 2835 3053 2918 probt.
3100 2833 3209 2900 An
3232 2835 3293 2900 si
3314 2835 3413 2900 ita
3442 2856 3541 2898 ex-

607 2924 900 3008 plicetur,
927 2926 1196 3008 utraque
1222 2923 1512 3007 quaestio
1545 2925 1584 2986 a
1606 2922 1961 2988 Pontificiis
1988 2921 2083 2986 uti
2107 2943 2225 2986 nos
2250 2943 2417 2985 nunc
2442 2921 2861 3005 explicuimus
2894 2925 2941 2989 ἃ
2963 2923 3031 2989 in
3056 2944 3293 3008 genere
3324 2923 3539 2988 utrim-

609 3034 733 3097 que
781 3015 1104 3076 statuatur
1150 3012 1434 3095 pravitas
1489 3033 1602 3076 seu
1646 3011 1966 3094 corruptio
1993 3013 2282 3089 naturae,
2308 3031 2473 3093 quae
2498 3009 2584 3074 sit
2614 3009 2973 3076 formaliter
2998 3012 3307 3095 privati03
3334 3012 3543 3095 aliqua

611 3102 941 3165 remaneat
986 3099 1177 3164 realis
1225 3100 1655 3164 controversia
1714 3099 1998 3164 internos
2046 3099 2092 3163 St
2139 3099 2335 3182 ipsos.
2384 3099 2459 3166 R.
2520 3099 2572 3165 A
2581 3103 2652 3186 ff.
2702 3099 2853 3182 quia
2900 3101 3024 3184 ipsi
3055 3101 3313 3186 (saltem
3346 3098 3535 3185 pleri-

611 3185 762 3273 que)
795 3187 1221 3273 privationem
1269 3187 1450 3252 illam
1475 3189 1871 3253 constituunt
1910 3188 1975 3251 in
2001 3187 2253 3252 defectu
2278 3186 2425 3251 doni
2448 3209 2564 3270 per
2590 3209 2657 3251 se
2681 3189 3187 3273 supernaturalis
3210 3192 3401 3274 (puta
3422 3186 3537 3253 ori·

610 3276 848 3363 ginalis
873 3275 1214 3360 justitiae),
1249 3299 1375 3362 quo
1399 3277 1662 3342 absente
1686 3276 1879 3341 homo
1910 3279 2129 3341 tamen
2158 3276 2398 3340 habeat
2422 3275 2698 3340 liberum
2744 3277 3085 3342 arbitrium
3130 3278 3212 3342 ad
3236 3278 3474 3343 bonum
3496 3275 3539 3341 ἃ

610 3367 691 3430 ad
743 3366 1006 3431 malum.
1054 3364 1222 3430 Vide
1269 3366 1642 3432 Bellarmin.
1693 3367 1803 3432 loc.
1850 3366 1949 3430 cit.
1997 3363 2059 3430 8,·
2090 3367 2273 3449 Greq.
2298 3365 2375 3430 de
2421 3365 2692 3431 Valentia
2715 3366 2802 3430 ad
2836 3366 2893 3429 1.
2924 3367 2987 3432 2.
3012 3365 3175 3450 disp.
3210 3367 3274 3430 6.
3310 3375 3538 3452 quaest.

614 3453 718 3518 15.
744 3465 974 3539 puncto
1010 3455 1068 3518 1.
1097 3453 1382 3538 aliosque
1415 3456 1452 3518 ὲ.
1483 3453 1726 3519 duobus
1758 3453 1890 3519 illis
1916 3453 2163 3519 citatos.
2212 3452 2300 3517 Et
2323 3453 2539 3519 confer
2570 3476 2649 3518 ex
2692 3455 2928 3519 nostris
2970 3455 3393 3522 Wittakerum
3430 3464 3540 3520 toto

609 3543 713 3610 tib.
771 3545 830 3607 2.
885 3547 1218 3627 praeterea
1258 3542 1598 3627 positivam
1621 3542 2099 3608 inclinationem
2132 3565 2243 3607 seu
2266 3541 2753 3625 propensionem
2774 3543 2856 3606 ad
2878 3544 3141 3622 malum,
3169 3543 3389 3609 dieunt
3412 3562 3536 3607 esse

611 3630 1330 3788 iiiiiiiiiuiniiii‘i‘ii
1351 3653 1485 3805 023²
1517 3631 2153 3808 ΐῗέἓὲἓὶῗῗὲὴεῖῗ·
2194 3629 3539 3806 ἷὲἒῳέῗὲἓὲἓὲἷὶξῃἒὲἓῗῑωῖῗοέςΐὲῖῗὲ

611 3808 989 3874 destitutum
1013 3809 1374 3893 appetitum
1399 3808 1778 3874 sensitivum
1809 3809 2156 3874 secundum
2180 3831 2250 3872 se
2278 3808 2703 3873 consideratos
2730 3809 2954 3873 volunt
2977 3809 3215 3874 habere
3234 3809 3537 3874 rationem

609 3919 851 3983 poenae
883 3900 1138 3962 tantum
1169 3898 1216 3964 St
1255 3919 1382 3962 non
1398 3897 1658 3981 culpae;
1683 3898 1794 3963 sed
1809 3898 1980 3982 quod
1994 3897 2338 3963 secundum
2358 3896 2780 3961 extrinsecam
2796 3897 3377 3962 denominationem
3388 3917 3537 3981 quo-

613 3986 947 4051 dammodo
966 3986 1203 4052 habeat
1231 3986 1545 4050 rationem
1561 3987 1806 4070 culpae,
1834 3991 2150 4070 quatenus
2172 3985 2279 4050 hic
2304 3985 2587 4051 defectus
2611 3985 2886 4050 refertur
2910 3986 2991 4050 ad
3026 3986 3307 4070 primum
3330 4005 3535 4070 pecca·

611 4077 754 4140 tum
778 4072 1032 4154 Adami,
1051 4078 1092 4140 a
1113 4096 1238 4159 quo
1263 4097 1379 4158 per
1400 4074 1694 4140 vitiatam
1719 4074 2035 4161 originem
2058 4073 2445 4160 producitur.
2496 4071 2603 4139 Sic
2636 4074 2906 4140 Thomas
2936 4077 2993 4139 1.
3014 4075 3076 4138 4.
3096 4095 3199 4161 qu.
3219 4074 3325 4140 82.
3346 4085 3461 4140 art.
3480 4071 3532 4135 4.
3594 4102 3597 4110 ·

629 4163 954 4248 Viyuerius
985 4164 1054 4229 in
1078 4164 1281 4230 Instit.
1307 4184 1442 4248 cap.
1465 4164 1568 4228 18.
1597 4165 1652 4249 g.
1683 4165 1740 4228 5.
1774 4185 1934 4231 vers.
1964 4166 2021 4229 1.
2047 4166 2158 4251 fot.
2186 4164 2335 4227 244.
2392 4163 2574 4239 Quod
2596 4184 2711 4227 nos
2736 4185 2862 4228 non
2886 4164 3305 4229 concedimus.
3352 4159 3533 4228 Deni-

617 4273 741 4336 que
773 4251 1026 4318 finitum
1056 4253 1276 4318 dicunt
1309 4275 1445 4318 esse
1470 4253 1893 4337 adiaphorum
1917 4254 2069 4338 quid
2092 4256 2139 4321 δι
2164 4252 2491 4318 occasione
2513 4252 2797 4336 peccati:
2832 4252 2943 4318 sed
2966 4252 3219 4336 proprie
3242 4253 3291 4320 a
3312 4251 3535 4318 forma-

613 4341 763 4407 liter
785 4361 914 4406 non
938 4363 1076 4408 esse
1101 4345 1457 4428 peccatum.
1507 4341 1594 4409 H.
1643 4341 1863 4410 Probl.
1892 4342 2061 4420 Quid
2086 4344 2163 4408 de
2194 4341 2516 4408 sententia
2541 4339 2831 4408 Arminii
2855 4341 3270 4409 statuendum
3292 4341 3363 4408 in
3382 4339 3531 4492 digzlv·
