3694 4871
805 309 2414 410 D1SP.XII3DsLsann'rE11Asesn1o.
2955 314 3082 378 343

144 499 291 562 sine
317 497 477 561 dura
500 499 714 560 tamen
742 497 787 562 &
812 496 1020 582 rigida
1044 497 1421 581 repetitione
1440 496 1629 581 Legis
1648 497 1727 561 ad
1744 497 2222 575 convictionem,
2240 521 2366 562 non
2385 499 2738 583 promiscue
2757 499 3084 584 quibusvis

146 585 549 663 nationibus,
596 585 705 650 sed
758 585 1293 670 patriarchalibus
1338 586 1616 669 primum
1664 586 1950 666 familiis,
1983 587 2206 651 deinde
2230 590 2462 672 populo
2487 586 2840 652 Israelitico
2863 588 3086 653 foedus

142 675 273 739 hoc
297 673 697 758 propositum
720 674 879 738 fuit:
916 676 1024 739 sed
1058 674 1164 738 hic
1196 676 1385 760 longe
1410 675 1537 739 alio
1569 675 1615 740 a
1646 675 1895 740 meliori
1923 676 2140 740 modo:
2178 677 2253 740 de
2278 699 2401 759 quo
2427 679 2464 739 2
2496 678 2771 743 Corinth.
2801 679 2862 742 3.
2896 676 3078 742 Hebr.

148 765 209 827 7.
238 764 289 828 a
316 765 378 826 8.
412 764 559 828 Luc.
592 764 695 828 10.

236 851 497 915 Dicitur
540 855 755 917 autem
801 853 1021 936 [bedas
1044 864 1236 928 veina,
1275 853 1332 916 1.
1364 853 1529 936 Quia
1555 853 1729 936 prius
1754 853 1898 918 fuit.
1929 856 1987 918 2.
2032 853 2196 932 Quia
2212 855 2347 935 jam
2372 854 2516 916 inde
2550 857 2586 918 a
2608 854 2795 938 lapsu
2827 853 3078 932 Adami,

144 939 572 1004 Oeconomica
622 940 769 1003 talis
820 940 1269 1025 promulgatiO,
1316 944 1363 1008 &
1410 943 1753 1006 secundum
1801 943 1962 1006 illud
1994 943 2114 1006 Dei
2145 964 2286 1006 cum
2320 943 2555 1026 populo
2582 965 2696 1006 3110
2722 942 3080 1007 communio

142 1028 456 1092 obtinuit.
507 1029 565 1090 3.
619 1030 785 1112 Quia
826 1031 1229 1112 antiquatum
1257 1030 1382 1094 fuit
1405 1053 1518 1114 per
1540 1035 1811 1094 mortem
1846 1031 2106 1108 Christi,
2131 1035 2296 1094 nova
2322 1030 2802 1122 dispensatione,
2815 1031 2914 1094 illi
2939 1053 3080 1094 suc-

142 1118 436 1182 cedente.
484 1117 572 1180 Et
617 1117 868 1200 triplice
914 1118 1033 1182 hoc
1086 1123 1373 1201 respectu
1424 1140 1657 1184 novum
1708 1143 1783 1183 ex
1831 1119 2122 1204 opposito
2148 1119 2378 1182 dicitur
2402 1141 2636 1184 novum
2675 1140 2796 1179 κκτ
2839 1116 3074 1198 ἐξοχὴν.

142 1203 461 1280 Quamvis
494 1210 707 1270 autem
734 1207 890 1269 haec
915 1207 1297 1271 dichotomia
1331 1207 1603 1272 foederis
1629 1209 1771 1272 novi
1798 1208 1884 1271 sit
1907 1209 2062 1271 trita
2087 1210 2132 1272 a
2155 1208 2310 1270 satis
2339 1207 2692 1290 perspicua,
2719 1207 2882 1272 nihil
2906 1211 3081 1271 vetat

140 1297 367 1357 tamen
404 1293 481 1356 ad
504 1296 710 1358 totum
733 1294 1099 1377 plenissime
1133 1296 1654 1375 exhauriendum,
1681 1297 1958 1361 dividere
1985 1297 2202 1360 foedus
2228 1296 2497 1380 gratiae,
2525 1297 2690 1379 quod
2715 1297 2795 1359 ad
2819 1297 3080 1360 modum

140 1383 560 1465 dispensandi
613 1383 679 1446 in
712 1393 905 1461 velita,
946 1403 1200 1463 novam,
1236 1386 1533 1464 medium,
1561 1385 2068 1469 participationis
2101 1385 2234 1449 scil.
2270 1389 2715 1448 extremorum.
2770 1385 2940 1450 Illud
2957 1384 3082 1448 fuit

132 1472 277 1554 jam
332 1470 474 1534 inde
510 1475 545 1534 a
568 1471 773 1554 lapsu,
800 1495 999 1555 usquc
1026 1473 1103 1536 ad
1128 1472 1365 1538 Christi
1398 1475 1822 1554 nativitatem,
1846 1474 1888 1538 J
1894 1472 2160 1537 ohannis
2191 1472 2522 1556 Baptistae
2549 1473 2593 1536 81
2621 1472 2860 1536 Christi
2890 1473 3080 1536 mini·

140 1559 457 1622 sterium:
485 1560 679 1638 Istud,
698 1561 831 1643 jam
863 1561 1007 1624 inde
1034 1564 1071 1624 a
1096 1567 1299 1626 morte
1326 1561 1583 1642 Christi,
1612 1563 2086 1630 resurrectione.
2109 1561 2490 1639 ascensione,
2519 1564 2564 1626 81
2587 1561 2885 1625 missione
2912 1559 3080 1643 Spir.

141 1671 193 1710 s.
246 1645 385 1712 ‘Ubi
412 1650 626 1712 tamen
656 1669 1046 1733 progressuS,
1074 1651 1556 1729 incrementum,
1581 1652 2062 1726 consummat-im
2091 1650 2420 1734 plenitudo
2446 1650 2936 1733 dispensationis
2971 1671 3081 1712 ex-

138 1735 397 1800 tensive
438 1736 847 1800 observanda.
896 1739 1025 1803 Hoc
1053 1739 1179 1803 fuit
1204 1743 1240 1802 a
1272 1739 1607 1803 nativitate
1640 1739 1878 1804 Christi
1906 1743 1950 1806 81
1975 1739 2266 1822 deinceps
2294 1760 2490 1822 usque
2525 1739 2604 1802 ad
2628 1743 2898 1802 mort-em
2925 1738 3077 1819 ejus.

138 1823 219 1888 In
272 1845 403 1907 quo
452 1825 643 1888 etiam
692 1827 1041 1890 successiva
1068 1827 1334 1891 variatio
1363 1828 1405 1890 ἃ
1438 1828 1900 1892 incrementum
1925 1827 2405 1892 observandum.
2457 1826 2668 1911 Magis
2705 1828 2872 1891 enim
2898 1847 3078 1891 oeco-

140 1913 407 1976 nomica
430 1913 475 1977 81
500 1913 763 1996 antiqua
788 1915 1174 1998 dispensatio
1200 1917 1265 1978 in
1284 1916 1685 1981 inchoatione
1704 1917 2043 1980 ministerii
2066 1915 2380 1980 Johannis
2401 1917 2446 1980 a
2463 1914 2701 1978 Christi
2727 1916 3080 1998 antiquata,

140 2003 189 2066 δι
239 2021 413 2064 nova
457 2001 844 2084 dispensatio
892 2005 1097 2088 magis
1138 2009 1446 2088 promota,
1474 2010 1586 2069 aut
1610 2005 1839 2069 saltem
1866 2005 2076 2069 omnia
2105 2005 2185 2067 ad
2210 2025 2346 2067 eam
2377 2005 2580 2088 magis
2605 2007 2986 2087 praeparata
3008 2023 3080 2066 ac

139 2089 461 2172 disposita
484 2089 762 2167 fuerunt,
790 2113 979 2174 quam
1004 2091 1068 2155 in
1094 2094 1428 2157 nativitate
1454 2097 1565 2157 aut
1588 2094 1653 2156 111
1680 2093 2102 2156 adolescentia
2127 2091 2385 2156 Christi.
2414 2093 2596 2177 [pag.
2624 2092 2742 2176 20]

246 2177 597 2244 Consectar.
628 2181 683 2242 l.
736 2179 899 2242 Hinc
924 2185 1171 2245 constat
1195 2187 1319 2264 qua
1346 2205 1490 2246 cum
1514 2182 1896 2245 limitatione
1922 2181 2354 2264 accipiendum
2381 2181 2485 2259 sit,
2511 2180 2678 2263 quod
2703 2182 2896 2265 vulgo
2923 2178 3076 2242 dici-

141 2270 277 2344 tur,
332 2266 407 2330 de
454 2267 763 2352 abrogata
785 2267 953 2352 Lege
978 2267 1397 2334 Cer-emoniali
1423 2294 1495 2334 ac
1520 2271 1986 2353 dispensatione
2017 2269 2238 2344 veteri,
2260 2271 2306 2334 &
2331 2267 2404 2332 de
2439 2268 2734 2332 inchoata
2758 2289 2920 2332 novo
2951 2265 3076 2330 Te-

142 2358 477 2418 stamento
500 2355 569 2419 in
600 2355 872 2420 adventu
901 2355 1157 2422 Christi.

240 2444 591 2509 consectar.
620 2446 679 2510 2.
707 2444 871 2509 Hinc
893 2446 1082 2511 facile
1105 2449 1469 2531 responderi
1496 2452 1705 2531 potest
1730 2448 1808 2511 ad
1834 2448 2284 2531 quaestionem.
2318 2446 2420 2509 An
2438 2446 2714 2510 ο10110110.
2745 2443 3075 2527 Baptistae

140 2534 581 2599 ministerium
620 2534 816 2599 fuerit
842 2534 1295 2619 Propheticum
1321 2560 1400 2600 an
1428 2541 1574 2601 vero
1602 2537 2038 2620 Apostolicum
2065 2558 2171 2599 seu
2208 2535 2693 2618 Euangelicum,
2725 2537 2770 2600 a
2793 2532 3076 2597 referen-

142 2626 307 2689 dum
354 2624 439 2687 sit
464 2623 543 2686 ad
574 2626 775 2701 vetus,
802 2646 881 2687 an
908 2625 987 2687 ad
1008 2646 1243 2689 novum
1268 2624 1780 2701 Testamentum;
1808 2648 1890 2687 an
1922 2626 2158 2707 partim
2184 2624 2262 2687 ad
2294 2624 2472 2699 illud,
2500 2623 2734 2706 partim
2767 2623 2848 2685 ad
2879 2622 3072 2686 istud.

140 2712 321 2776 Vide
350 2712 567 2776 Mauh.
599 2713 699 2775 11.
725 2732 780 2776 υ.
814 2712 913 2775 11.
943 2712 1175 2777 Confer
1193 2726 1357 2799 part.
1396 2716 1454 2777 2.
1479 2716 1653 2799 polit.
1680 2715 1995 2779 ecclesiast.
2026 2714 2127 2778 lib.
2157 2716 2218 2775 2.

239 2802 301 2885 ξ.
354 2797 421 2867 2.
474 2799 965 2865 Praemittemus
990 2804 1393 2885 quaestiones
1424 2804 1668 2887 aliquot
1700 2802 2102 2885 principales.
2131 2824 2206 2865 ex
2232 2800 2463 2883 quibus
2497 2800 2941 2864 determinatio
2976 2822 3077 2864 re-

142 2890 479 2972 liquarum
505 2889 834 2971 dependet.
884 2888 983 2953 Sit
1006 2912 1191 2975 ergo:
2683 2896 2696 2906 '

238 2976 295 3041 I.
327 2978 577 3059 Quaesl.
625 2976 725 3043 An
780 2980 1193 3063 Eaanyeliam
1224 2994 1493 3065 tempore
1540 2982 1598 3045 V.
1639 2983 1703 3047 T.
1736 2982 2072 3045 revelatum
2111 2977 2172 3044 ἃ
2195 2978 2510 3059 coqu-itum
2535 2979 2728 3061 fuerit
2751 2977 3080 3065 fidelibus?

150 3066 345 3150 Hesp.
394 3064 529 3129 Nos
576 3066 707 3152 Aff.
759 3067 928 3130 ducti
954 3066 1053 3131 his
1088 3070 1481 3154 argumentis
1505 3069 1555 3133 Ι.
1591 3070 1860 3152 Αἰῃιιυι.
1893 3068 2056 3142 Quia
2081 3069 2225 3132 Luc.
2255 3070 2357 3130 24.
2387 3088 2439 3129 v.
2471 3068 2575 3130 25.
2611 3068 2714 3129 27.
2743 3068 2846 3129 44.
2875 3067 3077 3131 Actor.

148 3156 260 3218 10.
303 3175 360 3217 υ.
388 3154 492 3217 43.
518 3154 565 3219 81
592 3156 693 3216 13.
720 3175 775 3218 υ.
807 3156 909 3217 27.
940 3157 1042 3219 29.
1074 3158 1176 3221 32.
1208 3158 1386 3225 Rom.
1419 3160 1473 3219 1.
1501 3180 1557 3222 υ.
1591 3161 1645 3221 1.
1681 3157 1912 3221 dicitur
1942 3156 2363 3241 Euangelium
2389 3155 2464 3218 de
2490 3154 2741 3219 Christo
2772 3156 3076 3219 traditum

140 3243 464 3326 scriptum
508 3242 555 3307 81·
586 3243 915 3327 cognitum
968 3244 1162 3309 fuisse
1210 3246 1549 3329 Prophetis
1596 3246 1677 3310 V.
1727 3244 1800 3308 T.
1859 3246 1902 3309 81
1953 3244 2190 3307 Paulus
2239 3246 2438 3309 Actor.
2493 3244 2595 3306 26.
2643 3265 2702 3307 v.
2755 3244 2859 3306 22.
2897 3244 2988 3307 ait
3012 3266 3078 3307 se

142 3330 591 3415 Euangelium
641 3332 1079 3415 praedicandO,
1138 3334 1305 3397 nihil
1352 3335 1744 3417 praedicasse
1818 3338 1998 3397 extra
2043 3332 2264 3397 Mosen
2314 3335 2356 3397 δι
2410 3332 2779 3415 Prophetas
2829 3329 2912 3395 II.
2959 3333 3078 3395 Ar-

138 3441 328 3505 yam.
394 3418 557 3493 Quia
602 3419 949 3504 Euangelii
996 3420 1279 3485 doctrina
1326 3444 1440 3505 per
1484 3446 1697 3487 omnes
1753 3428 1967 3505 partes
2029 3422 2266 3504 passim
2313 3421 2378 3483 in
2431 3420 2610 3483 libris
2657 3418 2739 3482 N.
2799 3418 2870 3481 T.
2921 3440 3076 3501 pro-

140 3510 349 3573 batur
396 3528 473 3570 ex
518 3509 769 3592 scriptis
822 3507 899 3571 V.
928 3508 1001 3571 T.
1030 3508 1104 3573 In
1130 3532 1254 3573 uno
1284 3512 1496 3575 Mami.
1527 3512 1629 3574 28.
1658 3512 1795 3574 loca
1819 3511 1911 3594 (ni
1933 3509 2148 3592 fallor)
2176 3510 2557 3593 allegantur.
2607 3506 2679 3569 11.
2705 3507 2974 3589 epistola
2999 3508 3078 3570 ad

140 3596 487 3661 Hebraeos
536 3618 613 3659 ex
666 3596 949 3679 professo
998 3598 1262 3662 umbrae
1303 3600 1806 3683 praefigurantes
1832 3598 1914 3662 V.
1941 3596 2014 3660 T.
2044 3602 2081 3660 a
2111 3598 2282 3661 Mose
2309 3597 2656 3678 descriptae
2675 3596 3078 3678 applicantur

142 3685 433 3751 Christo·
480 3682 555 3748 In
605 3684 748 3749 aliis
795 3683 976 3747 libris
1026 3685 1343 3750 historicis
1392 3690 1437 3753 a
1484 3686 1806 3751 didacticis
1860 3686 1943 3750 N.
1995 3686 2069 3749 T.
2097 3708 2220 3751 non
2253 3708 2454 3768 pauca
2481 3685 2613 3746 loca
2661 3684 3076 3746 adducuntur.

142 3773 333 3850 Quae
380 3774 433 3836 si
482 3777 661 3837 extra
694 3796 946 3856 scopum
988 3776 1033 3839 a
1060 3798 1313 3839 sensum
1338 3774 1612 3858 Spiritus
1639 3775 1841 3839 sancti
1873 3774 2230 3857 detorqueri
2257 3776 2300 3839 ἃ
2327 3772 2578 3837 Christ-o
2604 3771 2912 3853 applicari
2937 3771 3078 3853 quis

142 3863 327 3927 dicat
346 3883 361 3935 ;
380 3862 515 3946 jam
541 3861 931 3945 blasphemis
954 3860 997 3925 J
1000 3886 1037 3925 u
1048 3864 1217 3927 daeis
1242 3886 1495 3927 causam
1526 3864 1723 3928 tradit
1748 3865 1793 3929 &
1818 3864 2032 3945 script·
2063 3887 2168 3925 rae
2201 3861 2283 3923 N.
2310 3860 2384 3925 T.
2411 3859 2819 3923 autoritatem
2843 3859 3077 3942 prosti-

138 3951 302 4015 tuit.
327 3949 561 4014 Contra
581 3952 920 4015 ostendunt
944 3956 1472 4017 commentatores
1496 3950 1580 4016 N.
1608 3951 1703 4029 T.‚
1730 3954 1775 4017 &
1800 3955 1905 4016 Fr.
1935 3952 2172 4017 dania-5
2198 3952 2262 4013 in
2285 3949 2626 4032 parallelis,
2655 3947 3079 4031 Spanhemius

142 4042 217 4105 in
254 4039 467 4103 dubiis
491 4039 903 4124 EuanyeliciS,
935 4040 1072 4103 loca
1097 4040 1209 4103 illa
1242 4044 1411 4105 recte
1438 4041 1705 4125 allegari
1732 4046 1924 4122 atque
1949 4039 2278 4122 applicari.
2313 4035 2432 4100 ΙΙΙ.
2459 4038 2718 4121 Aryam.
2749 4036 2912 4111 Quia
2938 4039 3080 4119 post

143 4129 409 4212 lapsum
452 4127 631 4191 nulla
680 4128 928 4213 religi0‚
986 4128 1163 4191 nulla
1209 4128 1363 4193 fides
1420 4130 1719 4191 salutaris
1746 4128 1882 4191 sine
1907 4127 2182 4203 Christo,
2218 4129 2262 4192 &
2288 4125 2424 4189 sine
2451 4126 2826 4207 EuangeliQ
2854 4125 2920 4187 in
2953 4146 3078 4207 quo

144 4216 449 4281 Christus
500 4215 839 4280 revelatur.
887 4216 1021 4281 Joh.
1078 4218 1175 4280 14.
1236 4239 1291 4281 v.
1344 4220 1402 4279 6.
1436 4218 1635 4281 Actor.
1664 4217 1723 4279 4.
1750 4238 1805 4279 v.
1845 4217 1945 4278 12.
1977 4215 2135 4297 Eph.
2165 4218 2225 4279 2.
2251 4236 2306 4278 v.
2342 4215 2441 4281 12.
2484 4215 2581 4278 13.
2607 4212 2675 4277 Si
2699 4234 2852 4296 ergo
2885 4212 3080 4277 sacris

142 4306 309 4391 ipsis
358 4303 595 4389 obtigit
642 4305 835 4368 etiam
882 4304 1311 4390 Euangelium
1337 4310 1381 4373 &
1414 4306 1565 4369 fides
1593 4304 1831 4368 Christi
1855 4326 1930 4367 ex
1957 4304 2334 4389 EuangeliO,
2362 4304 2528 4385 quod
2555 4306 2650 4366 est
2675 4300 2952 4365 medium
2977 4323 3080 4365 ne·

148 4392 505 4460 cessarium
553 4392 634 4457 ad
678 4393 952 4459 salutem
982 4394 1187 4460 Actor.
1220 4396 1318 4459 15.
1349 4417 1402 4459 v.
1435 4395 1533 4457 11.
1561 4392 1675 4457 IV.
1704 4394 1967 4479 Arqum.
1996 4391 2160 4469 Quia
2185 4393 2301 4457 sub
2328 4389 2410 4455 V.
2433 4389 2508 4457 T.
2527 4391 2620 4476 pii
2643 4391 3082 4545 commtiniplne

2897 4500 2970 4545 oe
3014 4501 3080 4543 e-
