3694 4871
723 315 2478 384 D1sp.III.DannnzTJusT1T1AD1-:1.
2622 290 2625 293 Ι
3006 323 3089 387 59

127 525 376 568 camus
407 502 610 568 Deum
662 525 784 568 non
833 527 1018 589 posse
1067 505 1228 570 velle
1253 503 1402 568 talis
1426 503 1547 568 Dei
1575 504 1977 570 existentiam
2006 508 2117 569 aut
2140 505 2617 588 productionem
2646 531 2661 584 3
2702 530 2819 573 nec
2850 509 3092 592 petitur

129 592 542 676 principium
564 615 704 656 cum
729 593 850 660 hoc
881 595 1204 660 asseritur.
1243 591 1313 656 Si
1341 592 1482 675 quis
1511 593 1678 657 enim
1706 597 1839 658 tam
1866 593 2176 658 absurdus
2204 594 2305 672 sit,
2332 595 2440 677 qui
2466 601 2659 681 neget
2683 619 2820 662 esse
2844 621 3089 684 repug-

125 682 450 746 nantiam
479 682 542 745 in
577 683 869 748 terminis
895 708 912 760 3
945 686 1058 747 aut
1102 682 1308 746 Deum
1357 681 1487 746 hoc
1507 704 1632 746 non
1665 705 1867 767 posse,
1898 705 2041 746 eum
2073 706 2151 747 ex
2174 686 2405 747 natura
2429 686 2477 750 ἃ
2508 685 2835 750 attributis
2859 686 3089 752 divinis

131 771 484 834 evidenter
505 770 948 851 refutabimus,
985 773 1030 837 St
1061 773 1140 836 ad
1165 771 1509 835 absurdum
1535 771 1933 836 deducemus.

237 861 308 922 2.
359 858 476 924 III.
525 859 796 924 Instant.
846 863 1054 927 Deum
1098 861 1185 926 ad
1233 861 1473 946 falsum
1510 861 1889 926 eredendum
1913 860 2056 925 item
2082 861 2167 926 ad
2197 861 2579 948 impossibile
2597 884 2777 947 posse
2798 863 3089 949 obliqare.

131 961 216 1014 ut
267 949 734 1028 Abrahamum,
783 951 928 1016 item
977 949 1256 1016 ‚lesaiam
1289 949 1742 1032 praedicentem
1773 949 2027 1015 Hisltiae
2056 962 2339 1030 mortem,
2367 951 2599 1016 Jonam
2632 953 3089 1036 praedicentem

129 1038 440 1104 exidium
491 1037 730 1115 Ninive,
776 1040 1026 1123 plenius
1073 1039 1536 1104 discutiendum
1581 1051 1751 1103 esset.
1789 1041 1965 1120 Hesp.
1992 1036 2044 1101 I.
2072 1038 2173 1103 Ad
2198 1040 2557 1123 exemplum
2591 1040 2947 1106 Abrahami
2978 1065 3088 1107 re-

133 1128 562 1211 spondemus,
609 1126 768 1191 illud
815 1127 1097 1206 minime,
1123 1130 1558 1210 comparatum
1584 1149 1722 1192 esse
1747 1128 1826 1192 ad
1852 1127 2010 1191 illud
2034 1132 2165 1186 λῖκν
2194 1128 2363 1202 μέγα
2390 1129 2613 1198 otia-nux
2648 1129 2827 1215 [pag.
2858 1131 2940 1194 38
2951 1131 3020 1216 4]
3046 1133 3093 1198 a

133 1216 525 1300 paradoxon
549 1216 753 1280 invita
775 1217 948 1281 omni
981 1221 1134 1281 sana
1168 1215 1523 1300 Theologia
1546 1218 1992 1280 astruendum:
2022 1217 2197 1280 Fidei
2217 1217 2471 1282 divinae
2487 1238 2671 1302 posse
2692 1218 2938 1285 subesse
2964 1221 3091 1304 fal-

135 1326 328 1384 sum,
359 1304 424 1370 ἃ
445 1307 652 1371 Deum
675 1327 855 1390 posse
883 1307 1077 1372 alicui
1099 1305 1411 1370 mandare
1433 1316 1504 1369 ut
1535 1306 1742 1370 credat
1766 1307 2027 1388 salmom.
2062 1303 2235 1369 Nota
2269 1309 2365 1370 est
2396 1305 2718 1372 distinctio
2748 1308 3093 1374 voluntatis

137 1393 278 1460 Dei
330 1394 396 1458 in
421 1394 826 1477 beneplaciti,
853 1398 898 1462 a
931 1395 1248 1468 mandati3
1297 1414 1459 1476 quae
1487 1416 1628 1457 cum
1662 1395 1961 1478 utrinque
1984 1393 2049 1457 in
2084 1393 2371 1459 confesso
2396 1395 2499 1469 sit,
2526 1417 2649 1459 non
2676 1399 2776 1460 est
2799 1397 2964 1480 quod
2989 1397 3095 1461 hic

141 1507 228 1548 ex
284 1483 620 1553 elementis
667 1483 948 1548 locorum
997 1483 1425 1549 communium
1456 1482 1897 1565 probationem
1928 1482 2060 1565 ejus
2086 1505 2521 1566 recoquamus,
2556 1487 2669 1548 aut
2700 1484 2779 1548 ad
2804 1485 3093 1550 rancidas

137 1571 544 1656 objectiones
567 1569 1054 1658 Pelagianorum
1083 1593 1344 1656 operose
1371 1571 1883 1654 respondeamus.
1903 1569 1996 1635 Ut
2011 1570 2203 1634 verbo
2212 1570 2558 1648 absolvam,
2572 1571 2867 1658 Negatur
2883 1572 3091 1638 Deum

144 1661 534 1726 Abrahamo
576 1661 1054 1745 praescripsisse
1101 1665 1175 1725 ut
1218 1661 1501 1725 crederet
1547 1663 1816 1724 mortem
1856 1659 1994 1738 filii,
2022 1681 2133 1724 seu
2162 1660 2455 1726 effectum
2486 1663 2533 1727 a
2556 1662 3091 1746 complementum

141 1749 584 1815 mactationis
617 1748 933 1814 Neutram
979 1749 1494 1814 centradictionis
1519 1752 1766 1832 partem
1794 1772 1809 1826 3
1837 1749 1941 1813 Au
1966 1752 2167 1813 morte
2192 1748 2317 1814 ista
2342 1750 2620 1816 violenta
2644 1749 2897 1816 Isaacus
2924 1752 3092 1836 peri-

145 1843 342 1903 turus
375 1841 542 1903 esset
585 1861 700 1902 nec
748 1862 827 1903 ne
873 1839 971 1903 illi
993 1837 1320 1913 revelavit,
1349 1837 1580 1902 nedum
1613 1842 1686 1901 ut
1716 1838 2091 1903 credendam
2114 1839 2512 1922 praeceperit
2538 1860 2553 1902 :
2587 1839 2897 1904 hactenus
2922 1840 3091 1905 enim

148 1932 302 1993 erat
339 1927 437 1992 illi
485 1927 778 1992 voluntas
823 1927 944 1992 Dei
975 1927 1242 2004 occulta,
1269 1927 1315 1991 ἃ
1339 1948 1464 1990 non
1488 1926 1788 1991 revelata.
1816 1926 2219 1992 Contrarium
2244 1949 2323 1991 ex
2348 1931 2527 1992 textu
2550 1951 2630 1992 ne
2656 1928 2925 1992 minima
2949 1929 3090 2012 qui-

147 2019 304 2081 dem
335 2015 544 2100 specie
591 2016 986 2100 probabitur.
1023 2015 1335 2081 Credebat
1375 2013 1798 2102 AbrahamuS‚
1828 2014 2037 2080 Deum
2076 2037 2193 2098 per
2216 2014 2505 2081 Isaacum
2530 2017 2686 2094 (sive
2709 2017 2775 2080 in
2801 2018 2933 2082 vita
2958 2040 3090 2082 ser-

147 2107 457 2181 vandum,
485 2104 616 2168 sive
643 2127 718 2169 ex
743 2106 1010 2170 mortuis
1033 2105 1502 2170 suscitandum:
1529 2107 1871 2188 utrumque
1887 2105 2057 2170 enim
2078 2107 2215 2168 erat
2236 2104 2567 2188 possibile)
2584 2109 3089 2189 propagaturum

153 2197 422 2274 gentem
471 2214 772 2278 magnam
815 2195 870 2259 a·
907 2194 1052 2258 inde
1083 2194 1340 2258 tandem
1386 2192 1721 2257 oriundum
1753 2191 2075 2258 Messiam.
2124 2191 2264 2256 Nec
2288 2192 2496 2258 minus
2520 2194 2770 2258 credere
2798 2193 3090 2273 debebat,

155 2283 374 2348 Deum
423 2282 546 2347 sibi
587 2282 908 2361 mandare,
957 2289 1029 2346 ut
1077 2282 1259 2346 illum
1307 2281 1598 2346 Isaacum
1631 2287 1960 2361 mactaret,
1994 2303 2186 2364 seque
2211 2281 2481 2366 obligari
2514 2282 2595 2346 ad
2617 2282 3044 2347 obedientiam
3073 2305 3090 2358 3

155 2375 358 2457 prout
403 2371 597 2437 etiam
643 2371 719 2435 de
751 2369 936 2437 -facto
981 2371 1410 2437 obedientiam
1457 2369 1763 2435 hactenus
1811 2369 2199 2456 praestabat,
2228 2374 2299 2434 ut
2330 2371 2537 2434 filium
2559 2393 2743 2435 suum
2768 2371 3019 2437 decreto
3044 2373 3091 2439 St

157 2462 494 2527 voluntate
515 2483 631 2525 sua
654 2462 910 2525 offerret
937 2461 1126 2528 Hebr.
1157 2462 1254 2525 ll.
1281 2482 1336 2525 v.
1370 2462 1472 2523 17.
1498 2458 1634 2524 Sed.
1645 2459 1722 2525 de
1746 2460 1867 2525 hoc
1891 2461 2057 2526 forte
2082 2460 2258 2534 alibi,
2276 2464 2389 2525 aut
2404 2460 2575 2525 infra
2589 2460 2655 2523 in
2674 2460 3088 2543 problematis

154 2550 360 2636 paulo
387 2549 593 2614 fusius
639 2550 1083 2633 disputandum
1132 2550 1275 2614 erit.
1315 2547 1693 2614 Scholastici
1717 2549 1925 2623 varias
1956 2550 2061 2614 hic
2084 2548 2381 2613 adferunt
2404 2548 2859 2619 distinctiones,
2888 2553 2961 2613 ut
2984 2572 3087 2615 ar-

157 2642 471 2725 gumento
514 2638 664 2703 huic
695 2638 1127 2704 satisfaciant:
1175 2638 1284 2703 sed
1329 2660 1454 2702 non
1503 2642 1802 2721 putamus
1841 2638 2007 2703 hanc
2030 2658 2165 2701 esse
2190 2638 2731 2721 simplicissimam
2761 2639 2809 2703 ἃ
2838 2638 3086 2704 tutissi-

158 2750 358 2793 mam.
407 2725 492 2792 ΙΙ.
517 2724 684 2791 Illud
707 2728 786 2792 de
814 2727 1050 2793 Hiskia
1073 2730 1118 2795 sc
1141 2727 1309 2792 Jona
1332 2728 1489 2791 satis
1521 2726 1941 2809 explicuimus
1966 2727 2029 2791 in
2055 2726 2299 2791 dissert.
2324 2728 2401 2792 de
2439 2726 2729 2792 Termino
2754 2728 2934 2793 vitae.
2967 2726 3086 2791 III.

161 2818 270 2882 An
317 2815 494 2881 Deus
539 2816 742 2899 possit
785 2816 1110 2883 hominem
1139 2816 1426 2900 obligare
1452 2817 1532 2881 ad
1564 2814 1979 2899 impossibile,
2013 2816 2251 2879 frustra
2277 2815 2401 2879 huc
2424 2814 2729 2879 adfertur.
2754 2815 2899 2880 Sive
2922 2815 3093 2881 enim

162 2907 524 2972 affirmetur
547 2904 679 2969 sive
703 2910 1000 2991 negetur3
1025 2906 1188 2970 nihil
1211 2903 1367 2969 facit
1392 2905 1470 2968 ad
1493 2903 1885 2989 probandam
1910 2903 2279 2983 antithesin,
2306 2905 2473 2987 quod
2490 2903 2664 2969 Deus
2688 2905 2890 2988 possit
2914 2928 3093 2969 man-

163 2998 316 3061 dare
349 2993 450 3059 sui
493 2993 726 3067 odium,
760 2993 1248 3078 blasphemiam,
1273 2995 1320 3059 ἃ
1343 2994 1756 3076 quodcunque
1790 2994 1963 3057 aliud
1987 2996 2315 3077 peccatum
2338 2996 2559 3058 contra
2582 2992 2859 3076 primum
2890 2993 2937 3057 ἃ
2960 2997 3090 3058 ter-

159 3085 326 3149 tium
351 3082 637 3168 decalogi
659 3082 1237 3167 praeceptum.·Sed
1260 3082 1425 3147 forte
1449 3082 1619 3146 infra
1643 3082 1708 3146 in
1739 3104 2080 3167 progressu
2110 3083 2350 3159 ζήτημα
2380 3080 2501 3147 hoc
2532 3082 2942 3169 attingemus.

257 3174 318 3237 3.
345 3170 462 3236 IV.
489 3169 760 3236 Instant.
798 3172 1004 3239 Deum
1028 3175 1164 3238 sine
1186 3172 1481 3239 demerito
1503 3192 1683 3256 posse
1703 3172 1989 3257 aflliyere
2010 3172 2397 3235 innocentem
2417 3182 2795 3236 creaturam.
2832 3171 2922 3235 At
2947 3194 3093 3236 vero

163 3262 568 3327 innocentem
611 3259 878 3345 affigere
923 3264 1021 3325 est
1064 3284 1164 3327 res
1204 3260 1610 3326 intrinsecam
1665 3259 1979 3324 malitiam
2035 3259 2277 3324 habens
2331 3261 2430 3325 Sic.
2480 3260 2659 3343 Hesp.
2708 3260 2763 3323 l.
2792 3257 3093 3334 Quaestio

167 3356 306 3417 erat
336 3372 420 3414 an
450 3347 624 3413 Deus
670 3349 846 3414 salva
877 3372 992 3413 sua
1021 3356 1252 3415 natura
1283 3354 1328 3417 ἃ
1368 3350 1606 3433 absque
1629 3348 2063 3431 implicatione
2090 3347 2604 3413 contradictionis
2629 3347 2829 3431 possit
2859 3348 3023 3412 velle
3046 3349 3093 3413 δι

165 3440 532 3525 praecipere
572 3437 786 3502 odium
833 3438 951 3515 sui,
1000 3438 1486 3523 blasphemiam,
1519 3439 1566 3503 ἃ
1589 3437 1915 3521 quaelibet
1936 3437 2251 3501 horrenda
2281 3440 2539 3520 peccata
2570 3440 2789 3500 contra
2819 3436 3089 3519 primam

169 3526 456 3613 decalogi
520 3526 826 3605 tabulam,
890 3549 1158 3610 quorum
1222 3528 1438 3611 aliqua
1495 3527 1704 3611 priori
1764 3538 1945 3611 parte
1995 3526 2187 3610 hujus
2242 3525 2405 3609 disp.
2454 3524 2903 3589 recensuimus.
2968 3523 3103 3589 Pro·

169 3614 558 3682 affirmativa
603 3614 890 3680 adfertur
918 3616 1038 3680 hoc
1070 3620 1538 3702 argumentum,
1564 3616 1714 3698 quia
1745 3617 1960 3698 potest
1982 3614 2223 3697 aliquid
2245 3613 2489 3677 habens
2524 3612 2934 3677 intrinsecam
2956 3636 3089 3677 ma-

169 3706 310 3770 litia
355 3703 644 3787 affligere
684 3704 924 3768 scilicet
959 3709 1316 3769 creaturam
1340 3706 1759 3769 innocentem.
1785 3702 1910 3768 Sed
1936 3704 2081 3788 Ne9.
2108 3701 2573 3785 consequentia,
2622 3700 2769 3766 Non
2796 3702 2965 3766 enim
2990 3724 3087 3766 se-

174 3795 406 3878 quitur,
441 3796 480 3857 a
525 3791 694 3855 malo
739 3792 906 3857 tristi
933 3815 1045 3858 seu
1092 3798 1327 3871 λυπηρῷ
1350 3816 1428 3857 an
1456 3794 1692 3857 malum
1720 3794 1907 3875 turpe
1939 3814 2051 3857 seu
2072 3792 2314 3874 culpae,
2340 3790 2513 3855 Deus
2546 3793 2757 3874 potest
2780 3789 3091 3875 affligere,

174 3904 322 3967 ergo
345 3884 558 3965 potest
581 3902 840 3963 peccare
863 3885 976 3945 aut
999 3881 1164 3946 velle
1193 3882 1436 3946 homini
1461 3881 1824 3965 praecipere
1847 3884 2195 3964 peccatum.
2222 3878 2443 3943 Potest
2464 3900 2601 3943 esse
2624 3882 2809 3943 autor
2832 3878 2879 3943 δι
2902 3901 3092 3943 causa

175 3970 323 4035 mali
347 3968 588 4034 tristis:
617 3990 771 4053 ergo
795 3970 986 4033 etiam
1014 3970 1168 4034 mali
1198 3970 1406 4053 turpis
1428 3970 1560 4035 sive
1591 3970 1857 4054 physica
1880 3968 2013 4033 sive
2035 3968 2295 4033 moralis
2318 3967 2409 4031 sic
2441 3970 2513 4031 ut
2532 3966 2673 4050 ipse
2694 3967 2853 4031 illud
2877 3966 3093 4047 faciat,

176 4064 282 4124 aut
313 4058 498 4122 alteri
530 4056 880 4141 praecipiat
901 4057 1128 4123 facere.
1177 4057 1261 4123 II.
1297 4058 1476 4135 Quod
1509 4058 1563 4122 si
1595 4058 1782 4136 dicat,
1808 4056 2077 4121 statui&
2100 4056 2299 4122 solide
2320 4056 2578 4139 probari
2605 4058 2644 4119 a
2666 4078 2735 4120 se
2758 4057 2805 4122 a
2832 4058 2870 4119 a
2892 4054 3092 4120 Scho-

176 4146 413 4213 lasticis
459 4170 532 4211 ac
555 4145 1011 4211 recentioribus
1034 4147 1375 4226 nonnulliS,
1403 4146 1608 4211 Deum
1636 4148 1818 4231 [pag.
1844 4146 2008 4230 385]
2035 4145 2171 4210 sine
2193 4148 2451 4228 peccato
2476 4144 2523 4209 δι
2546 4143 2969 4230 abnegatione
2993 4146 3091 4209 sui

176 4236 369 4321 ipsius
391 4256 576 4318 posse
600 4233 794 4297 etiam
818 4236 882 4299 in
895 4239 1218 4299 aeternum
1247 4234 1630 4301 cruciatibus
1653 4233 2075 4299 infernalibus
2100 4232 2388 4317 affligere
2412 4236 2767 4297 creaturam
2790 4234 3091 4298 innocen-

179 4330 300 4389 tem
325 4346 342 4388 :
384 4324 519 4407 jam
559 4344 687 4386 una
733 4324 960 4388 statuit
982 4324 1374 4389 voluntatem
1400 4324 1464 4387 in
1497 4323 1930 4388 executionem
1956 4322 2135 4386 illam
2159 4321 2302 4399 Dei,
2326 4321 2573 4385 nullam
2600 4321 2836 4385 habere
2859 4321 3090 4386 intrin-

179 4434 376 4480 secam
409 4411 724 4477 malitiam
763 4415 1055 4497 respectu
1077 4411 1220 4495 Dei,
1246 4413 1412 4498 quod
1435 4434 1560 4477 non
1585 4414 1901 4498 repugnet
1924 4432 2278 4495 supremae,
2304 4408 2633 4475 absolutae
2657 4410 2703 4479 a
2726 4408 3091 4560 iibelrrimae

493 4516 500 4519 ·
2382 4526 2391 4533 ·
2876 4518 3090 4561 umine
