3694 4871
634 308 718 373 48
1216 307 2965 378 D1s12.111.Dannszusm-rmDm.

630 499 762 560 tate
793 495 1242 560 satisfactionis
1289 518 1400 579 pro
1447 500 1738 580 peccato:
1774 519 1969 580 quam
2014 501 2231 562 tamen
2260 499 2560 564 adversae
2592 498 2945 564 sententiae
2970 495 3229 580 patroni
3250 494 3569 560 hactenus

629 585 959 648 nobiscum
1003 584 1440 649 defenderunt.
1488 586 1550 650 9.
1607 585 1772 665 Quia
1817 587 2077 650 tandem
2115 591 2505 670 sequeretur,
2526 588 2771 652 nullam
2787 609 2925 651 esse
2958 584 3463 669 repugnantiam
3511 585 3569 647 in

631 673 942 752 terminiS,
965 673 1207 736 nullam
1241 673 1738 757 implicationem
1773 674 2307 754 contradictioniS,
2347 676 2511 740 nihil
2537 675 2674 740 Deo
2692 676 2981 740 absolute
3006 672 3431 756 impossibile.
3486 671 3571 737 Ut

629 762 800 826 enim
842 761 1133 826 nonnulli
1164 761 1286 825 Dei
1316 763 1688 845 potentiam,
1714 761 1836 827 Dei
1861 764 2175 828 rationem
2198 767 2244 829 &
2270 764 2541 849 logicam
2566 765 2731 829 male
2764 763 3013 848 asylum
3052 761 3297 825 faciunt
3318 765 3573 824 contra-

632 850 978 914 dictionum
1023 852 1071 915 &
1124 850 1572 914 absurdorum:
1621 853 1712 916 sic
1751 853 2155 916 metuendum
2183 875 2263 916 ne
2286 853 2544 918 tandem
2569 853 2710 937 quis
2736 875 2813 916 ex
2844 850 3190 935 hypothesi
3215 849 3569 914 sententiae

632 939 928 1003 adversae
952 940 999 1006 δι
1025 939 1218 1022 impari
1241 938 1494 1016 inferat,
1520 940 1730 1004 Deum
1760 941 1960 1005 libere
1986 963 2170 1024 posse
2196 941 2527 1005 decernere
2554 944 2601 1008 a
2632 940 2973 1006 secundum
3006 939 3331 1004 decretum
3362 937 3571 1002 facere

633 1031 705 1091 ut
756 1026 946 1092 homo
993 1027 1079 1091 sit
1122 1026 1532 1106 irrationalis,
1581 1029 1627 1092 a
1672 1029 1937 1094 brutum
1974 1029 2303 1105 rationale,
2342 1033 2387 1096 δι
2422 1030 2598 1094 canis
2622 1031 2707 1094 sit
2731 1029 2895 1112 lapis
2926 1033 3042 1092 aut
3072 1027 3287 1106 hom0,
3314 1029 3359 1092 ἃ
3394 1027 3567 1090 vice-

630 1138 832 1193 versa‚
858 1118 903 1182 &
926 1137 1153 1198 corpus
1183 1115 1320 1179 sine
1343 1117 1724 1200 quantitate,
1751 1119 1796 1182 δι
1821 1118 2121 1182 accedens
2152 1119 2289 1182 sine
2306 1118 2607 1201 subjectO,
2642 1121 2688 1184 8⁶
2712 1118 2881 1182 idem
2904 1117 3139 1182 Petrus
3166 1114 3409 1180 Romae
3434 1137 3565 1178 mo·

632 1204 854 1280 riatur,
889 1203 934 1268 ἃ
988 1203 1322 1288 Ultrajecti
1353 1205 1546 1282 vivat,
1582 1207 1627 1271 δι
1652 1205 1951 1270 Coloniae
1976 1205 2262 1289 quiescat
2292 1209 2339 1272 a
2362 1205 2651 1292 Lutetiae
2683 1209 3031 1280 moveatur,
3060 1205 3318 1288 aliaque
3343 1203 3565 1269 similis

631 1296 947 1372 sexcenta,
980 1313 1248 1375 quorum
1273 1297 1520 1376 partem
1549 1293 1907 1358 notavimus
1931 1293 1999 1357 in
2030 1295 2195 1379 disp.
2218 1295 2293 1360 de
2319 1295 2608 1362 Potentia
2632 1296 2751 1360 Dei
2766 1317 2781 1358 τ
2808 1295 2918 1358 ubi
2944 1294 3111 1358 vide.
3162 1293 3377 1358 Facile
3404 1293 3565 1356 enim

634 1381 756 1445 erit
790 1380 940 1457 illis,
996 1381 1108 1464 qui
1155 1385 1451 1464 portenta
1495 1381 1653 1446 haec
1675 1383 2045 1466 parturiunt
2068 1387 2183 1447 aut
2204 1384 2405 1458 alunt,
2430 1387 2821 1467 praetexere,
2852 1383 3099 1446 nullam
3126 1382 3563 1446 necessitatem

635 1473 681 1535 8⁶
725 1469 1194 1533 immutabilem
1232 1469 1542 1534 rationem
1591 1493 1658 1534 se
1709 1471 1947 1535 habere
1994 1473 2437 1537 antecedenter
2478 1473 2559 1536 ad
2583 1473 2975 1536 voluntatem
3000 1471 3147 1549 Dei,
3173 1469 3441 1548 curius,
3470 1467 3567 1551 qui

631 1562 939 1643 tanquam
978 1556 1250 1622 liberum
1290 1580 1486 1643 agens
1531 1581 1700 1624 nunc
1727 1559 1842 1623 illa
1864 1560 1946 1623 ad
1971 1565 2152 1624 extra
2176 1560 2266 1624 sic
2287 1561 2583 1640 decrevit,
2609 1561 2655 1624 ἃ
2678 1559 2831 1624 fecit
2862 1560 2927 1624 in
2960 1560 3295 1637 creaturiS,
3322 1557 3565 1642 opposi-

631 1652 769 1711 tum
797 1645 1146 1710 decrevisse
1173 1650 1285 1710 aut
1308 1648 1640 1712 decernere
1665 1670 1788 1712 non
1816 1649 2050 1732 possit:
2080 1649 2589 1734 quandoquidem
2615 1649 2819 1713 libera
2844 1648 3139 1712 voluntas
3165 1646 3289 1711 Dei
3314 1648 3397 1710 sit
3422 1647 3565 1711 sola.

633 1735 863 1819 prima,
897 1756 1196 1818 suprema
1234 1757 1426 1800 causa
1471 1736 1756 1800 omnium
1803 1737 1883 1800 ad
1906 1741 2105 1801 extra.
2154 1735 2269 1801 IV.
2320 1739 2473 1824 Arq.
2506 1738 2591 1802 sit
2622 1736 3253 1820 supernumerarium
3278 1738 3327 1802 δι
3350 1735 3567 1819 proha-

633 1823 780 1899 bile,
833 1823 1194 1887 desumtum
1248 1827 1286 1886 a
1331 1846 1638 1889 consensu
1686 1825 2092 1909 sapientium,
2143 1826 2253 1911 qui
2286 1825 2451 1890 hanc
2474 1849 2609 1890 rem
2640 1825 2935 1910 proprius
2970 1825 3468 1890 considerarunt.
3514 1823 3563 1886 A

635 1911 859 1976 multis
892 1916 1060 1976 enim
1094 1912 1354 1998 (fateor)
1379 1913 1446 1975 in
1471 1913 1764 1978 terminis
1797 1915 1842 1980 ἃ,
1874 1914 2192 1978 abstracte
2218 1915 2507 1999 quaestio
2532 1915 2859 1998 proposita
2888 1936 3018 1978 non
3042 1913 3193 1990 fuit,
3220 1936 3295 1977 ac
3316 1911 3567 1996 proinde

636 2000 958 2065 distinctio
1005 2023 1132 2064 non
1177 2000 1524 2080 intellecta,
1561 2002 1642 2066 ab
1669 2002 1812 2066 aliis
1837 2003 1963 2066 non
1996 2002 2151 2066 satis
2176 2003 2428 2066 exculta
2452 2002 2847 2086 penitissime
2889 2024 3091 2086 usque
3117 2003 3201 2066 ad
3222 2001 3413 2066 finem
3438 2022 3565 2064 eam

641 2089 1050 2164 defendendO,
1086 2091 1133 2155 8⁶
1164 2089 1240 2152 ad
1273 2090 1688 2173 particularia
1713 2091 2109 2174 applicando,
2138 2091 2425 2155 Primum
2456 2092 2637 2177 [pag.
2668 2089 2829 2175 3‘70]
2864 2112 3021 2175 ergo
3050 2091 3181 2155 huc
3204 2088 3567 2154 conferenda

632 2200 796 2262 quae
843 2177 1158 2262 Theologi
1205 2178 1424 2242 dicunt
1463 2178 1538 2242 de
1572 2179 1917 2258 essentiali,
1966 2201 2283 2262 suprema,
2340 2181 2385 2245 ἃ
2418 2180 2711 2244 absoluta
2743 2183 3086 2262 potestate,
3122 2179 3476 2262 majestate,
3504 2199 3565 2240 ac

631 2267 910 2332 dominio
934 2267 1078 2345 Dei,
1111 2267 1279 2351 quod
1318 2265 1494 2331 Deus
1541 2267 1750 2350 posita
1798 2267 2015 2350 aliqua
2046 2281 2336 2332 creatura
2353 2269 2419 2331 in
2450 2273 2597 2332 actu
2628 2268 2949 2351 abnegare
2982 2290 3109 2332 non
3142 2271 3377 2350 potest,
3400 2269 3449 2332 a
3476 2264 3565 2330 cui

633 2356 1052 2420 materialiter
1097 2354 1354 2420 subesse
1400 2359 1700 2419 tenentur
1752 2378 1970 2420 omnes
2000 2361 2347 2435 creaturae,
2373 2355 2727 2421 formaliter
2752 2357 2798 2421 ἃ
2822 2356 3228 2420 rationaliter
3250 2360 3562 2419 creaturae

631 2446 997 2523 rationales,
1030 2445 1268 2528 quippe
1291 2446 1466 2509 solae
1487 2444 1640 2509 talis
1665 2446 2074 2528 subjectionis
2100 2468 2381 2529 capaceS.
2430 2444 2472 2511 J
2476 2470 2579 2511 am
2618 2468 2768 2509 vero
2793 2445 2904 2509 ubi
2930 2450 3217 2529 potestas
3244 2444 3565 2518 naturalia

631 2534 1008 2611 necessaria,
1034 2538 1182 2597 ante
1207 2534 1481 2598 liberum
1502 2533 1850 2598 voluntatis
1875 2539 2107 2613 actum,
2140 2534 2233 2597 ibi
2250 2535 2355 2617 jus
2385 2534 2874 2619 homogeneum.
2924 2533 3259 2617 Siquidem
3277 2534 3386 2616 jus
3414 2530 3563 2596 nihil

635 2622 810 2686 aliud
833 2626 931 2685 est
954 2644 1148 2705 quam
1172 2623 1448 2705 qualitas
1471 2622 1732 2687 moralis
1756 2644 2060 2707 personae
2087 2627 2451 2706 competens
2476 2623 2556 2687 ad
2585 2622 2829 2707 aliquid
2850 2622 3222 2686 habendum
3246 2626 3363 2685 aut
3390 2642 3563 2705 agen·

637 2710 807 2774 dum.
857 2709 1206 2775 consulant
1235 2710 1502 2775 studiosi
1546 2711 1750 2775 nostri
1797 2711 1951 2775 data
1990 2712 2335 2790 occasione,
2368 2712 2623 2794 quosvis
2653 2712 2935 2775 locorum
2958 2732 3186 2775 comm.
3215 2710 3561 2793 scriptore-⁶.»⁷

638 2800 684 2863 a
709 2797 1153 2863 Scholasticos.
1201 2799 1444 2863 Demde
1466 2822 1684 2863 omnes
1708 2798 2089 2865 Scholastici
2110 2800 2207 2863 illi
2242 2802 2286 2865 St
2319 2798 2668 2879 Casuistae,
2693 2800 2806 2883 qui
2838 2804 3089 2863 exserte
3116 2798 3244 2863 ista
3266 2802 3563 2871 statuunt,

637 2886 983 2971 Aliquibus
1029 2887 1276 2951 actibus
1313 2888 1611 2952 humanis
1634 2888 1730 2952 ita
1753 2910 1890 2953 esse
1914 2889 2314 2971 conjunctam
2338 2888 2691 2967 malatiani,
2724 2890 2797 2950 ut
2828 2888 2909 2951 ab
2934 2887 3067 2951 illis
3091 2909 3355 2970 prorsus
3378 2886 3462 2950 sit
3480 2885 3561 2948 in·

639 2974 1048 3059 separabilis3
1075 2978 1122 3041 δε
1145 2978 1364 3040 contra
1388 2976 1710 3058 aliquibus
1742 2976 1835 3039 ita
1879 2976 2289 3041 intrinsecam
2326 2998 2461 3041 esse
2485 2976 2859 3052 bonitatem,
2885 2975 3297 3040 honestatem
3320 2977 3367 3041 a
3388 2972 3563 3059 justi·

638 3064 820 3143 tiam,
861 3067 936 3127 ut
975 3064 1056 3127 ab
1101 3064 1180 3129 iis
1220 3064 1438 3129 divelli
1496 3086 1624 3128 non
1646 3065 1883 3148 possit:
1922 3062 2089 3129 Item
2112 3064 2352 3149 Aliqua
2375 3086 2511 3129 esse
2535 3064 2915 3129 naturaliter
2932 3065 3132 3149 justa,
3158 3063 3373 3131 &ideo
3394 3084 3562 3147 prae·

637 3156 843 3236 cepta,
875 3152 1028 3237 quia
1072 3153 1274 3229 bona3
1316 3153 1534 3239 aliqua
1569 3175 1718 3217 vero
1742 3154 1882 3217 fieri
1904 3154 2080 3237 justa
2104 3153 2506 3217 institutione
2533 3153 2765 3231 divina,
2790 3154 2837 3218 δι
2860 3152 3030 3217 bona
3053 3174 3192 3217 esse
3218 3153 3373 3237 quia
3393 3171 3560 3235 prae·

638 3245 844 3324 cepta,
890 3263 1159 3324 quorum
1199 3241 1468 3306 materia
1521 3263 1649 3306 non
1689 3242 1922 3324 pendet
1959 3264 2037 3306 ex
2083 3241 2361 3306 dominio
2385 3241 2537 3319 Dei3
2570 3242 2662 3305 ita
2680 3246 2751 3305 ut
2774 3241 3069 3305 absoluto
3094 3240 3376 3305 dominio
3404 3240 3563 3304 Deus

639 3331 734 3393 uti
761 3352 887 3394 non
917 3330 1118 3413 possit
1141 3330 1222 3394 ad
1245 3330 1582 3394 materiam
1605 3328 2017 3415 obligationis
2056 3330 2464 3407 mutandam;
2499 3352 2661 3415 quae
2706 3332 3049 3413 praecepta
3074 3330 3217 3395 ideo
3242 3330 3375 3393 sint
3394 3332 3561 3393 natu-

637 3419 818 3498 ralia,
850 3419 920 3481 in
943 3419 1229 3501 qualibet
1251 3417 1728 3483 circumstantia
1760 3418 2137 3504 obligantia.
2155 3418 2417 3483 Adhaec
2438 3440 2566 3483 non
2594 3440 2777 3502 posse
2808 3418 3021 3502 legem
3043 3422 3314 3483 naturae
3346 3439 3467 3503 quo
3494 3414 3563 3479 ad

638 3508 998 3572 communia
1022 3508 1158 3591 ejus
1181 3506 1438 3585 mutari,
1475 3510 1588 3570 aut
1612 3528 1687 3570 ex
1709 3507 2003 3571 cordibus
2032 3507 2365 3593 hominum
2390 3507 2651 3571 aboleri.
2682 3505 2977 3589 Denique
2999 3507 3219 3570 omnia
3242 3506 3559 3590 praecepta

641 3595 947 3680 decalogi,
1002 3596 1232 3660 saltem
1277 3595 1404 3659 tria
1450 3594 1697 3678 primae
1721 3595 1981 3660 tabulae
2012 3600 2350 3680 praecepta
2384 3618 2506 3659 non
2530 3617 2667 3659 esse
2693 3594 3171 3678 dispensabilis..
3218 3594 3385 3659 Vide
3416 3596 3560 3659 Tho·

642 3704 818 3749 mam
848 3706 993 3748 cum
1039 3682 1412 3764 Thomistis,
1455 3682 1508 3747 1.
1537 3684 1595 3748 2.
1628 3706 1690 3768 q.
1719 3684 1867 3749 100.
1892 3697 2012 3749 art.
2038 3686 2101 3751 8.
2127 3684 2261 3764 (ubi
2286 3684 2718 3769 nominatim,)
2746 3684 3079 3767 Cajetanus
3104 3685 3167 3747 2.
3192 3705 3303 3771 qu.
3322 3683 3431 3765 57.
3454 3691 3558 3746 art.

646 3772 706 3836 2.
733 3774 780 3838 8ο
805 3796 864 3859 q.
891 3773 996 3837 94.
1023 3784 1142 3837 art.
1179 3774 1241 3838 5.
1267 3775 1313 3839 δι
1337 3774 1398 3837 6.
1427 3774 1943 3838 Bonavemuram
1990 3774 2075 3838 ad
2097 3771 2149 3838 Ι.
2176 3774 2318 3838 dist.
2353 3773 2459 3837 47.
2506 3793 2615 3858 qu.
2633 3773 2694 3835 4.
2721 3772 2789 3835 in
2814 3794 3005 3854 quem
3028 3784 3412 3837 commentar
3456 3772 3559 3835 Pe-

645 3861 725 3924 tri
751 3862 1020 3945 Capulli,
1045 3862 1298 3927 Scotum
1324 3884 1465 3926 cum
1491 3859 1780 3925 Scotistis
1805 3861 2066 3926 exhibet
2096 3862 2355 3947 egregie
2380 3862 2718 3945 explicatio
2739 3860 2997 3926 Rhadae
3039 3863 3108 3925 in
3148 3858 3561 3927 controversiis

644 3960 808 4030 part.
857 3951 920 4014 3.
964 3963 1235 4016 controv.
1286 3952 1386 4014 16.
1443 3952 1479 4035 5
1521 3950 1581 4013 2.
1625 3948 1726 4013 Ex
1751 3950 2207 4015 recentioribus
2258 3952 2527 4036 Vasquez
2562 3950 2647 4015 ad
2669 3948 2721 4013 Ι.
2749 3950 2811 4014 2.
2838 3950 3006 4033 disp.
3039 3950 3148 4013 97.
3177 3952 3237 4013 3.
3266 3952 3313 4016 a
3342 3949 3481 4013 179.
3502 3947 3556 4007 3.

647 4036 848 4111 Quem
872 4038 1028 4102 citat
1057 4046 1101 4101 δι
1125 4040 1413 4122 sequitur
1434 4038 1615 4105 Ferd.
1639 4040 1680 4101 ἁ
1710 4040 1929 4104 Castro
1954 4039 2156 4107 Palao
2180 4039 2251 4103 in
2281 4061 2463 4125 opere
2484 4039 2714 4104 morali
2753 4050 2925 4104 tra-ct.
2954 4040 3017 4101 3.
3043 4039 3211 4122 disp.
3258 4040 3321 4105 6.
3346 4045 3557 4122 pundo

649 4125 710 4186 3.
757 4126 818 4206 §-
849 4126 909 4189 6.
943 4126 1051 4189 ubi
1097 4127 1174 4191 de
1219 4126 1690 4210 dispensatione
1737 4127 1901 4210 legis
1917 4128 2083 4192 circa
2107 4130 2470 4212 exemplum
2494 4127 2850 4193 Abrahami
2868 4128 2959 4191 sic
2989 4128 3303 4213 loquitur:
3328 4128 3554 4210 Suppo-

509 4266 518 4275 .
648 4212 932 4275 nendum
960 4226 1043 4277 est
1087 4215 1302 4299 alima
1338 4236 1463 4280 esse
1505 4226 1829 4310 praccepta
1876 4218 2202 4282 naturalia
2244 4217 2681 4295 immutabilia,
2736 4237 3017 4302 quaeque
3061 4217 3131 4281 in
3168 4216 3429 4302 qualibet
3450 4214 3557 4277 cir-

649 4302 1029 4364 cumstantia
1071 4316 1394 4389 praecepta
1434 4315 1605 4368 suna
1653 4305 1818 4368 Haec
1868 4318 2199 4371 censemur
2242 4327 2369 4370 esse
2413 4307 2631 4371 omnia
2674 4306 2804 4383 illa,
2834 4326 3113 4391 qum-mn
3144 4306 3403 4369 maceria
3442 4320 3551 4366 nou

647 4387 872 4469 pendet
916 4408 989 4450 ea:
1033 4390 1312 4455 dominio
1358 4393 1496 4471 Dei,
1542 4393 1756 4477 qualia
1785 4406 1935 4457 sum
1968 4395 2243 4474 meutiri,
2290 4396 2483 4478 salsos
2508 4396 2671 4459 Deos
2702 4396 2912 4471 colere,
2936 4394 3081 4459 odio
3104 4394 3316 4459 Deum
3338 4393 3554 4545 baffi

3492 4500 3517 4541 ι
