3694 4871
606 317 733 381 206
815 313 1037 381 Dlsr.
1085 311 1237 381 VII.
1287 314 1964 383 Paonnnun‘ruu
2012 337 2109 381 nn
2155 314 2513 382 Mnmro
2560 315 2941 382 Cnnrsm
2986 313 3196 382 PAns
3241 315 3361 381 IV.

601 503 698 568 vis
723 507 762 568 a
784 525 933 568 voce
958 501 1164 566 meriti
1193 501 1580 568 abstineant.
1604 497 1724 565 VI.
1753 500 1960 568 Probl.
1985 501 2388 568 AnChristus
2412 502 2536 568 dici
2558 502 2758 586 possit
2778 503 3067 567 omnium
3090 501 3537 567 salvandorum

603 591 890 674 aequalis
913 589 1228 655 Mediator
1252 590 1299 656 &
1323 587 1617 655 Salvator
1634 592 1664 653 ἱ)
1692 589 1874 673 Resp.
1906 591 2052 675 Neq.
2072 589 2251 667 Quod
2265 591 2345 655 ad
2360 592 2682 665 meritum,
2700 591 3241 674 impetrationem,
3257 591 3307 657 ἃ
3322 592 3536 676 acqui-

603 680 898 744 sitionem
923 679 1092 758 fidei,
1117 678 1498 756 sanctitatis,
1512 677 1776 763 gloriae.
1805 675 1979 742 Nam
1997 679 2345 765 [pag.271]
2366 682 2554 764 juxta
2565 680 3162 745 determinationem
3177 680 3535 763 problema-

606 769 690 832 tis
707 768 1338 853 praecedentiS,quod
1375 767 1454 831 ad
1488 765 1936 831 liberationem
1971 771 2008 831 a
2032 767 2239 852 culpa,
2266 769 2312 834 a
2336 772 2543 851 poena
2564 791 2785 832 sensus
2808 769 3155 833 secundum
3178 769 3533 833 multitudi-

604 879 752 921 nem
779 858 824 922 δι
841 855 1350 938 magnitudinem
1369 859 1790 939 peccatorum,
1809 855 2237 940 inaequalitas
2254 859 2351 921 est
2366 857 2764 921 liberationis
2791 859 2829 920 a
2843 857 3144 941 peccatiS,
3163 859 3209 923 ἃ
3234 857 3531 941 impetra-

603 949 710 1010 tae
747 947 793 1011 &
828 943 1205 1028 applicatae:
1223 941 1316 1008 Ut
1339 944 1508 1008 enim
1528 965 1744 1009 omnes
1763 945 1809 1010 8⁵
1825 943 2067 1028 singuli
2092 945 2383 1009 salvandi
2406 945 2760 1028 aequaliter
2782 967 2899 1028 per
2922 943 3171 1010 Christi
3193 946 3467 1031 gratiam
3494 950 3530 1010 εὶ

605 1036 1008 1117 peccatorum
1025 1031 1468 1116 magnitudine
1485 1033 1532 1098 &
1556 1031 1969 1097 multitudine
1986 1034 2380 1117 praeservati
2400 1056 2529 1098 non
2553 1037 2701 1099 sunt
2714 1033 3155 1110 (conferantur
3179 1056 3233 1099 e.
3253 1055 3347 1119 gr.
3376 1035 3529 1100 latro

607 1121 672 1184 in
690 1143 892 1199 cruce,
913 1123 957 1186 δι
981 1120 1194 1184 infans
1207 1121 1442 1185 electus
1460 1121 1699 1205 absque
1717 1121 1891 1184 omni
1905 1126 2167 1205 peccato
2186 1121 2422 1186 actuali
2446 1121 2783 1205 mortuus),
2800 1123 2891 1186 sic
2914 1122 3111 1186 etiam
3130 1125 3383 1207 apoena
3394 1145 3527 1187 sen-

606 1231 712 1274 sus
728 1208 1003 1294 peccatis
1021 1209 1322 1293 cujusque
1347 1209 1583 1288 debita,
1601 1208 1957 1291 aequaliter
1979 1209 2239 1274 liberati
2262 1232 2388 1274 non
2412 1214 2596 1288 sunt;
2624 1210 2736 1274 sed
2749 1210 2859 1274 ille
2887 1213 2927 1274 a
2948 1211 3198 1294 majori,
3217 1233 3379 1295 quae
3400 1213 3526 1276 scil.

605 1299 881 1383 peccatis
897 1296 1188 1381 pluribus
1211 1300 1258 1364 δι
1279 1297 1630 1381 majoribus
1668 1296 2040 1375 debebatur,
2065 1298 2189 1362 iste
2214 1301 2251 1362 a
2274 1298 2523 1363 minori.
2552 1297 2731 1375 Quod
2754 1321 2903 1364 vero
2928 1299 3011 1363 ad
3034 1299 3471 1365 liberationem
3494 1305 3528 1366 i

606 1409 810 1471 poena
835 1386 1070 1464 damni,
1102 1385 1388 1469 aequalis
1433 1389 1562 1450 est:
1610 1407 1798 1450 nemo
1829 1386 2000 1450 enim
2024 1387 2253 1470 majori
2277 1387 2506 1452 damno
2524 1387 2694 1452 affici
2720 1390 2957 1471 potest,
2974 1409 3171 1471 quam
3187 1389 3529 1472 privatione

607 1474 931 1540 fruitionis
976 1474 1098 1538 Dei
1154 1473 1220 1537 in
1273 1474 1514 1538 lumine
1545 1474 1814 1558 gloriae.
1841 1471 1988 1539 VII.
2020 1475 2230 1541 Probi.
2266 1473 2529 1561 Majoris
2564 1475 2919 1540 evidentiae
2943 1497 3138 1540 causa
3169 1477 3525 1561 adjicimus:

607 1562 713 1627 An
759 1563 1054 1627 omnibus
1101 1562 1318 1626 electis
1367 1563 1721 1645 aequaliter
1751 1563 2019 1628 meritus
2050 1564 2137 1629 sit
2153 1563 2675 1646 justificationem
2696 1568 2726 1628 Ρ
2757 1564 2940 1648 Resp.
2966 1563 3311 1650 Distingue
3334 1565 3399 1628 in
3424 1567 3525 1649 ju-

607 1651 988 1716 stificatione
1012 1651 1135 1714 duo
1167 1654 1510 1730 momenta,
1539 1673 1650 1716 seu
1677 1652 1832 1716 duas
1857 1654 2093 1735 partes·
2142 1651 2325 1716 Prior
2354 1653 2639 1717 continet
2664 1651 3104 1717 remissionem
3134 1657 3527 1737 peccatorum

607 1737 653 1804 81
699 1739 1163 1804 absolutionem
1211 1743 1249 1802 a
1293 1761 1498 1823 poena
1551 1740 1826 1824 peccatis
1880 1740 2083 1806 debita
2108 1761 2225 1824 per
2252 1738 2315 1805 ἃ·
2332 1752 2594 1826 propter
2615 1741 3109 1826 imputationem
3140 1741 3527 1806 obedientiae

606 1827 846 1894 Christi
898 1828 1191 1912 passivae
1237 1851 1349 1893 seu
1381 1827 1836 1894 satisfactionis
1867 1829 2299 1912 plenissimae.
2347 1828 2670 1894 Posterior
2694 1829 2981 1895 continet
3004 1830 3525 1914 adjudicationem

601 1917 764 2001 juris
794 1916 963 1980 vitae
998 1920 1315 1997 aeternae,
1363 1939 1479 2000 per
1512 1919 1557 1983 δι
1581 1920 1840 2001 propter
1864 1917 2271 1983 sanctitatem
2304 1918 2473 1982 vitae
2498 1917 2756 1997 Christi,
2784 1941 2900 1983 seu
2918 1919 3243 2002 justitiam
3266 1918 3527 1984 activam

609 2009 830 2090 (quam
875 2006 1151 2089 vocant,)
1197 2005 1318 2070 hoc
1365 2009 1480 2080 est,
1531 2005 2061 2089 perfectissimam
2111 2007 2275 2092 legis
2324 2029 2439 2090 pro
2461 2007 2647 2071 nobis
2672 2007 3133 2092 impletionem.
3182 2007 3283 2073 Sit
3304 2030 3455 2094 ergo
3480 2007 3530 2074 L

615 2095 820 2161 Gonel.
867 2093 1046 2170 Quod
1093 2093 1173 2157 ad
1224 2093 1660 2158 remissionem
1685 2098 2109 2178 peccatorum,
2153 2097 2299 2180 Neq.
2328 2093 2421 2160 Ut
2445 2095 2614 2160 enim
2637 2095 2789 2160 hui'c
2816 2096 3007 2179 plura
3026 2101 3289 2180 peccata
3316 2097 3531 2161 remit·

607 2186 833 2247 tuntur
878 2204 1073 2266 quam
1125 2181 1235 2247 isti
1280 2183 1454 2270 (Luc.
1508 2182 1567 2247 7.
1613 2204 1772 2248 vers,
1799 2184 1906 2247 47.
1959 2185 2223 2251 Roman.
2269 2184 2328 2247 5.
2352 2205 2513 2249 vers,
2546 2184 2680 2267 20.)
2706 2183 2797 2248 sic
2824 2207 2943 2268 per
2966 2186 3267 2250 meritum
3298 2184 3531 2250 Christi

609 2271 758 2335 huic
803 2272 1007 2354 major
1053 2272 1100 2337 ἃ
1147 2270 1464 2335 extensior
1511 2272 1723 2356 gratia
1769 2271 2161 2336 remissionis
2207 2271 2551 2356 impetrata
2576 2277 2692 2351 est,
2719 2294 2912 2356 quam
2935 2272 3077 2336 isti:
3126 2273 3438 2356 siquidem
3460 2296 3533 2338 ex

607 2358 1004 2445 plenitudine
1061 2358 1301 2423 Christi
1355 2359 1525 2446 (Joh.
1581 2361 1638 2424 1.
1691 2360 1823 2444 16.)
1850 2382 2067 2425 omnes
2092 2360 2459 2445 accipimuS.
2510 2363 2571 2426 2.
2626 2360 2828 2428 Concl.
2877 2360 3063 2438 Quod
3086 2361 3169 2425 ad
3190 2361 3532 2426 absolutio-

609 2470 758 2513 nem
790 2451 829 2512 ὲ
850 2470 1056 2532 poena
1079 2448 1220 2513 disc.
1270 2446 1341 2513 Si
1363 2470 1635 2532 poenam
1668 2449 1884 2514 damni
1907 2450 2240 2534 intelligis,
2275 2452 2328 2517 A
2336 2453 2406 2537 ff.
2457 2451 2832 2534 aequalitas,
2860 2448 2975 2514 Sin
2998 2472 3276 2533 poenam
3298 2473 3531 2529 seusus,

611 2537 759 2622 Neq.
795 2539 854 2601 3.
888 2538 1092 2602 Concl.
1141 2536 1321 2613 Quod
1351 2538 1432 2601 ad
1455 2538 1791 2603 secundam
1817 2541 2067 2621 partem
2086 2538 2579 2621 justificationiS,
2629 2538 2763 2603 scil.
2791 2538 3327 2623 adjudicationem
3350 2540 3533 2617 vitae,

611 2627 758 2711 Ney.
806 2626 1179 2709 aequalitas.
1227 2623 1320 2690 Ut
1368 2625 1538 2690 enim
1585 2626 1769 2690 electi
1798 2626 2223 2710 inaequaliter
2246 2626 2549 2690 fruuntur
2580 2626 2822 2711 gloria3
2856 2627 2947 2691 sic
2970 2628 3399 2711 inaequaliter
3427 2630 3529 2711 ip-

607 2714 696 2779 sis
743 2717 783 2779 a
827 2714 966 2779 Deo
988 2715 1054 2779 in
1073 2714 1529 2799 justificatione
1553 2715 1659 2798 jus
1684 2715 1932 2799 gloriae
1957 2715 2386 2799 adjudicatum
2418 2720 2533 2779 est.
2581 2715 2670 2779 Et
2693 2716 2749 2779 si
2772 2737 2898 2780 non
2930 2716 3334 2799 adjudicatur
3355 2717 3526 2801 ipsi8,

606 2801 734 2867 nisi
776 2806 1037 2887 propter
1084 2804 1382 2868 meritum
1429 2801 1669 2867 Christi
1717 2804 1876 2883 (Joh.
1920 2804 1979 2868 1.
2009 2804 2111 2868 16.
2144 2804 2201 2867 1.
2232 2804 2465 2869 Corint.
2497 2804 2553 2867 1.
2582 2804 2687 2868 30.
2722 2802 2950 2871 Coloss.
2986 2806 3051 2869 3.
3082 2805 3221 2889 10.)
3248 2805 3528 2889 sequitur

607 2890 946 2957 Christum'
985 2892 1136 2957 huic
1180 2892 1450 2976 gradum
1480 2896 1783 2972 majorem
1809 2892 2052 2977 gloriae
2068 2892 2485 2976 promeritum
2510 2914 2664 2971 esse,
2692 2914 2884 2976 quam
2906 2893 3037 2958 isti.
3087 2892 3275 2959 VIII.
3326 2893 3525 2959 Probi.

611 2979 715 3044 An
738 2980 1032 3045 omnibus
1057 2980 1273 3046 electis
1296 2980 1650 3063 aequaliter
1673 2981 1941 3046 meritus
1966 2980 2051 3045 sit
2075 2980 2570 3059 immunitatem,
2604 2985 2715 3046 aut
2752 2981 3202 3047 liberationem
3226 2982 3529 3047 malorum

608 3068 798 3152 hujus
822 3068 994 3132 vitae
1017 3072 1151 3132 tam
1175 3068 1569 3132 internorum
1601 3091 1794 3153 quam
1827 3074 2255 3149 externorum,
2296 3073 2409 3134 aut
2431 3069 2904 3155 mitigationem
2930 3071 3279 3136 eorundem
3296 3075 3327 3136 ‘x’
3357 3072 3527 3154 neap.

614 3158 760 3241 Ney.
809 3154 969 3221 Cum
1002 3156 1171 3220 enim
1202 3155 1376 3221 Deus
1431 3162 1692 3241 propter
1737 3157 2063 3222 Christum
2096 3157 2267 3222 mala
2306 3157 2519 3222 omnia
2542 3158 2800 3242 publica
2825 3162 2939 3223 aut
2962 3159 3236 3242 privata,
3263 3162 3303 3223 a
3332 3158 3528 3223 fideli·

610 3244 729 3309 bus
770 3244 1041 3323 auferat,
1068 3245 1178 3310 sed
1199 3244 1644 3328 inaequaliter,
1670 3246 1877 3329 iisque
1908 3249 2157 3329 parcat3
2214 3248 2259 3311 80
2300 3246 2517 3311 fideles
2534 3268 2648 3330 per
2672 3248 2717 3311 80
2742 3249 3005 3330 propter
3027 3246 3357 3312 Christum
3379 3269 3527 3331 pre-

611 3333 788 3397 cibus
835 3332 966 3397 suis
1013 3355 1263 3417 semper
1307 3338 1531 3417 petant
1560 3334 2033 3419 mitigationem
2072 3338 2185 3398 aut
2208 3334 2597 3398 ablationem
2620 3355 2869 3399 eorum:
2896 3336 3190 3419 sequitur
3212 3334 3529 3401 Christum

610 3421 809 3575 tRalem
833 3421 1305 3507 mitigationem
1329 3426 1444 3486 aut
1467 3422 1850 3487 ablationem
1877 3422 2029 3487 huic
2051 3423 2218 3506 plus,
2250 3422 2351 3486 illi
2374 3422 2585 3487 minus
2609 3423 3048 3507 promeritum.
3098 3422 3245 3490 Huc
3289 3422 3531 3510 applica

671 3530 885 3575 oman.
934 3510 994 3573 8.
1047 3510 1153 3574 32.

699 3594 769 3667 2.
819 3596 930 3663 IX.
981 3586 1197 3665 Probe.
1246 3596 1352 3663 An
1400 3599 1618 3665 electis
1665 3597 1936 3664 meritus
1967 3600 2054 3663 sit
2082 3599 2454 3664 electionem
2478 3622 2592 3664 seu
2614 3600 3263 3684 praedestinationem
3296 3602 3375 3667 ad
3396 3602 3531 3687 glo-

609 3687 773 3751 riam
805 3688 851 3753 &
900 3686 1198 3771 gratiam,
1250 3688 1430 3771 Hesp.
1460 3689 1606 3772 Neq.
1632 3691 1730 3752 est
1754 3687 1924 3753 enim
1949 3710 2134 3752 omne
2165 3687 2487 3753 decretum
2512 3688 2633 3752 Dei
2657 3688 2958 3773 primum,
2983 3711 3327 3768 summum,
3357 3690 3529 3755 abso-

609 3775 840 3853 lutum,
863 3775 1312 3858 independens,
1341 3776 1505 3858 quod
1533 3779 1572 3838 a
1593 3776 1768 3840 nullo
1793 3777 2203 3841 antecedente
2228 3776 2363 3841 sive
2388 3776 2744 3842 conditione
2770 3777 2951 3863 [pag.
3002 3778 3168 3865 272]
3193 3779 3325 3843 sive
3348 3798 3529 3843 causa

610 3863 948 3947 principali
977 3864 1331 3947 dependet?
1357 3862 1472 3927 Uti
1495 3865 1563 3928 in
1585 3865 1859 3929 materia
1882 3868 1929 3931 ἃ
1952 3864 2395 3929 controversiis
2427 3866 2503 3931 de
2526 3865 2873 3945 voluntate,
2901 3866 3155 3931 decreto
3178 3866 3319 3943 Dei,
3350 3886 3529 3953 prae·

611 3950 1051 4029 destinatione,
1093 3974 1171 4015 ex
1216 3950 1501 4036 professo
1547 3952 1824 4017 docetur.
1875 3952 2106 4017 Confer
2151 3952 2197 4017 ἃ
2252 3952 2558 4019 Thema-m
2614 3955 2671 4017 1.
2695 3965 2932 4040 quaest.
2963 3955 3067 4020 16.
3092 3957 3266 4021 artic.
3302 3950 3525 4019 5.—X.

613 4037 820 4104 Probl.
870 4039 972 4103 An
1020 4040 1246 4105 iisdem
1271 4040 1536 4105 meritus
1569 4040 1653 4104 sit
1677 4063 1929 4105 omnem
1954 4041 2549 4125 praedestinationis
2577 4042 2895 4109 effectum.
2919 4042 3109 4129 Resp.
3142 4046 3283 4129 Ney.
3312 4042 3527 4125 Neque

613 4126 784 4190 enim
829 4148 955 4209 qua
1008 4150 1274 4210 sponsor
1319 4131 1364 4195 a
1407 4129 1720 4193 mediator
1743 4152 1859 4195 sua
1883 4128 2245 4193 obedientia
2269 4131 2535 4195 meritus
2570 4135 2665 4195 est
2689 4132 3075 4196 creationem
3101 4133 3441 4197 electorum
3462 4133 3525 4192 in

618 4213 860 4277 Adamo
907 4215 987 4279 ad
1031 4216 1378 4301 imaginem
1425 4216 1569 4296 Dei,
1624 4218 1671 4282 ἃ
1719 4218 2071 4302 gratuitam
2118 4218 2301 4283 illam
2341 4218 2977 4299 confoederationem,
3020 4220 3067 4286 &
3090 4220 3525 4305 promissiones

614 4301 806 4384 primi
854 4303 1102 4388 antiqui
1148 4303 1418 4369 foederis
1447 4328 1712 4390 operum
1733 4330 1746 4381 ;
1775 4328 1890 4371 nec
1915 4305 2319 4371 dilectionem
2344 4308 2841 4373 misericordiam
2867 4308 2915 4373 8τ,
2938 4310 3221 4393 gratiam
3242 4309 3523 4373 relaxan-

613 4392 768 4468 tem,
818 4392 1163 4455 secundum
1210 4412 1402 4473 quam
1431 4394 1632 4458 libere
1658 4397 1704 4460 δι
1727 4394 1931 4479 gratis
1954 4394 2240 4460 instituit
2262 4398 2309 4461 δι
2332 4396 2505 4461 dedit
2528 4396 2745 4462 electis
2760 4396 3181 4463 mediatorem
3209 4398 3523 4463 incarnan-

3362 4485 3521 4562 dm
