3694 4871
511 265 594 328 22
1196 263 2744 342 D1SP.ILQuouscusseux‘rnNnA'r

509 450 639 514 nisi
682 449 869 533 prius
909 451 1069 515 illud
1116 454 1267 516 recte
1302 453 1654 536 conceperit.
1709 453 1781 518 Si
1826 474 1970 536 erqo
2007 454 2231 518 Graece
2275 465 2386 517 aut
2411 454 2791 518 Hellenistice
2811 452 3216 534 scripserunt,
3238 451 3488 532 yram?

508 540 694 603 etiam
740 551 1169 622 conceperunt,
1206 541 1391 626 idque
1424 563 1503 605 ex
1524 542 1942 626 inspiratione
1993 540 2056 605 ἃ
2078 541 2411 606 dictamine
2433 543 2598 624 Spir.
2627 542 2690 606 S.
2735 540 2876 606 Nisi
2893 550 3078 603 autor
3099 535 3488 602 contrariae

514 628 835 712 epinionis
882 629 1168 692 concedat
1204 649 1349 692 cum
1378 630 1789 707 distinctione,
1823 631 2157 694 sententias
2181 641 2377 695 temtus
2401 651 2562 694 sacri
2590 631 2777 712 prius
2803 628 3054 714 Syriae-e
3083 627 3183 710 (de
3205 646 3342 711 quo
3377 636 3482 687 ta-

508 735 656 780 men
684 714 1167 801 disquirendum
1189 717 1393 803 esset,)
1414 729 1629 802 postea
1648 723 1862 802 qraece3
1889 721 1929 781 ὰ
1951 720 2248 803 scriptore
2269 739 2445 783 sacro
2469 729 2804 800 conceptas,
2827 728 3012 801 atque
3034 717 3124 778 ita
3157 715 3246 778 im
3258 713 3480 776 inedi—

514 816 613 868 ate
635 815 961 887 conceptus
982 824 1230 889 qraecos
1250 827 1364 888 per
1386 807 1731 889 specialem,
1756 808 2204 884 immediatam,
2245 819 2430 891 atquc
2467 806 2856 892 infallibilem
2893 804 3396 902 inspirationem
3413 801 3482 866 ἃ·

506 893 905 958 directionem
930 893 1100 977 Spir.
1128 893 1180 958 S
1218 893 1294 957 ab
1320 895 1456 978 ipso
1480 896 1759 979 scriptos,
1784 908 1900 960 aut
1941 896 2322 960 amanuensi
2347 896 2431 960 ad
2453 897 2770 960 calamum
2786 894 3042 958 dictatos
3056 911 3214 954 esse.-
3239 903 3484 974 utique

514 1001 645 1046 non.
658 1001 898 1064 parum
921 981 1225 1046 decederet
1247 984 1707 1048 autoritatiscri·
1747 995 1943 1048 turae.
1962 984 2082 1050 Sed
2105 985 2241 1048 vide
2263 1004 2490 1048 novam
2503 984 2667 1047 hanc
2687 983 2941 1047 Clariss.
2956 981 3080 1044 viri
3093 980 3478 1063 opinionem

518 1092 595 1135 ea·
612 1071 899 1156 professo
921 1069 1640 1136 excussamabEduardo
1730 1071 1919 1136 elleto
1936 1072 2046 1134 lib.
2077 1073 2136 1135 2.
2155 1072 2502 1135 miscellan.
2531 1070 2898 1153 Theologic.
2925 1091 3061 1152 cap.
3091 1069 3148 1129 9.
3175 1067 3291 1131 ubi
3317 1067 3488 1130 haee.

512 1159 829 1243 postulata
852 1156 915 1223 ἃ·
929 1159 1249 1223 axiomata
1266 1159 1552 1224 inculcat.
1576 1158 2108 1244 1.Inspira1:iones
2126 1162 2170 1225 δι
2189 1164 2524 1244 conceptus
2541 1159 2922 1241 scriptorum
2933 1156 3358 1216 &effoeto-mv
3375 1155 3486 1216 dl-

514 1246 754 1310 vinitus
784 1244 1051 1311 traditos
1081 1248 1127 1312 s
1150 1246 1493 1330 impressos
1520 1269 1655 1312 esse
1681 1248 1745 1310 in
1772 1249 1988 1332 aliqua
2013 1247 2254 1332 lingua.
2285 1249 2344 1312 2.
2374 1247 2518 1312 Non
2548 1247 2830 1330 potuisse
2855 1245 3194 1328 scriptores
3219 1242 3382 1306 illos
3415 1243 3483 1304 in

516 1334 921 1418 conceptibus
950 1334 1081 1400 suis
1109 1356 1342 1412 errare,
1369 1339 1482 1400 aut
1498 1336 1723 1419 decipi.
1746 1343 1805 1412 8.
1826 1335 2314 1420 Inspirationem
2335 1359 2470 1401 esse
2486 1335 2844 1401 ordinatam
2862 1335 2942 1398 ad
2959 1331 3486 1430 conceptionem.

515 1427 823 1506 tanquam
836 1443 1091 1486 causam
1105 1425 1151 1489 St
1162 1423 1463 1500 medium;
1478 1427 1955 1508 conceptionem
1969 1447 2114 1488 vero
2127 1424 2206 1488 ad
2224 1423 2516 1499 ἑρμήνειαν
2527 1427 2573 1490 &
2589 1423 3077 1507 expressionem.
3099 1419 3486 1518 4.Ind13bla,

514 1517 706 1588 certa,
740 1513 789 1577 δυ
825 1509 1198 1574 infallibilia
1232 1533 1365 1576 esse
1398 1512 1607 1576 media
1640 1512 1830 1577 simul
1858 1515 1904 1580 δι
1933 1513 2158 1576 finem:
2193 1534 2307 1576 nec
2336 1512 2506 1576 hunc
2530 1534 2714 1596 posse
2739 1515 2986 1575 certum
3011 1530 3167 1587 esse,
3196 1507 3369 1571 illi1s
3399 1529 3482 1570 n-

515 1598 704 1664 certis
744 1600 793 1664 8⁶
838 1597 1332 1674 fluctuantibus3
1380 1603 1495 1663 aut
1530 1600 1667 1664 vice
1699 1623 1901 1666 versa.
1952 1602 2010 1664 5.
2061 1599 2500 1665 Infallibiliter
2521 1621 2674 1684 ergo
2699 1598 3043 1682 scriptores
3075 1600 3114 1660 ὲ.
3137 1595 3484 1679 principio

518 1687 595 1750 ad
644 1687 838 1750 finem
888 1685 1281 1752 illuminatos
1314 1687 1360 1752 ἃ,
1384 1688 1602 1752 ductos
1628 1711 1765 1753 esse
1790 1693 1828 1753 ἐι
1859 1688 2026 1772 Spir.
2055 1685 2263 1752 Sanct.
2299 1689 2357 1750 6.
2387 1687 2522 1752 Nec
2549 1688 2829 1770 potuisse
2856 1709 2963 1750 eos
2987 1685 3054 1748 in
3082 1683 3316 1747 ultima
3343 1683 3484 1782 Im-

510 1775 616 1858 jus
640 1773 838 1837 divini
856 1774 1065 1856 operis
1089 1772 1337 1854 ἓνεργείᾳ
1370 1777 1416 1842 8τ
1445 1777 1812 1841 executione
1838 1777 2206 1862 (scriptione
2231 1775 2394 1854 scil.)
2424 1777 2632 1860 magis
2664 1775 2996 1838 aberrasse
3023 1776 3070 1838 δι
3093 1771 3486 1835 discessisse

518 1864 598 1926 ab
652 1862 905 1925 interne
944 1862 1179 1926 mentis
1223 1863 1631 1947 conceptione
1678 1865 1860 1950 [pag.
1890 1864 2006 1948 45]
2055 1887 2248 1947 quam
2293 1863 2360 1926 in
2403 1864 2620 1927 effidem
2653 1862 3068 1944 conceptione
3088 1861 3169 1923 ab
3207 1859 3485 1922 interne

516 1949 684 2032 Spir.
734 1948 799 2013 S.
833 1949 1270 2032 inspiratione.
1320 1951 1597 2034 Spiritus
1642 1955 1813 2019 enim
1867 1954 2005 2035 fecit
2043 1963 2114 2017 ut
2159 1953 2248 2017 sic
2295 1951 2598 2034 facerent.-
2647 1950 2707 2016 8:
2741 1951 2837 2016 illi
2865 1951 2955 2014 sic
2975 1949 3054 2013 ab
3087 1949 3192 2013 illo
3217 1948 3352 2012 acti
3381 1947 3490 2030 (2.

518 2037 691 2102 Petr.
729 2039 788 2102 1.
829 2038 962 2122 21.)
1009 2038 1414 2121 conformiter
1434 2053 1691 2123 eqerunt
1713 2043 1753 2103 ἁ
1775 2042 1985 2124 primo
2007 2041 2094 2105 ad
2123 2041 2243 2104 ulti
2248 2060 2420 2102 mum
2443 2063 2463 2103 .·
2488 2040 2575 2103 ita
2599 2050 2670 2103 ut
2701 2039 2882 2104 aliter
2895 2058 3080 2120 aqere
3093 2057 3224 2101 non
3245 2047 3492 2119 potue-

516 2127 667 2203 rint,
717 2126 789 2190 in
846 2147 1033 2191 sensu
1080 2127 1208 2190 scil.
1236 2130 1585 2211 composito.
1638 2129 1802 2193 Sunt
1830 2149 1974 2210 erqo
1999 2129 2147 2192 istae
2169 2128 2587 2192 conclusiones
2609 2127 2884 2211 ejusdem
2911 2125 3142 2189 Kelleri
3161 2124 3495 2188 aduersus

516 2215 878 2298 opinionem
938 2215 1189 2280 Clariss.
1250 2215 1396 2282 Viri.
1437 2217 1494 2279 1.
1530 2217 1671 2282 Non
1692 2237 1821 2280 esse
1842 2217 2264 2302 differentiam
2294 2217 2458 2279 inter
2481 2217 2809 2298 scriptores
2833 2212 2914 2276 V.
2943 2212 3005 2277 a·
3029 2213 3372 2295 scriptores
3405 2213 3490 2275 N.

528 2305 594 2366 T.
618 2302 787 2388 quod
814 2302 900 2366 ad
929 2302 1379 2384 conceptionem
1412 2303 1473 2368 tt·
1496 2305 1892 2386 scriptionem
1915 2305 1984 2366 in.
2015 2304 2276 2368 diversis
2307 2304 2560 2387 linquis.
2591 2303 2652 2366 2.
2688 2303 2765 2367 In
2792 2301 2959 2366 rectci.
2991 2301 3352 2384 scripturae
3381 2299 3492 2362 in-

520 2390 955 2474 terpretatione
984 2390 1438 2456 recurrendum
1476 2411 1606 2457 esse
1650 2393 1737 2457 ad
1758 2392 2102 2457 allusiones
2133 2393 2386 2477 quaein
2417 2392 2646 2475 scripto
2676 2401 2985 2474 apparent
3001 2411 3025 2465 ;
3049 2409 3184 2453 non
3211 2391 3368 2452 vero
3393 2387 3492 2451 ad

517 2499 621 2543 eas
644 2480 896 2563 quaein
918 2488 1122 2542 mente
1144 2490 1255 2542 aut
1278 2480 1638 2562 coqitatione
1655 2482 2033 2564 scriptorum
2057 2480 2358 2544 dicuntur
2379 2481 2595 2563 luisse.
2649 2481 2708 2543 3.
2765 2480 2905 2545 Non
2936 2478 3234 2541 habuisse
3263 2477 3488 2559 scrip-

520 2578 677 2631 tores
722 2566 1081 2641 libertatem,
1138 2566 1525 2649 concipiendi
1566 2569 1936 2654 quidquam,
1978 2579 2086 2632 aut
2117 2567 2426 2633 scribendi
2454 2580 2630 2631 extra
2655 2577 2766 2631 aut
2788 2577 3040 2650 praeter
3063 2566 3391 2629 dictamen
3423 2562 3494 2627 ἃ·

523 2653 1001 2735 inspirationem
1046 2652 1319 2735 Spiritus
1342 2653 1403 2717 S.
1430 2677 1455 2729 ;
1499 2655 1625 2719 sive
1644 2656 1952 2730 addendo,
1985 2658 2110 2719 sive
2131 2655 2528 2731 detrahendo,
2555 2656 2685 2719 sive
2706 2674 3080 2740 quoeunque
3117 2653 3247 2717 alio
3287 2653 3491 2717 modo

526 2740 855 2805 mutando.
884 2740 945 2802 4.
978 2742 1120 2807 Non
1146 2738 1437 2803 habuisse
1484 2742 1821 2807 libertatem-
1869 2744 2168 2808 vestiendi
2197 2741 2259 2807 ἃ·
2279 2744 2560 2825 prliendi
2585 2743 2910 2807 interiores
2948 2752 3280 2825 conceptus
3305 2761 3490 2813 suos,

524 2827 723 2891 verbis
743 2827 1027 2911 propriis
1048 2829 1089 2889 ὰ
1113 2826 1280 2910 Spir.
1316 2827 1378 2891 S.
1397 2848 1531 2893 non
1554 2830 1812 2895 dictatis.

616 2912 858 2977 XVIII.
906 2916 1007 2979 An
1050 2915 1331 2997 Apostoli
1383 2917 1689 3001 quaedam
1740 2920 1867 2982 sive
1912 2918 2219 2995 historica,
2259 2920 2385 2982 sive
2429 2919 2700 2982 moralia
2745 2940 2821 2983 ew
2865 2919 3132 3001 proprio
3171 2936 3390 2993 sensu,
3427 2915 3494 2981 st·

524 3001 852 3067 ordinario
890 3002 1097 3065 studio
1144 3013 1256 3066 aut
1299 3023 1375 3067 ea·
1396 3025 1567 3069 mero
1593 3006 1940 3070 testimonio
1970 3004 2030 3069 ἃ·
2063 3007 2395 3071 traditione
2424 3006 2778 3083 hominum,
2805 3004 3037 3091 absque
3063 3006 3396 3089 infallibili
3427 3002 3496 3069 8·

525 3089 891 3154 immediata
910 3088 1079 3172 Spir.
1123 3088 1333 3154 Sanct.
1368 3092 1799 3175 inspiratione,
1833 3094 2103 3176 epistolis
2135 3094 2270 3157 suis
2295 3094 2798 3159 immiscuerint?
2835 3115 2932 3158 eae.
2961 3114 3061 3177 qr.
3093 3096 3153 3157 1.
3187 3092 3494 3157 Corinth.

530 3177 594 3241 7.
642 3198 701 3239 v.
756 3177 855 3239 12.
912 3176 1015 3240 25.
1070 3174 1132 3240 tr
1167 3176 1227 3239 2.
1269 3176 1549 3243 Timoth.
1586 3181 1646 3244 3.
1674 3180 1734 3242 8.
1762 3179 1956 3263 Resp.
1981 3180 2147 3265 Neg.
2174 3184 2534 3247 notavimus
2556 3202 2832 3246 errorem
2859 3183 3044 3247 illu-m
3078 3183 3150 3247 in
3183 3180 3498 3245 Castelli-

526 3284 669 3327 one.
721 3264 916 3347 Cujus
954 3264 1227 3346 vestiqiis
1271 3264 1420 3329 olim
1460 3268 1845 3331 insistentem
1886 3267 2246 3331 Arminium
2269 3270 2488 3333 audivi
2519 3271 2588 3333 in
2609 3271 2895 3354 quadam
2927 3268 3374 3351 disputatione
3411 3269 3495 3332 de

527 3350 876 3432 scriptura:
927 3350 1037 3415 ubi
1082 3352 1287 3415 locum
1338 3352 1395 3414 1.
1446 3352 1732 3418 Corinth.
1784 3355 1843 3418 7.
1906 3355 2003 3419 12.
2053 3354 2222 3419 hunc
2251 3357 2320 3419 in
2341 3360 2533 3443 finem
2557 3357 2842 3433 citatum,
2869 3356 3221 3442 conferebat
3243 3376 3398 3421 eum
3427 3358 3496 3419 2.

526 3436 812 3502 Timoth.
866 3438 928 3501 4.
982 3438 1084 3500 13.
1136 3438 1243 3501 Est
1296 3440 1480 3505 etiam
1524 3462 1839 3506 nonnemo
1878 3462 1954 3504 ex
2007 3443 2420 3507 Celeberrimis
2489 3444 2805 3527 Theoloqis
2857 3446 3120 3523 nostris,
3153 3446 3256 3509 cui
3279 3444 3500 3507 simile

527 3524 686 3611 quid
724 3526 969 3591 videtur
1012 3524 1308 3589 excidisse
1349 3526 1417 3589 in
1462 3529 1711 3610 privata
1763 3528 2053 3611 epistolii,
2100 3550 2270 3594 anno
2331 3532 2520 3595 1619.
2556 3544 2772 3615 postea
2819 3544 3032 3595 tamen
3055 3536 3316 3619 vulgata
3337 3552 3491 3595 cum

529 3613 848 3693 opusculis
897 3610 1221 3676 Lanceloti
1279 3612 1587 3678 Andrews
1632 3615 1932 3697 Episcopi
1995 3614 2456 3681 Wintoniensis
2502 3640 2675 3683 anno
2721 3620 2917 3684 1629.
2965 3620 3154 3685 editis
3198 3622 3240 3683 ὰ
3271 3616 3490 3683 Wilh.

529 3698 704 3762 Lado
748 3703 900 3764 tunc
945 3699 1159 3781 Episc.
1208 3697 1589 3765 Londinensi
1614 3704 1660 3767 81
1690 3702 1731 3764 J
1736 3700 1987 3765 ohanno
2012 3702 2326 3786 Episcopo
2351 3704 2616 3769 Elicnsi.
2667 3707 2926 3773 Dictum
2951 3708 3124 3771 illud
3155 3706 3497 3773 Celeberri-

530 3785 626 3849 mi
686 3787 971 3871 Theoloqi
1013 3786 1089 3849 de
1135 3786 1481 3869 prudentia
1524 3789 1813 3853 humana
1857 3787 1934 3853 ab
1973 3790 2278 3872 Apostolis
2299 3793 2527 3857 alicubi
2549 3794 2832 3858 adhibita
2857 3806 3126 3859 notatur
3149 3795 3395 3858 ibidem
3423 3818 3492 3877 p.

536 3870 685 3935 193.
740 3874 815 3937 ab
863 3872 1180 3955 Episcopo
1207 3872 1657 3953 Wintoniensi,
1697 3874 1761 3939 tt
1778 3876 2073 3958 pluribus
2097 3882 2410 3959 refutatur
2431 3882 2472 3942 ὰ
2503 3880 2760 3945 Kelleto
2785 3882 2898 3945 lib.
2936 3888 2996 3945 2.
3026 3881 3398 3946 Miscellan.
3439 3904 3496 3947 c.

534 3960 597 4021 9.
646 3980 709 4039 p.
757 3960 859 4022 98.
914 3960 1021 4021 99.
1084 3960 1226 4023 101.
1276 3960 1398 4025 Sed
1441 3962 1715 4026 arbitror
1758 3962 2233 4028 Celeberrimum
2268 3966 2643 4051 Theoloyum
2675 3970 2857 4033 aliud
2879 3970 3038 4053 quid
3067 3971 3368 4048 voluisse,
3393 3970 3498 4035 uti

532 4043 719 4109 verba
761 4046 1181 4109 antecedentia
1204 4069 1265 4129 p.
1298 4047 1444 4110 182.
1484 4050 1745 4115 innuere
1772 4050 2097 4115 videntur.-
2119 4054 2406 4135 quamvis
2437 4066 2704 4120 mentem
2737 4076 2928 4121 suam
2947 4076 3087 4121 non
3113 4058 3273 4123 satis
3305 4078 3500 4123 aceu-

534 4142 673 4196 rate
694 4144 802 4196 aut
822 4134 1007 4216 plene
1020 4135 1404 4214 expresserit.

626 4216 799 4281 XIX.
846 4221 949 4284 An
1008 4220 1333 4301 scriptores
1386 4224 1549 4285 sacri
1598 4220 1940 4303 Prophetae
1983 4224 2109 4287 scil.
2158 4223 2221 4289 a
2269 4228 2550 4309 Apostoli
2594 4231 2813 4295 omnia
2852 4233 3302 4313 intellexerint,
3331 4256 3500 4321 quae

538 4305 954 4388 scripserunt;
985 4324 1075 4369 an
1090 4325 1231 4369 vero
1247 4308 1561 4390 quaedam
1585 4309 2249 4395 iqnoraverintiautdc
2265 4314 2344 4379 iis
2359 4314 2795 4383 dubitaverint.
2815 4317 3014 4403 Resp.
3037 4320 3173 4385 Aff.
3199 4344 3302 4405 pr.
3323 4322 3500 4409 Neg.

3329 4416 3499 4495 post.
