3694 4871
607 280 734 343 358
1267 276 2145 346 D1s1».X11.D12Lr.02
2194 278 2873 345 eruinesmo.

616 464 1010 551 perfectam),
1035 462 1161 530 dici
1179 464 1374 548 possit
1399 464 1656 549 implere
1673 466 1912 551 Leyem,
1936 478 2047 533 aut
2068 468 2157 533 ad
2178 469 2311 553 eius
2336 468 2751 553 impletionem
2770 466 3049 551 conferre
3062 464 3125 531 ἃ·
3138 468 3519 531 concurrere?

619 555 802 638 Ile-sp.
849 552 1191 637 Tanquam
1233 553 1732 618 instrumentum
1753 557 2016 629 morale,
2052 579 2165 640 pro
2188 561 2372 641 parte
2397 580 2533 634 sua,
2556 559 2605 623 A
2613 560 2682 642 ff.
2710 556 2901 640 idque
2924 553 3294 638 dupliciter:
3320 555 3517 619 mmo

611 664 728 728 per
775 642 1034 707 modum
1081 641 1340 705 motivi:
1374 639 1471 705 De
1512 665 1636 726 quo
1669 666 1882 727 supra.
1932 644 2175 711 Deinde
2202 668 2317 729 per
2347 646 2604 717 modum
2636 643 2867 728 objecti
2892 642 3204 727 ρει-1111113,
3231 646 3521 725 quatenns

617 730 1051 815 Euangelium
1093 734 1340 812 partem
1381 732 1717 815 suppediat
1757 740 1875 790 τᾶν
1914 740 2263 807 xeo-remon,
2301 735 2367 798 in
2400 756 2565 818 quae
2588 738 2661 797 ut
2684 733 2731 797 a
2754 733 2823 796 in
2856 732 2987 797 alia
3018 729 3232 796 omnia
3256 730 3521 789 πεστεπά

616 820 809 885 verbo
834 819 953 883 Dei
991 819 1276 883 revelata
1299 818 1454 881 fides
1487 841 1562 883 ex
1589 822 1979 905 praescripto
2006 822 2169 907 legis
2194 822 2347 888 ferri
2379 822 2587 887 debet.
2636 820 2816 885 Haut
2841 820 3031 885 aliter
3059 842 3133 884 ac
3164 819 3409 883 visibile
3430 842 3520 883 co·

616 909 915 985 loratum,
950 909 994 973 a
1021 908 1130 971 lux
1156 911 1539 971 concurrunt
1571 910 1648 971 ad
1673 910 1991 974 actualem
2024 911 2349 975 visionem.

713 998 1063 1063 Consectar.
1114 991 1492 1071 ἄκυρολόγως
1537 997 1770 1061 dicitur
1814 998 2247 1083 Euangelium
2286 998 2861 1065 instrumentaliter
2882 1018 3257 1062 concurrere
3278 996 3358 1060 ad
3382 994 3519 1059 resi-

615 1084 996 1170 piscentiam
1019 1085 1066 1149 81
1089 1103 1321 1146 novam
1352 1083 1780 1151 obedientiam
1805 1088 1925 1151 sub
1950 1087 2157 1152 forma
2181 1087 2505 1172 praecepti
2528 1110 2641 1152 seu
2665 1086 2827 1171 legis
2850 1090 3367 1169 praeceptorum:
3396 1104 3521 1148 cum

616 1174 871 1258 proprie
920 1175 1253 1236 concurrat
1303 1171 1420 1235 sub
1459 1173 1666 1238 forma
1692 1176 2187 1260 praeceptibilis‚
2213 1199 2324 1241 seu
2350 1177 2445 1240 rei
2469 1175 2751 1240 cadentis
2774 1175 2893 1239 sub
2927 1178 3367 1258 praeceptum:
3390 1194 3519 1236 con·

617 1263 781 1325 tinet
805 1261 973 1325 enim
1005 1259 1332 1324 credibilia
1357 1260 1668 1341 πεστεπά,
1693 1286 1801 1328 3611
1831 1265 2132 1329 veritates
2158 1265 2233 1329 de
2257 1266 2447 1329 rebus
2471 1264 2537 1328 in
2561 1286 2725 1329 novo
2756 1262 3008 1327 foedere
3034 1260 3381 1345 promissis.

707 1349 883 1417 XXI.
914 1351 1160 1431 Quaest.
1210 1347 1312 1411 An
1361 1346 1458 1412 lex
1481 1352 1690 1417 eadem
1715 1353 1907 1437 suerit
1930 1356 2349 1437 antelapsum,
2375 1372 2535 1440 quae
2554 1364 2690 1436 post
2714 1355 2963 1437 lapsum
2984 1363 3113 1417 tam
3130 1350 3245 1417 sub
3280 1351 3519 1435 V.quam

559 1462 566 1468 ·
620 1438 735 1505 sub
789 1440 861 1504 Ν.
900 1441 964 1504 Τ.
1017 1440 1174 1520 Hesp
1223 1438 1346 1522 Aff.
1395 1434 1464 1500 Si
1491 1439 1701 1523 legem
1724 1441 1790 1504 in
1817 1464 1883 1505 se
1908 1443 2285 1506 consideres,
2332 1440 2457 1506 Sed
2481 1442 2536 1505 si
2565 1464 2749 1506 usum
2772 1441 2907 1524 ejus
2932 1439 3255 1523 respicias,
3290 1438 3428 1523 Neq.
3466 1434 3521 1501 Is
3605 1512 3607 1521 ς

623 1527 792 1591 6111111
839 1530 937 1590 est
983 1526 1302 1589 diversus:
1352 1525 1504 1606 quia
1553 1532 1699 1592 ante
1749 1530 1997 1613 lapsum
2046 1552 2169 1593 non
2195 1529 2477 1595 habebat
2508 1551 2694 1595 usum
2716 1526 3127 1593 convictionis
3152 1528 3231 1591 de
3264 1529 3521 1610 peccato;

623 1638 812 1699 quem
837 1619 981 1697 post
1004 1615 1254 1696 lapsum
1279 1612 1494 1678 habet.
1546 1616 1724 1701 [pag.
1754 1618 1871 1703 39]

713 1701 922 1767 XXII.
972 1704 1218 1783 Quaest.
1267 1700 1370 1764 An
1417 1703 1514 1767 lex
1557 1718 1702 1770 ame
1747 1708 2003 1790 lapsum
2042 1706 2105 1772 ἃ·
2132 1718 2293 1791 post,
2318 1707 2535 1772 habeat
2554 1708 3007 1791 promissiones
3030 1704 3189 1769 vitae
3216 1702 3524 1770 accerime?

630 1793 805 1876 Resp.
855 1792 976 1877 ΑῙῙ.
1031 1789 1118 1853 Et
1147 1789 1269 1852 hoc
1307 1788 1464 1854 satis
1499 1814 1814 1877 superque
1855 1796 2206 1879 probarunt
2244 1794 2711 1879 Antagonistae
2744 1793 3247 1870 Socinianorum,
3280 1795 3327 1858 81
3356 1790 3527 1875 scrip-

627 1885 796 1943 tores
829 1880 904 1941 de
937 1876 1330 1951 foederibus;
1363 1876 1533 1944 inter
1557 1881 1715 1945 alios
1741 1904 1812 1947 ac
1844 1906 2037 1965 supra
2062 1883 2221 1947 alios
2247 1884 2329 1949 D.
2361 1884 2897 1968 Cloppenburyius
2922 1882 2991 1946 in
3020 1881 3154 1945 suis
3178 1882 3387 1965 dispp.

717 1962 958 2029 XXIII.
1010 1966 1259 2047 Quaest.
1309 1970 1409 2029 An
1432 1972 1883 2052 promissiones
1906 1973 2083 2056 Leqis
2112 1971 2175 2037 a
2194 1972 2532 2056 Euanyelii
2558 1972 2949 2049 conveniam,
2974 1992 3085 2035 seu
3107 1970 3237 2033 sint
3262 1966 3529 2035 eaedem?

632 2055 811 2139 Hesp.
860 2052 929 2117 Si
953 2052 1332 2135 promissam
1355 2056 1554 2122 vitam
1581 2064 1907 2125 aeternam
1928 2060 2249 2143 respicias,
2298 2062 2425 2147 Aff.
2474 2058 2588 2125 Sin
2612 2059 2891 2125 medium
2915 2060 2963 2126 &
2984 2056 3411 2123 conditionem
3428 2054 3531 2120 sub

631 2149 758 2225 qua
806 2140 1222 2225 promittitur,
1259 2142 1304 2205 &
1322 2141 1427 2225 jus
1453 2148 1588 2230 ejus
1614 2146 1981 2231 acquiritur.
2034 2150 2179 2235 Neq.
2228 2148 2401 2213 Nam
2424 2148 2491 2213 in
2515 2149 2681 2234 lege,
2707 2148 2753 2213 &
2786 2147 2985 2212 veteri
3009 2147 3263 2211 foedere
3286 2143 3531 2229 promit·
3656 2156 3658 2229 ξ

631 2231 791 2295 titur
830 2230 949 2294 sub
973 2228 1328 2294 conditione
1355 2234 1647 2318 propriae
1672 2235 2102 2302 obedientiae:
2138 2237 2213 2302 In
2246 2236 2606 2321 Euangelio
2632 2239 2677 2303 &
2700 2258 2862 2301 novo
2888 2236 3161 2311 foedere,
3188 2234 3311 2298 sub
3338 2230 3532 2297 condi-

632 2319 804 2383 tione
850 2316 1244 2382 obedientiae
1278 2318 1535 2387 Christi.
1589 2326 1871 2410 Den-ique
1908 2324 1963 2389 si
1992 2324 2335 2411 Euangelii
2362 2324 2807 2409 promissiones
2838 2325 3165 2389 absolutas
3188 2322 3293 2407 ((16
3326 2320 3535 2405 quibus
3662 2406 3664 2409 Α

635 2408 853 2493 supra)
901 2426 1063 2489 quae
1112 2405 1243 2470 sint
1287 2408 1668 2496 principales
1713 2414 1760 2480 a
1806 2413 2318 2480 fundamentales
2350 2414 2723 2492 considereS,
2750 2437 2827 2479 ex
2852 2413 3085 2499 quibus
3109 2408 3538 2496 promissiones

635 2495 1090 2562 conditionales
1115 2495 1486 2578 educuntur,
1514 2504 1559 2566 81
1584 2501 1962 2582 formantur,
1990 2501 2057 2566 in
2082 2503 2459 2568 immensum
2494 2503 2827 2568 differunt:
2856 2503 3009 2585 quia
3038 2501 3105 2566 in
3128 2502 3273 2586 lege
3296 2500 3343 2564 81
3360 2494 3539 2563 veteri

636 2585 888 2649 foedere
918 2584 1081 2648 tales
1112 2584 1326 2648 nullae
1347 2593 1516 2654 sunt.

721 2671 966 2744 XXIV.
1019 2673 1262 2755 Quaeso.
1311 2676 1406 2740 An
1446 2698 1592 2763 erqo
1621 2680 1813 2744 vitam
1854 2692 2193 2758 aeternam,
2232 2701 2433 2767 quam
2462 2682 2589 2746 Lex
2620 2679 2683 2745 a
2706 2681 3124 2764 Euanyelium
3144 2677 3390 2762 par-iser
3410 2695 3542 2761 pro·

640 2764 920 2841 mittunt,
961 2763 1170 2848 fideles
1218 2765 1533 2848 accipiunt
1581 2768 1642 2831 vi
1671 2769 2003 2854 utriusque
2041 2770 2505 2853 promissionis,
2532 2791 2641 2834 seu
2664 2769 3011 2834 secundum
3050 2779 3387 2851 utromque
3410 2783 3543 2848 pro-

641 2851 1002 2916 missionem
1029 2851 1281 2936 leyalem
1308 2855 1435 2920 scil.
1469 2853 1531 2919 a
1553 2858 2016 2942 Euanyelicam.
2065 2859 2239 2941 Hesp.
2274 2856 2631 2922 Secundum
2663 2856 3157 2941 Euangelicam:
3184 2853 3375 2920 Nova
3397 2850 3545 2916 enim

641 2937 1009 3017 foederatiO,
1043 2944 1138 3002 est
1162 2938 1348 3006 unica
1372 2943 1534 3007 ratio
1567 2951 1710 3026 qua,
1737 2967 1851 3029 per
1876 2967 2086 3028 quam,
2114 2948 2230 3012 sub
2254 2951 2381 3030 qua
2405 2947 2728 3010 confertur
2750 2947 2797 3011 81
2824 2943 3174 3028 acquiritur
3196 2943 3393 3020 saluS,
3418 2937 3547 3005 uuio

644 3031 862 3091 nostra
907 3048 1052 3090 cum
1083 3026 1241 3106 Dec,
1273 3028 1634 3108 beatitud03
1669 3056 1780 3098 seu
1821 3038 1919 3098 est
1950 3033 2203 3100 unicum
2230 3040 2420 3117 atque
2446 3035 2872 3119 adaequatum
2904 3032 3413 3104 fundamentum,
3438 3047 3547 3112 quo

643 3114 850 3200 posito
873 3114 1151 3198 ponitur,
1184 3137 1308 3199 quo
1335 3119 1548 3184 ablato
1574 3122 1862 3186 aufertur
1892 3123 2083 3187 saluS.

736 3201 860 3267 Sed
883 3202 1196 3288 objicitur.
1232 3205 1280 3268 l.
1315 3207 1530 3292 ObJect.
1581 3209 1782 3292 Atqui
1805 3233 1997 3294 opera
2022 3214 2059 3274 a
2083 3211 2375 3278 fidelibus
2400 3213 2743 3277 secundum
2766 3212 2973 3296 legem
3002 3207 3313 3292 praestita
3328 3205 3550 3271 habent

647 3291 1022 3359 relationem
1046 3292 1126 3356 ad
1151 3292 1347 3358 vitam
1373 3300 1716 3377 aeternam,
1745 3301 1885 3384 lege
1911 3299 2305 3383 promissam.
2351 3303 2529 3386 Hesp.
2562 3299 2817 3366 Habere
2841 3297 3217 3364 relationem
3244 3296 3326 3360 ad
3350 3293 3547 3366 vitam,

649 3403 812 3466 quae
860 3380 1002 3466 lege
1047 3381 1462 3464 promittitur,
1510 3387 1808 3452 concedo:
1852 3389 1931 3453 ad
1958 3387 2153 3452 vitam
2179 3394 2513 3472 quatenus,
2540 3393 2651 3453 aut
2681 3389 2799 3453 sub
2830 3387 2943 3452 illo
2966 3384 3243 3461 formali,
3278 3387 3405 3467 qua
3424 3383 3551 3465 lege

649 3469 1090 3557 promittitur?
1143 3471 1326 3556 Neqo.
1375 3473 1498 3537 Vel
1539 3473 1648 3555 316,
1675 3475 1728 3538 si
1757 3477 1953 3541 vitam
1977 3476 2120 3561 lege
2152 3478 2529 3561 promissam
2551 3476 2991 3556 materialiter,
3016 3474 3358 3546 abstracte,
3382 3469 3445 3534 in
3474 3490 3553 3566 se,

651 3561 698 3624 81
723 3557 1030 3644 objective
1053 3557 1426 3641 considereS,
1451 3564 1723 3628 concedo
1744 3589 1758 3642 3
1784 3564 1881 3629 sin
1908 3565 2265 3630 formaliter
2296 3569 2341 3633 &
2367 3565 2731 3650 subjective,
2768 3569 2838 3629 ut
2862 3569 2957 3629 est
2980 3563 3045 3628 in
3072 3561 3239 3646 lege,
3264 3564 3453 3643 atque
3476 3555 3553 3621 ib1

651 3646 1066 3733 promittitur,
1095 3648 1276 3732 Neyo.

745 3737 805 3798 2.
843 3736 1062 3820 Object.
1110 3736 1240 3800 Lex
1288 3737 1516 3803 dicitur
1547 3762 1731 3805 usum
1755 3763 1941 3806 suum
1963 3742 2200 3807 habere
2226 3766 2297 3808 ac
2323 3765 2725 3827 praeparare,
2752 3746 2899 3807 ante
2924 3739 3242 3805 actualem
3264 3733 3551 3819 receptio·

655 3845 802 3888 nem
849 3823 1373 3892 reconciliationis
1420 3831 1465 3894 &
1503 3828 1978 3912 justificationis
2024 3853 2137 3914 per
2182 3831 2373 3896 fidem
2418 3831 2485 3895 in
2534 3830 2859 3896 Christum
2890 3851 3001 3893 seu
3032 3826 3099 3891 in
3124 3824 3555 3911 promissiones

657 3912 1032 3996 Euangelii:
1061 3934 1213 3998 ergo
1240 3917 1486 3981 videtur
1517 3916 1851 4002 promissio
1877 3919 2058 4003 legis,
2086 3943 2247 4003 quae
2272 3942 2416 3985 cum
2439 3919 2794 4005 praeceptis
2820 3921 2953 4002 ejus
2977 3937 3262 3981 connexa
3294 3919 3409 3992 est,
3438 3911 3555 4008 for-

658 3999 914 4066 maliter
957 4000 1050 4066 ita
1095 4004 1488 4070 considerata
1511 4006 2007 4071 instrumentum
2038 4010 2085 4074 &
2111 4008 2391 4074 medium
2415 4031 2551 4072 esse
2583 4009 2829 4080 salutis,
2856 4009 2903 4073 &
2926 4001 3335 4069 manuductio
3368 4001 3446 4066 ad
3474 4019 3555 4062 Vl-

659 4093 794 4156 tam
834 4095 1177 4154 aeternam.
1225 4095 1404 4178 Resp.
1453 4092 1524 4159 Si
1547 4095 1622 4160 de
1647 4094 2071 4160 instrumento
2094 4095 2139 4160 81
2162 4097 2368 4161 medio
2394 4097 2679 4180 proximo
2702 4119 2816 4160 seu
2845 4094 3102 4160 formali
3128 4089 3439 4176 principio
3460 4107 3555 4150 ex·

660 4183 841 4242 terno
887 4177 1220 4263 intelligis,
1273 4183 1466 4268 Neyo:
1506 4183 1595 4248 sic
1620 4183 1788 4247 enim
1821 4184 2207 4249 tribueretur
2232 4185 2383 4270 legi,
2408 4186 2574 4268 quod
2598 4188 2694 4248 est
2718 4185 2915 4248 solius
2938 4179 3288 4266 Euangelii
3308 4181 3479 4246 Rom.
3508 4177 3555 4236 1.

661 4287 718 4330 υ.
749 4267 852 4329 16.
900 4265 1014 4330 Sin
1059 4266 1134 4330 de
1179 4269 1600 4337 instrumento
1623 4278 1886 4351 remot0,
1914 4295 2027 4337 seu
2056 4275 2259 4338 mavis
2286 4272 2637 4357 propinquo
2662 4271 2877 4356 aliquo
2906 4269 3337 4346 antecedente,
3364 4269 3475 4334 aut
3494 4263 3561 4326 (le

663 4353 972 4441 principio
1011 4376 1125 4419 seu
1146 4380 1336 4423 causa
1358 4360 1495 4424 sine
1521 4367 1645 4444 qua
1668 4383 1813 4442 non,
1847 4366 2162 4446 quatenus
2186 4362 2319 4428 scil.
2345 4384 2461 4447 pro
2493 4365 2673 4446 parte
2706 4365 2822 4425 sua
2845 4383 2971 4425 non
2996 4357 3245 4426 confert
3260 4353 3563 4444 jusfitiam

3524 4443 3563 4508 tc

2670 4769 3665 4815 ‘—-—-——-—¹:2'—
