3694 4871
555 297 773 363 D1sr.
818 296 931 362 De
978 295 1235 363 Sui-u
1281 294 1766 360 Ense-ronna
1814 314 1998 357 Aura
2051 292 2691 357 Couvsasmunu.
2965 288 3092 353 267

168 482 549 565 scripturam
605 482 1044 566 profiteantur.
1094 482 1289 548 etiam
1336 480 1731 546 admittendi.
1782 478 1906 555 Qui
1937 478 2112 544 surdi
2137 481 2174 543 a
2197 477 2556 555 nativitate,
2582 477 2658 541 de
2683 475 2918 559 quibus
2940 472 3093 539 solis

169 570 483 635 dubitatio
538 572 781 635 moveri
832 572 1013 649 solet,
1054 571 1431 635 admittendi
1479 574 1629 635 sunt
1673 568 1771 634 illi
1816 568 1929 652 qui
1953 568 2088 632 vita
2111 568 2158 633 ἃ
2181 566 2463 631 moribus
2497 587 2565 630 se
2595 586 2722 629 non
2753 564 3096 629 ostendunt

168 681 297 724 esse
344 658 753 725 afoederatos
792 660 909 738 (ita
964 661 1211 744 loquar)
1258 660 1569 743 siquidem
1615 680 1729 741 per
1780 660 1975 723 nutus
2013 656 2060 721 a
2113 658 2332 740 gestus
2355 653 2684 719 informati
2705 674 2819 737 per
2841 652 3092 717 eosdem

168 748 306 813 fidei
360 748 431 811 in
488 747 816 812 Christum
862 752 1103 813 certam
1154 748 1437 832 aliquam
1484 746 2015 833 significationem
2062 745 2272 809 edant.
2322 742 2409 807 Et
2453 742 2610 807 haec
2657 746 2754 807 est
2778 739 3096 806 sententia

166 836 423 903 Lutheri
462 848 613 901 tom.
660 838 721 900 2.
767 838 1017 903 lenensi
1052 837 1421 903 Germanico
1470 838 1581 920 sol.
1622 836 1771 900 318.
1810 855 1994 899 serm.
2023 834 2098 899 de
2124 835 2198 900 N.
2239 834 2302 898 Τ.
2335 831 2746 897 Melanthom's
2782 831 2857 898 in
2879 829 3094 895 consil.
3189 850 3197 853 ·

164 937 325 1008 part.
358 926 417 989 l.
444 947 517 1010 p.
543 926 694 989 268.
726 923 790 991 ἃ·
806 933 977 1010 part.
1004 928 1065 989 2.
1091 947 1158 1010 p.
1184 927 1333 991 284.
1358 926 1493 991 ΙοΙι.
1523 925 1791 991 Gerardi
1816 935 1964 988 tom.
1999 924 2056 985 5.
2080 924 2190 987 loc.
2217 942 2436 986 comm.
2476 922 2561 995 th.
2609 921 2758 983 226.
2797 915 3097 983 Ralduini

165 1014 231 1079 in
276 1013 533 1080 casibus
577 1014 659 1081 lib
719 1016 780 1078 2.
806 1035 941 1098 cap.
974 1016 1074 1078 12.
1104 1035 1223 1080 cas.
1260 1016 1359 1078 12.
1386 1013 1494 1079 ubi
1522 1014 1698 1077 varia
1721 1011 1920 1077 refert
1943 1009 2252 1094 exempla.
2302 1009 2483 1086 Quod
2507 1013 2720 1073 autem
2748 1006 2924 1071 addit
2953 1006 3098 1071 Bal-

164 1102 405 1169 ciuiuus
452 1102 563 1167 hic
616 1104 1013 1188 praeclarum
1052 1125 1237 1168 usum
1264 1102 1500 1167 habere
1538 1101 1817 1185 picturas
1842 1100 2228 1183 &imagines
2259 1098 2678 1162 historiarum
2713 1095 2794 1160 V.
2829 1096 2874 1161 8⁶
2905 1092 2992 1159 N.
3018 1091 3093 1157 T.

164 1214 259 1256 ex.
284 1214 385 1277 gr.
413 1191 496 1256 de
544 1190 785 1256 Christi
830 1191 1190 1269 nativitate,
1238 1191 1530 1275 passione
1562 1193 1661 1257 &a
1697 1212 1775 1253 ex
1798 1188 2032 1273 quibus
2061 1188 2269 1271 ipsam
2293 1208 2428 1251 rem
2461 1184 2781 1249 addiscere
2813 1182 3099 1267 possint3

165 1279 320 1344 illud
344 1279 515 1344 mihi
538 1302 653 1363 per
676 1279 891 1344 omnia
913 1300 1038 1344 non
1062 1280 1137 1343 fit
1153 1278 1530 1344 verisimile:
1558 1277 1864 1362 quidquid
1895 1277 2150 1344 Plinius
2175 1275 2278 1343 lib.
2299 1275 2404 1338 35.
2422 1294 2557 1358 cap.
2578 1274 2637 1338 4.
2656 1271 3010 1354 clepit-turis
3027 1272 3100 1335 in

160 1388 381 1451 yenere
403 1370 452 1433 &
479 1370 938 1446 Damascenus,
967 1370 1222 1453 (ἕτερον.
1244 1370 1347 1437 Μ..
1370 1368 1811 1453 Hieronymus,
1834 1367 2089 1449 Greyor.
2113 1367 2432 1451 Nyssenus
2449 1363 2598 1427 ibid.
2621 1362 2718 1427 cie.
2739 1361 2815 1425 de
2831 1359 3098 1444 picturis

164 1457 357 1523 sacris
382 1457 760 1522 edisserant.
808 1455 953 1521 Non
982 1457 1227 1536 desunt,
1255 1457 1365 1540 qui
1388 1456 1731 1540 opinantur
1761 1454 2004 1539 absque
2029 1453 2221 1518 verbo
2269 1456 2526 1516 externe
2549 1472 2663 1534 per
2692 1448 3097 1532 analogicum

166 1545 345 1610 illum
378 1546 715 1631 signorum
760 1567 1117 1610 sermonem
1164 1545 1371 1609 surdis
1408 1544 1789 1629 praedicato,
1827 1541 2039 1607 Deum
2063 1540 2312 1606 interne
2333 1540 2400 1604 in
2426 1539 2582 1623 ipsis
2608 1539 2796 1603 fidem
2821 1537 2887 1601 in
2919 1536 3101 1601 Chri·

166 1638 331 1699 stum
357 1634 637 1718 operari.
686 1632 826 1709 Quo
856 1634 1153 1698 videntur
1172 1633 1382 1699 facere
1406 1633 1601 1698 verba
1625 1631 2002 1715 Hieronymi
2031 1630 2098 1694 in
2131 1629 2466 1714 epistolam
2491 1629 2572 1692 ad
2595 1626 2858 1692 Galatas
2881 1624 3032 1690 ibid.
3063 1628 3101 1689 a

169 1722 490 1789 Baldm‘no
534 1722 762 1787 citata:
812 1722 1009 1787 habet
1053 1722 1286 1806 inquit,
1346 1720 1410 1787 ἃ·
1453 1723 1673 1787 anima
1710 1740 1900 1785 aures
1931 1740 2085 1784 suas
2108 1738 2267 1804 quas
2291 1718 2403 1802 qui
2425 1716 2730 1793 habuerit,
2767 1735 2896 1779 non
2919 1734 3099 1797 maq-

166 1831 393 1895 nopere
418 1811 719 1896 indiqebit
750 1812 849 1875 his
867 1810 1135 1877 auribus
1158 1812 1437 1895 corporis
1462 1810 1548 1875 ad
1570 1810 2060 1891 coqnoscendum
2085 1806 2327 1875 Christi
2354 1806 2774 1889 entanqelium.

248 1896 319 1967 3.
368 1898 671 1965 Movetur
694 1901 741 1964 a
765 1899 941 1964 aliud
964 1899 1227 1964 dubium
1248 1898 1771 1983 praecedentibus
1809 1898 2024 1973 affine,
2052 1897 2128 1961 de
2153 1895 2504 1961 amentium
2528 1894 2878 1977 sepultura,
2906 1913 3098 1975 quam

168 1993 416 2067 vocant,
468 1987 858 2053 Christiana.
909 1986 1170 2053 Invenio
1222 1988 1290 2051 in
1337 1988 1612 2053 consiliis
1658 1984 1721 2053 ἃ·
1745 1986 2008 2071 Ῑ1ιάίοἰίε
2033 1985 2289 2069 theolog).
2323 1986 2423 2049 810.
2452 1982 2825 2047 Germanice
2849 1980 3039 2046 editis
3063 1984 3102 2044 a

171 2076 475 2161 Philippo
520 2078 749 2142 Hanen
786 2076 1148 2141 ecclesiaste
1184 2074 1721 2162 Magdeburgensi
1745 2097 1801 2138 a.
1841 2076 2032 2138 1650.
2059 2072 2172 2137 ubi
2200 2084 2370 2137 irael.
2401 2071 2465 2135 8.
2485 2092 2548 2153 p.
2575 2070 2871 2135 98..hanc
2904 2090 3099 2152 quae-

172 2166 447 2230 stionem
492 2186 571 2229 ex
615 2166 922 2249 pastorali
946 2166 1203 2231 Lutheri
1224 2164 1312 2229 M.
1342 2164 1613 2229 Conradi
1637 2163 1868 2229 Portae
1901 2162 2218 2247 proponit,
2245 2163 2292 2227 81
2315 2182 2392 2224 ex
2425 2180 2720 2243 responso
2741 2158 3000 2223 Lutheri
3023 2157 3100 2221 ad

174 2251 629 2319 wenceslaum
653 2252 933 2318 Lincken
960 2254 1154 2337 (quod
1178 2257 1357 2318 extat
1381 2266 1525 2320 eom.
1547 2253 1606 2316 8.
1639 2252 1752 2336 sol.
1779 2252 1959 2335 412.)
1992 2252 2060 2315 in
2083 2255 2331 2335 partem
2357 2250 2404 2314 A
2413 2251 2485 2334 ff.
2518 2246 2921 2313 determinat.
2968 2244 3100 2309 Ra-

170 2341 259 2406 tio
306 2348 531 2407 autem
584 2340 851 2406 Lutheri
898 2341 1055 2405 haec
1096 2346 1213 2419 est,
1238 2342 1389 2426 quia
1419 2342 1581 2405 tales
1607 2344 1818 2405 mente
1841 2340 2014 2424 capti
2037 2339 2170 2403 sive
2204 2341 2241 2402 a
2264 2337 2602 2401 nativitate
2631 2335 2765 2400 sive
2799 2338 2836 2399 a
2859 2355 3030 2407 casu,
3066 2336 3104 2397 a

171 2430 425 2497 diabolo
467 2431 561 2494 ita
607 2430 959 2496 dementari
1006 2431 1382 2496 credendum
1417 2430 1519 2496 sit.
1570 2428 1775 2506 Quam
1800 2429 2118 2494 rationem-
2141 2449 2284 2492 cum
2309 2449 2432 2492 non
2457 2424 2697 2509 absque
2721 2445 2922 2509 grano
2947 2420 3102 2487 salis

172 2521 604 2604 accipiendam
652 2520 1026 2603 judicarem,
1082 2519 1322 2583 contuli
1370 2519 1657 2585 Andreae
1712 2518 1952 2585 Kesleri
1997 2516 2367 2601 theoquiam
2410 2535 2676 2580 casuum
2701 2512 3106 2579 covwcienliae

171 2629 313 2674 ann.
367 2609 569 2672 1651.
612 2607 976 2692 germanice
1023 2607 1277 2684 editam,
1333 2607 1445 2672 ubi
1490 2629 1626 2692 cap.
1660 2608 1768 2674 62.
1792 2629 1934 2671 eam
1958 2605 2224 2690 corrigit
2246 2608 2358 2668 aut
2381 2625 2496 2687 per
2518 2601 2968 2667 limitationem
2993 2623 3104 2664 ex-

172 2696 385 2780 plicat.
437 2695 743 2771 Quamvis
789 2695 959 2760 enim
1006 2695 1206 2779 aliqui
1230 2699 1533 2775 amentes,
1566 2695 1751 2774 fatui,
1784 2693 2158 2778 phrenetici,
2187 2691 2482 2770 maniaci,
2515 2691 2615 2756 sc.
2645 2693 2757 2754 aut
2782 2694 2820 2754 a
2843 2688 3099 2753 diabolo

172 2785 331 2850 tales
386 2785 567 2862 fiant,
612 2788 724 2850 aut
776 2805 922 2848 cum
950 2783 1108 2848 facti
1148 2789 1317 2863 sunt,
1343 2786 1379 2848 ὲ
1404 2783 1657 2848 diabolo
1688 2783 2017 2868 agitentur
2047 2781 2179 2847 sive
2203 2803 2318 2864 per
2348 2779 2750 2844 vexationem
2777 2781 3104 2842 externam

172 2872 302 2938 sive
332 2895 453 2958 per
480 2873 977 2958 possessionem:
1012 2873 1088 2937 de
1111 2872 1407 2938 omnibus
1436 2877 1652 2936 tamen
1684 2872 1805 2936 hoc
1828 2871 2030 2936 statui
2053 2893 2177 2935 non
2206 2869 2415 2946 debet,
2463 2891 2541 2932 ne
2566 2867 2822 2952 quidem
2855 2866 2932 2930 de
2963 2865 3104 2949 ple-

172 2960 405 3046 risque.
457 2961 691 3027 Confer
735 2962 899 3046 disp.
946 2973 1233 3027 nostram
1270 2961 1345 3026 de
1385 2961 1858 3046 Eneryumenis.
1886 2960 2049 3046 [pag
2096 2959 2256 3043 429]
2285 2957 2374 3022 Et
2396 2958 2565 3036 date,
2593 2977 2728 3021 esse
2753 2955 3000 3038 aliquos
3025 2976 3104 3018 ex

174 3051 480 3134 possessis
504 3055 617 3114 aut
641 3049 906 3135 agitatis
938 3052 978 3113 a
1008 3049 1261 3115 diabolo
1285 3049 1365 3114 ad
1389 3049 1755 3128 amentiam,
1782 3052 1896 3113 aut
1925 3047 2294 3112 fatuitatem
2325 3046 2612 3111 redactos
2642 3069 2658 3121 ς
2705 3044 2854 3108 inde
2885 3047 3101 3107 tamen

174 3138 357 3204 firma
401 3139 855 3222 consequentia
898 3160 1029 3203 non
1081 3138 1332 3203 ducitur
1378 3160 1483 3203 eos
1528 3142 1837 3222 tanquam
1863 3137 2081 3201 fideles
2113 3137 2314 3200 autin
2341 3138 2516 3199 statu
2541 3133 2790 3219 gratiae
2816 3135 3100 3196 mortuos

173 3225 541 3294 Christiana
587 3228 919 3311 sepultura
946 3227 1465 3292 cohonestandOS.
1516 3225 1683 3302 Quid
1734 3227 1788 3290 si
1834 3224 2006 3290 enim
2030 3225 2180 3300 sint,
2206 3224 2316 3307 qui
2339 3223 2538 3306 impia
2561 3223 2694 3286 vita
2719 3219 3102 3285 diabolicum

174 3313 291 3380 hoc
312 3316 557 3381 malum
583 3315 707 3380 sibi
730 3315 1195 3391 accersiverint,
1228 3319 1340 3379 aut
1362 3314 1473 3399 qui
1500 3315 1630 3380 sint
1653 3314 2068 3399 energumeni
2103 3311 2464 3397 Pythonici,
2492 3313 2538 3377 a
2561 3310 2814 3375 diabolo
2839 3329 3103 3373 consen-

172 3405 373 3470 serint
420 3408 533 3468 aut
578 3403 1078 3469 subservierint?
1124 3401 1285 3467 Vide
1309 3403 1385 3468 de
1411 3403 1857 3488 energumenis
1897 3401 2266 3486 Pythouicis
2291 3401 2452 3484 disp.
2479 3410 2768 3464 nostram
2793 3395 2977 3462 modo
3003 3396 3102 3460 cit.

174 3491 353 3570 Quod
406 3493 485 3557 ad
530 3493 739 3576 ipsam
784 3493 1181 3576 sepulturam
1228 3491 1601 3570 amentium,
1625 3490 2033 3568 furiosorum,
2057 3509 2513 3574 possessorum,
2536 3485 2962 3551 lunaticorum
2997 3485 3098 3550 Suc.

171 3581 393 3646 nolum
414 3580 860 3645 difficultatem
884 3601 1170 3646 movere:
1221 3580 1727 3664 quandoquidem
1764 3601 1839 3644 ea
1870 3582 1968 3643 est
1990 3577 2323 3642 hominum
2349 3598 2476 3660 qua
2506 3574 2862 3652 hominum,
2889 3575 2936 3640 ἃ
2957 3593 3107 3637 con-

176 3668 2274 3838 ἓῗέἓέᾆὲἚὲθᾏθῖἓῖζῐιὲθίἒῃῗὲἒξῐῖῗαῖἒῖἒέἓῖἓῗὲἰῗῗηῗέ
2293 3666 2642 3819 &itm
2662 3681 3107 3833 23333205‘2&

178 3847 398 3930 quales
450 3845 603 3911 illae
654 3844 803 3922 sint,
850 3846 899 3910 a
943 3849 1083 3909 tum
1113 3845 1365 3910 demum
1391 3845 1864 3930 despiciendum
1889 3866 1970 3908 an
1995 3844 2041 3909 8⁶
2067 3865 2230 3927 quae
2255 3840 2547 3906 adhiberi
2569 3838 2817 3924 possint
2839 3841 2954 3902 aut
2977 3859 3103 3902 non

180 3935 443 4018 possint.
512 3932 637 3999 Sed
688 3934 766 3999 de
813 3933 935 4010 his,
990 3934 1262 4017 aliisque
1302 3933 1621 3998 similibus
1647 3933 1710 3997 in
1732 3933 1958 4018 politia
1986 3931 2386 3997 ecclesiastica
2409 3949 2543 4013 cap.
2569 3929 2645 3993 de
2673 3928 3004 4011 sepultura
3027 3947 3107 3990 ex

180 4022 464 4106 professo
488 4023 825 4110 agendum.

262 4109 333 4182 4.
382 4112 485 4176 Ex
531 4111 612 4176 iis
664 4133 828 4194 quae
874 4113 951 4176 de
1004 4110 1211 4176 surdis
1249 4111 1296 4176 a
1336 4110 1697 4176 amentibus
1728 4109 2085 4187 attulimus,
2111 4113 2268 4193 puto
2293 4107 2448 4172 satis
2471 4105 2606 4188 jam
2633 4104 2945 4188 explicata
2969 4125 3107 4168 esse

180 4201 595 4284 problemata,
621 4221 785 4284 quae
823 4199 892 4263 in
915 4200 1163 4283 syllabo
1185 4204 1402 4264 nostro
1425 4203 1781 4264 occurrunt.
1830 4199 1929 4263 De
1955 4197 2188 4282 quibus
2213 4201 2287 4262 ut
2316 4196 2364 4262 ἃ
2393 4196 2470 4259 de
2495 4193 2758 4278 reliquis
2790 4191 3106 4269 omnibuS,

182 4311 339 4373 quae
370 4293 679 4373 tanquam
704 4288 875 4353 nuda
897 4289 1152 4366 sceleta,
1180 4289 1392 4352 addito
1424 4288 1609 4374 signo
1633 4287 1717 4352 A.
1740 4290 1855 4352 aut
1879 4285 1961 4350 N.
2003 4289 2116 4351 aut
2153 4285 2232 4350 D.
2260 4288 2373 4349 aut
2403 4283 2479 4348 E.
2508 4284 2608 4348 Suc.
2642 4283 3106 4367 proponuntur,

183 4379 370 4444 velim
400 4377 858 4464 peremtorium
874 4375 1186 4460 judicium
1218 4377 1297 4440 ab
1324 4375 1544 4459 aequis
1568 4376 1913 4440 lectoribus
1937 4397 2063 4440 non
2088 4374 2250 4454 fieri,
2289 4395 2404 4440 nec
2437 4371 2584 4438 aliis
2614 4370 2970 4522 ferentibqs
2994 4390 3109 4522 ag·-

2869 4481 2912 4543 p
2942 4479 3022 4522 au
3067 4479 3112 4535 1,
