3694 4871
624 339 711 404 66
1221 335 2954 408 D1sr.III.DEJunamJusmmADm.

626 523 1014 602 afflictioniS,
1042 526 1088 590 St
1112 525 1240 588 alia
1264 529 1557 590 aeternae
1588 525 1845 589 mortis:
1877 547 2038 608 quae
2065 529 2385 588 aeternam
2413 524 2831 609 abjectionem
2858 528 2896 588 a
2917 521 3230 589 facie'Dei
3255 547 3380 588 non
3411 530 3538 588 tan-

623 617 781 692 tum,
829 615 938 678 sed
985 620 1027 676 &
1061 635 1339 678 vermem
1387 614 1825 689 conscientiae,
1867 616 1912 680 δι
1939 614 2462 697 desperationem,
2494 614 2675 698 [pag.
2705 613 2866 698 393]
2896 612 3248 678 necessario
3271 613 3538 689 involvit,

625 702 970 786 subjective
996 702 1129 766 scil.
1156 702 1211 766 si
1238 703 1667 767 consideretur
1683 703 1747 766 in
1776 707 2066 766 creatura
2091 702 2407 765 rationali.
2457 701 2658 785 Atqui
2684 702 3110 786 repugnantia
3135 701 3318 765 estin
3341 703 3536 766 termi-

623 792 744 868 nis,
792 790 848 854 si
896 794 1215 854 statuatur
1246 790 1436 855 homo
1484 792 1783 856 innocens
1828 791 2105 874 imagine
2145 789 2264 854 Dei
2299 791 2620 874 praeditus
2647 792 2845 875 &legi
2873 813 2946 854 ac
2973 790 3284 854 voluntati
3309 791 3537 854 divinae

626 878 967 944 conformis
1013 879 1305 962 idemque
1337 884 1607 944 mortem
1630 879 2008 943 infernalem
2035 879 2374 956 sustinenS,
2400 879 2519 943 hoc
2547 885 2642 942 est
2675 901 2886 943 verme
2911 879 3330 944 conscientiae
3353 901 3536 943 corro-

626 989 753 1045 su8,
787 970 832 1050 δι
855 969 1213 1050 desperans,
1239 967 1433 1032 immo
1459 971 1504 1034 &
1535 969 1986 1052 blasphemans
2012 968 2252 1031 Deum:
2303 990 2452 1030 nam
2477 969 2792 1032 cruciatus
2816 967 2947 1046 ille,
2973 969 3229 1042 vermiS,
3257 969 3535 1051 despera-

624 1057 735 1133 tio,
764 1055 897 1120 sine
923 1056 1408 1136 intermissione,
1434 1080 1561 1121 non
1586 1062 1684 1122 est
1708 1057 1944 1140 absque
1972 1056 2389 1139 blasphemia.
2445 1058 2653 1138 Atque
2679 1056 2798 1120 hoc
2823 1057 3233 1139 praecipuum
3262 1058 3534 1120 adversae

621 1145 972 1210 sententiae
998 1150 1447 1229 argumentum
1472 1169 1612 1210 meo
1636 1146 1890 1228 quidem
1919 1146 2189 1228 judicio:
2224 1145 2390 1227 quod
2415 1167 2558 1208 cum
2604 1145 2944 1208 insolubile
2975 1167 3100 1208 non
3133 1145 3240 1221 sit,
3271 1145 3447 1209 facile
3469 1147 3534 1207 de

624 1234 895 1298 aliorum
940 1234 1253 1298 solutione
1285 1234 1721 1317 despiciemus.
1770 1233 1906 1297 Alii
1945 1233 2110 1297 forte
2159 1235 2238 1296 ad
2277 1233 2584 1296 minorem
2637 1235 2894 1317 ejusque
2941 1233 3380 1316 probationem
3404 1233 3536 1316 quid

625 1323 953 1386 dicendum
986 1323 1337 1406 putabunt3
1372 1324 1481 1386 sed
1512 1323 1673 1386 haut
1694 1345 1872 1406 opus.
1900 1322 2186 1388 Secunda
2217 1322 2379 1386 ratio
2405 1326 2520 1399 est,
2549 1327 2847 1404 sequetur
2871 1321 2992 1386 hoc
3023 1322 3386 1399 absurdum,
3433 1322 3534 1384 mi-

624 1434 743 1475 nus
768 1411 958 1475 licere
987 1411 1121 1475 Deo
1146 1411 1210 1474 in
1236 1411 1561 1476 hominem
1584 1412 2004 1480 innocentem,
2033 1432 2225 1494 quam
2250 1411 2316 1472 in
2343 1412 2668 1492 proprium
2693 1411 2900 1474 filium
2918 1410 3345 1474 innocentem.
3371 1413 3532 1494 Resp.

626 1501 773 1585 Neq.
823 1499 1292 1582 consequentia.
1341 1499 1501 1563 Erat
1534 1500 1704 1564 enim
1729 1500 1900 1563 filius
1925 1500 1990 1563 in
2016 1523 2082 1562 se
2109 1500 2341 1582 justus,
2369 1501 2414 1563 δε
2441 1499 2772 1562 innocens:
2799 1500 2908 1562 sed
2932 1498 3314 1582 imputative
3337 1500 3384 1563 81,
3405 1505 3532 1562 tau-

622 1609 811 1671 quam
845 1609 1109 1670 sponsor
1141 1592 1349 1670 potest
1381 1589 1501 1652 dici
1530 1611 1781 1663 nocenS,
1806 1588 2181 1651 maledictus
2207 1586 2340 1650 scil.
2371 1592 2628 1670 propter
2651 1590 2910 1670 peccata
2935 1592 3176 1664 nostra,
3203 1609 3366 1670 quae
3389 1589 3446 1650 in
3474 1610 3527 1650 se

625 1679 1006 1760 susceperat.
1066 1677 1269 1740 Tertia
1305 1676 1483 1750 racio,
1536 1675 1603 1740 Si
1652 1680 1750 1740 est
1781 1676 1856 1739 de
1874 1677 2016 1759 jure
2043 1675 2182 1750 Dei,
2210 1679 2281 1738 ut
2306 1680 2661 1739 creaturam
2687 1676 3086 1739 innocentem
3121 1699 3248 1739 non
3281 1677 3533 1760 affligat,

627 1787 779 1849 ergo
797 1764 1052 1848 justitia
1078 1765 1211 1848 ejus
1236 1764 1354 1828 hoc
1381 1765 1601 1849 exigit.
1628 1764 1751 1829 Sed
1777 1765 2089 1847 posterius
2118 1769 2213 1828 est
2237 1764 2582 1827 absurdum
2608 1786 2780 1848 ergo·
2807 1763 2996 1827 Prob.
3021 1764 3252 1840 minor3
3281 1766 3426 1847 quia
3443 1766 3534 1847 ju-

627 1853 805 1917 stitia
830 1875 1015 1917 suum
1047 1853 1271 1935 cuique
1296 1853 1542 1932 tribuit,
1569 1854 1614 1918 8⁶
1636 1853 1797 1916 nulli
1822 1875 2007 1916 suum
2033 1853 2260 1916 aufert.
2288 1853 2489 1935 Atqui
2519 1852 2766 1915 nullum
2793 1856 2891 1916 est
2919 1856 3248 1917 creaturae
3277 1876 3454 1917 suum
3469 1853 3532 1916 ad

625 1943 794 2025 quod
818 1941 1225 2006 tribuendum
1254 1946 1513 2005 autnon
1540 1942 1954 2006 auferendum
1980 1941 2152 2005 Deus
2177 1941 2516 2025 obligetur.
2549 1942 2724 2024 Hesp.
2753 1940 3066 2004 Absolute
3087 1965 3210 2005 non
3235 1943 3534 2026 obligatur

624 2030 797 2094 Deus
822 2029 901 2093 ad
926 2030 1165 2113 aliquid
1191 2031 1485 2094 dandum:
1514 2031 1625 2094 sed
1650 2031 1808 2094 bene
1834 2029 2158 2113 obligatur
2184 2030 2262 2093 ad
2279 2034 2604 2094 creaturae
2631 2052 2756 2093 non
2781 2029 3236 2112 imponendum
3263 2037 3370 2094 aut
3389 2030 3532 2093 infe·

624 2121 883 2183 rendum
916 2119 1047 2182 tale
1070 2119 1241 2200 quid,
1276 2120 1443 2200 quod
1466 2119 1958 2204 repugnantiam
1981 2119 2048 2182 in
2082 2119 2372 2182 terminis
2405 2118 2691 2182 involvit.
2721 2115 2826 2181 Sic
2851 2140 2904 2180 e.
2932 2140 3028 2202 gr.
3051 2141 3176 2181 non
3205 2124 3412 2202 potest
3434 2119 3532 2182 ho·

625 2207 785 2272 mini
810 2207 1134 2291 imponere
1160 2211 1272 2270 aut
1296 2209 1596 2271 mandare
1621 2207 1996 2291 simpliciter
2013 2206 2427 2290 impossibile,
2447 2219 2519 2269 ut
2535 2206 2670 2270 scil.
2688 2206 2994 2289 potentia,
3016 2212 3128 2270 aut
3151 2207 3533 2290 perfectione,

627 2297 711 2362 sit
736 2296 1019 2379 aequalis
1046 2295 1199 2366 Deo,
1230 2301 1341 2359 aut
1361 2300 1431 2361 ut
1455 2295 1540 2359 sit
1563 2297 1625 2358 in
1648 2297 1923 2360 essentia
1941 2317 2055 2359 sua
2074 2297 2330 2379 ejusque
2349 2295 2730 2378 praesentia.
2749 2299 2946 2370 motu,
2967 2297 3068 2360 διο.
3087 2297 3256 2360 sicut
3269 2297 3533 2380 angelus.

627 2384 933 2469 Reliquas
981 2383 1281 2460 rationes,
1333 2407 1495 2468 quae
1541 2385 1777 2449 ibidem
1827 2385 2239 2457 adducuntur,
2291 2384 2441 2467 quia
2489 2387 2733 2448 exserte
2759 2384 3142 2448 concludunt
3175 2385 3250 2450 de
3275 2385 3534 2449 cruciatu

628 2476 841 2557 aliquo
890 2473 1221 2557 corporali,
1269 2496 1395 2537 non
1429 2496 1576 2537 vero
1602 2475 1675 2537 de
1700 2478 1903 2537 morte
1935 2473 2253 2549 infernali,
2289 2474 2334 2538 δι
2361 2495 2868 2557 praesupponere
2893 2474 3190 2537 videntur
3224 2475 3534 2539 veritatem

626 2563 1111 2645 consequentiae
1157 2561 1435 2645 majoris,
1489 2563 1555 2626 in
1594 2563 1800 2645 prima
1846 2562 2113 2637 ratione,
2165 2570 2380 2645 (quam
2429 2584 2540 2625 nos
2588 2561 2926 2645 negamus)
2959 2562 3064 2625 hic
3111 2564 3532 2645 praeterimus.

628 2650 714 2716 ΙΙ.
738 2652 945 2716 Probl.
978 2650 1075 2714 An
1097 2650 1272 2715 Deus
1282 2652 1387 2733 jus
1403 2651 1639 2714 habeat
1657 2651 1983 2735 obligandi
1999 2650 2317 2714 hominem
2337 2652 2414 2713 ad
2433 2650 2674 2732 aliquid
2692 2650 3103 2733 impossibile:
3123 2652 3312 2735 idque
3327 2652 3535 2734 probe·

628 2746 735 2803 tur
752 2739 1039 2822 exemplo
1066 2738 1298 2803 Adami
1323 2744 1467 2803 ante
1487 2740 1756 2823 lapsum.
1789 2742 1964 2823 Resp.
1999 2740 2143 2821 Neq.
2181 2739 2332 2802 Erat
2356 2739 2525 2802 enim
2545 2739 2642 2801 illi
2659 2738 2981 2821 possibilis
2998 2741 3462 2822 perseverantia
3480 2744 3533 2801 in

628 2832 800 2893 statu
840 2828 1258 2905 innocentiae,
1284 2828 1351 2890 in
1376 2849 1562 2891 sensu
1587 2828 1721 2891 scil.
1753 2829 1975 2891 diviso.
2001 2826 2176 2892 Nota
2201 2833 2297 2891 est
2329 2828 2653 2891 distinctio
2676 2827 2844 2890 inter
2869 2850 3124 2891 causam
3149 2834 3300 2892 actu
3323 2832 3366 2894 &
3395 2850 3527 2892 cau-

628 2939 764 2981 sam
787 2916 1091 2999 potentia‚
1118 2918 1163 2981 8⁵
1188 2937 1439 2980 rursum
1470 2917 1639 2980 inter
1672 2917 2026 2999 potentiam
2049 2939 2162 2979 seu
2186 2916 2676 2999 possibilitatem
2702 2938 2950 2983 causae.
2979 2920 3024 2981 δι
3049 2917 3333 2982 effectus,
3373 2916 3534 2980 Prior

631 3005 880 3069 Adamo
928 3004 1184 3068 omnino
1231 3005 1570 3069 tribuenda
1616 3028 1758 3069 cum
1783 3005 2072 3070 catechesi
2094 3009 2310 3068 nostra
2337 3016 2566 3090 quaest.
2612 3005 2674 3068 9.
2725 3004 2907 3077 Quod
2929 3008 3142 3069 autem
3171 3010 3208 3069 a
3233 3005 3534 3069 nonnullis

631 3093 980 3157 subtractio
1026 3093 1275 3177 gratiae
1322 3094 1427 3157 hic
1466 3094 1880 3157 intervenisse
1907 3094 2156 3171 dicitur,
2185 3092 2541 3157 duriuscule
2568 3097 2680 3156 aut
2703 3093 3006 3177 ambigue
3031 3096 3076 3158 δι
3099 3095 3364 3159 obscure
3394 3091 3533 3157 milii

632 3182 869 3246 dictum
896 3181 1158 3245 videtur.
1189 3180 1360 3245 Deus
1386 3182 1553 3245 enim
1584 3187 1727 3245 actu
1754 3182 2026 3265 positivo
2054 3184 2098 3247 &
2125 3183 2439 3245 contrario
2470 3204 2597 3244 non
2623 3182 2828 3265 magis
2855 3182 3122 3245 abstulit
3146 3182 3391 3247 homini
3411 3204 3536 3267 gra·

629 3271 787 3335 tiam
812 3268 1085 3353 primam
1111 3292 1221 3333 seu
1251 3270 1649 3334 habitualem
1674 3272 1738 3334 in
1767 3271 2084 3334 creatione
2111 3272 2428 3345 collatam,
2457 3292 2649 3353 quarn
2674 3270 2922 3353 angelis
2957 3271 3172 3353 lapsis,
3223 3270 3350 3336 Sed
3379 3277 3534 3335 utro-

628 3360 819 3442 bique
868 3358 1165 3443 negative
1212 3362 1463 3423 tantum
1512 3360 1780 3423 cessavit
1829 3360 1909 3422 ab
1961 3359 2250 3423 ulteriori
2298 3360 2634 3423 collatione
2659 3359 2906 3441 gratiae
2933 3361 3243 3423 secundae
3267 3362 3316 3425 &
3339 3360 3535 3425 subse·

630 3448 902 3532 quentiS,
953 3447 1383 3511 confirmantis
1432 3471 1515 3512 sc.
1567 3448 1903 3512 excitantis
1952 3448 1997 3512 ἃ,
2045 3447 2512 3531 praemoventis
2564 3470 2635 3511 ac
2682 3448 3356 3528 praedeterminantis:
3381 3449 3536 3530 cujus

628 3536 1018 3601 necessarius
1052 3558 1387 3600 concursus
1412 3538 1634 3621 negari
1659 3558 1781 3600 non
1810 3540 2040 3619 potest,
2067 3537 2304 3619 absque
2332 3536 2656 3599 luxatione
2679 3535 3043 3619 theologiae
3077 3538 3152 3600 de
3188 3536 3310 3602 Dei
3333 3535 3534 3621 primi-

626 3630 780 3703 tate,
816 3625 1081 3689 scientia
1107 3626 1285 3710 [pag.
1316 3626 1499 3710 394],
1536 3625 2141 3709 voluntate,‘gratiii,
2167 3625 2473 3707 potentia,
2500 3623 2898 3707 providentia
2917 3626 3016 3689 &c
3044 3622 3112 3689 Si
3131 3626 3410 3710 objicias,
3427 3645 3534 3688 non

631 3715 825 3778 fuisse
860 3719 1011 3797 ergo
1060 3712 1425 3795 possibilem
1452 3712 1754 3777 effectum
1782 3736 1858 3777 ex
1882 3714 2468 3797 praesuppositione
2495 3712 2863 3776 cessationis
2887 3734 2998 3776 seu
3023 3716 3361 3799 negativae
3385 3714 3537 3778 illius

632 3801 1025 3871 deficientiae
1072 3801 1229 3876 Dei;
1278 3802 1680 3866 concedimus
1712 3803 1826 3865 illo
1857 3806 2149 3886 respectu
2184 3826 2309 3865 non
2336 3802 2533 3865 fuisse
2561 3801 2857 3865 effectum
2884 3802 3253 3884 possibilem
3281 3806 3345 3867 in
3371 3821 3536 3867 sensu

632 3891 1004 3975 composito:
1033 3891 1140 3954 sed
1166 3912 1473 3974 negamus
1501 3891 1643 3954 inde
1670 3891 1853 3974 sequi
1879 3890 2255 3973 simpliciter
2285 3890 2526 3954 Adamo
2555 3889 2750 3953 fuisse
2769 3890 3249 3972 impossibilem.
3281 3888 3535 3957 Possibi-

632 3979 780 4043 litas
808 3980 977 4043 enim
1002 3982 1140 4041 erat
1162 3979 1227 4041 in
1255 3978 1471 4043 ordine
1497 3980 1573 4042 ad
1606 4002 1862 4043 causam
1887 3980 2244 4043 secundam.
2273 4000 2434 4063 quae
2465 4000 2579 4062 pro
2606 4000 2718 4041 sua
2745 3984 2926 4061 parte
2943 3978 3226 4044 habebat
3243 3980 3536 4045 sufficien-

632 4072 760 4131 tem
788 4068 1172 4151 potentiam:
1201 4068 1309 4131 sed
1334 4090 1458 4130 non
1484 4068 1548 4131 in
1574 4068 1792 4132 ordine
1813 4068 1891 4131 ad
1911 4090 2160 4131 causam
2187 4069 2480 4151 primam,
2500 4068 2674 4149 cujus
2690 4089 3064 4149 praecursus
3085 4070 3413 4134 adfuturus
3425 4088 3536 4129 non

633 4160 790 4221 erat.
820 4155 1128 4219 Absolute
1161 4177 1312 4239 ergo
1338 4156 1665 4219 dicendum
1696 4157 2014 4220 Adamum
2041 4158 2321 4238 potuisse
2353 4158 2594 4221 facere:
2631 4176 2773 4218 cum
2799 4156 3204 4223 distinctione
3231 4156 3534 4222 dicendum

635 4244 934 4309 effectum
959 4243 1240 4326 potuisse
1266 4244 1553 4309 existere.
1578 4246 1622 4310 ἃ
1640 4267 1763 4307 non
1786 4244 2066 4328 potuisse
2084 4276 2097 4317 ;
2125 4245 2371 4309 diverso
2391 4245 2522 4309 scil.
2544 4248 2862 4326 respectu:
2885 4250 2956 4307 ut
2965 4246 3102 4328 jam
3120 4247 3536 4331 explicuimus

636 4332 704 4397 Si
751 4334 893 4415 quis
941 4330 1110 4394 aliud
1161 4334 1207 4395 δι
1250 4332 1453 4396 tutius
1492 4334 1642 4415 quid
1668 4332 1916 4397 adferre
1949 4333 2168 4415 possit,
2202 4356 2315 4398 nec
2348 4335 2454 4398 hic
2478 4333 2806 4416 ingenium
2837 4332 3190 4400 humanum
3213 4334 3536 4402 sistendum

635 4421 983 4495 existimet3
1018 4419 1237 4501 utique
1268 4442 1394 4484 non
1420 4421 1859 4485 invidebimus.
1901 4420 2158 4505 Cogitet
2189 4425 2374 4488 modo
2398 4426 2570 4487 certa
2595 4422 2640 4486 ἃ
2664 4422 2934 4503 receptis
2959 4426 3332 4491 veritatibus
3357 4422 3536 4487 Theo-

3337 4508 3537 4597 logicis
