3694 4871
1212 823 1928 944 DISPUTA
1950 825 2219 944 TIO
2297 825 3029 970 QUARTA.

730 1126 907 1224 DE
965 1125 1854 1228 NECESSITATE
1915 1130 2009 1226 ἃ,
2065 1131 2770 1228 ΠΊἾΙᾸΤΑΤΕ
2830 1133 3498 1232 DOGMATIS

1470 1269 1643 1364 Dm
1704 1269 1864 1368 SS.
1927 1269 2674 1368 TRINITATE.
2717 1267 2764 1349 ¹)

654 1567 779 1648 Qui
822 1571 1184 1638 clanculum
1231 1570 1543 1636 subruant
1592 1570 1961 1654 doymatum
1999 1571 2508 1638 Christianorum
2535 1573 2870 1644 veritatem,
2901 1574 3278 1657 plerumque
3303 1573 3472 1656 prius
3491 1573 3552 1635 in

740 1659 1161 1741 quaestionem
1208 1671 1431 1724 vocant
1477 1660 1820 1724 eorundem
1871 1671 2258 1724 momentum
2320 1659 2382 1725 a
2424 1661 2696 1743 pondus,
2731 1673 2801 1724 ut
2829 1661 3113 1725 homines
3139 1662 3210 1724 in
3233 1661 3553 1726 securitatis

738 1765 1035 1810 somnum
1084 1747 1339 1824 inducti,
1391 1760 1559 1812 tanto
1603 1749 1858 1834 facilius
1905 1749 2221 1812 veritatem
2261 1750 2436 1814 illam
2481 1751 2688 1814 excuti
2727 1749 2845 1813 sibi
2873 1751 3222 1831 patiamur,
3251 1771 3356 1814 nec
3376 1750 3556 1814 decer·

740 1846 860 1898 tent
908 1855 1027 1918 pro
1068 1837 1209 1924 fide,
1260 1857 1418 1922 quac
1463 1838 1650 1902 semel
1694 1837 1839 1900 data
1881 1838 2243 1900 estsanctis.
2295 1838 2644 1902 [lodie-mos
2669 1839 3236 1903 Anti-Trinitarios
3261 1838 3558 1903 narcoticis

736 1924 1044 2006 ejusmodi
1090 1925 1284 1991 nimis
1329 1946 1525 2011 quam
1571 1925 1973 2009 familiariter
2015 1925 2112 1989 uti
2135 1926 2379 1990 videas:
2413 1947 2608 2012 neq-ue
2633 1927 2696 1990 id
2736 1928 2996 1991 omnino
3019 1939 3290 2010 frustra,
3315 1927 3559 1992 obstetri-

734 2024 911 2078 cante
935 2015 1166 2100 quippe
1198 2013 1259 2079 ἃ·
1282 2027 1673 2080 succurrente
1698 2015 1852 2097 ipsis
1867 2015 2132 2097 profani
2147 2015 2342 2097 tuqus
2358 2017 2589 2080 saeculi
2601 2016 3026 2096 Epicureas-mo
3049 2014 3111 2080 a
3129 2016 3556 2080 Libertinismo.

738 2103 867 2166 Nos
915 2103 1119 2188 itaque
1160 2124 1281 2186 pro
1318 2105 1594 2179 verita-tc,
1636 2103 1923 2172 Ecclesia,
1971 2102 2034 2167 a
2060 2104 2388 2189 utriusque
2409 2116 2629 2168 autore
2655 2104 2784 2168 Deo
2809 2125 2940 2168 uno
2973 2103 3036 2168 st·
3061 2105 3250 2180 trino,
3275 2105 3559 2190 quamdiu

736 2189 862 2253 vita
898 2193 1193 2275 suppetit,
1227 2192 1594 2256 decertaturi
1629 2191 1690 2256 a
1706 2192 1998 2275 juniores
2024 2193 2094 2255 in
2124 2193 2240 2256 ltac
2269 2193 2586 2275 palaestra
2607 2213 2727 2276 pro
2754 2193 3010 2258 modu-lo
3041 2193 3286 2276 ingenii
3314 2191 3374 2258 ἃ·
3397 2193 3556 2278 [pag.

743 2279 905 2364 467]
954 2281 1329 2345 conscientia
1378 2281 1570 2366 officii
1608 2281 1807 2346 nostri
1859 2281 2273 2354 mereunt-uri,
2299 2282 2678 2346 disseremus
2706 2281 2987 2345 breviter.
3017 2279 3068 2344 Ι.
3104 2283 3201 2347 De
3229 2283 3563 2348 Necessitate

737 2367 1066 2453 Doymatis
1114 2369 1187 2433 cle
1243 2369 1563 2433 Tri-nitate.
1604 2367 1689 2432 II.
1740 2370 1834 2434 De
1873 2369 2150 2452 ejusdem.
2174 2370 2456 2447 utilitate,
2481 2391 2592 2438 sctt
2610 2371 2822 2455 prasci.
2858 2368 2976 2433 III.
3003 2369 3415 2453 Subjiciem-us
3435 2390 3558 2434 eon·

734 2458 1087 2535 sectarium,
1115 2459 1190 2523 de
1212 2458 1397 2523 Anti·
1412 2458 1758 2525 Trinitart'a
1783 2458 2068 2523 hereseos
2095 2461 2444 2525 tolerantia.

741 2592 806 2662 1.
856 2595 957 2661 Ad
1011 2597 1465 2661 accuratiorem
1512 2597 1902 2679 quaestionis
1949 2598 2191 2681 primae
2241 2598 2683 2662 enodationem
2739 2599 2861 2662 duo
2887 2599 3488 2681 praecognoscenda.
3517 2596 3558 2660 Ι.

644 2682 811 2759 Quid
870 2683 954 2747 sit
1003 2685 1233 2768 dogma
1288 2686 1363 2748 de
1412 2684 1731 2749 Trinitate
1778 2683 1863 2749 II.
1912 2687 2078 2761 Quid
2125 2686 2209 2749 sit
2255 2688 2487 2767 dogma
2531 2688 2976 2763 necessarium,
3011 2709 3124 2749 seu
3155 2686 3457 2750 articulus
3477 2688 3562 2769 (ut

3656 1767 3665 1938 ᾗ

3662 2001 3665 2152 --,-——
3657 1947 3665 1986 —A

646 2775 895 2847 vocant)
942 2772 1459 2837 fundamentalis,
1507 2772 1559 2838 Ι.
1612 2774 1857 2851 PrimO,
1899 2774 2152 2859 Dogma
2179 2776 2253 2837 de
2279 2773 2597 2838 Trinitate
2628 2779 2811 2839 notat
2835 2798 2961 2838 non
2985 2778 3120 2837 tam
3143 2776 3502 2860 negativam
3523 2776 3559 2837 ἃ
3662 2806 3665 2855 g

644 2859 1022 2924 elenctivam
1081 2860 1522 2945 Theologiam,
1571 2886 1761 2947 quam
1808 2863 2144 2947 positivam
2188 2886 2300 2927 seu
2327 2863 2735 2940 assertivam;
2770 2886 2894 2927 non
2920 2868 3054 2927 tam
3080 2863 3394 2927 rationem
3417 2864 3562 2926 hanc
3663 2896 3665 2901 ·

646 2952 757 3013 aut
804 2949 1005 3025 illam,
1055 2972 1246 3033 quam
1293 2950 1465 3034 ipsas
1505 2950 1767 3029 TheseS,
1794 2951 2272 3035 propositiones,
2304 2975 2416 3015 seu
2442 2952 2856 3027 assertiones;
2883 2974 3008 3015 non
3035 2956 3170 3015 tam
3195 2952 3560 3035 hypotheses
3663 3010 3665 3023 ἦ

648 3037 931 3121 aliasque
979 3038 1192 3102 theses
1240 3040 1449 3103 minus
1494 3040 1896 3124 principaleS,
1946 3062 2136 3123 quam
2183 3041 2564 3124 principales
2619 3039 2894 3111 Theses:
2929 3062 3056 3104 non
3088 3045 3222 3103 tam
3255 3042 3502 3103 modum
3523 3040 3558 3100 ἃ

646 3126 1016 3191 methodum
1065 3129 1498 3211 grammatice,
1556 3128 1892 3205 rhetorice,
1943 3130 1987 3194 ἃ
2033 3129 2238 3214 logice
2286 3130 2516 3213 dogma
2559 3129 2719 3192 illud
2744 3128 3122 3212 explicandi,
3158 3151 3354 3211 quam
3381 3130 3561 3213 ipsam

644 3238 781 3279 rem
829 3215 1237 3298 explicatam:
1288 3240 1411 3281 non
1452 3222 1586 3281 tam
1619 3217 1892 3281 formam
1918 3240 1990 3281 ac
2013 3219 2268 3282 modum
2293 3240 2405 3301 per
2435 3217 2907 3302 philosophicas
2935 3218 2981 3282 ἃ
3007 3217 3246 3301 logicas
3271 3218 3556 3289 notiones

645 3304 1081 3368 distinctiones
1102 3329 1116 3379 ;
1144 3308 1189 3371 ἃ·
1214 3306 1533 3370 axiomata
1558 3306 1788 3389 dogma
1812 3306 1932 3369 hoc
1957 3310 2174 3371 contra
2200 3306 2845 3390 pseudo-rationarios
2871 3328 3278 3389 quoscunque
3304 3304 3561 3375 tutandi,

645 3415 865 3457 eorum
918 3393 1310 3458 subtilitates
1355 3396 1789 3478 persequendo
1838 3396 1884 3460 δι
1922 3397 2000 3459 ad
2023 3396 2366 3459 absurdum
2391 3395 2755 3479 redigendo.
2781 3395 3061 3459 breviter
3087 3416 3211 3458 non
3239 3400 3376 3459 tam
3401 3398 3558 3458 ante-

644 3481 918 3545 muralia
972 3484 1301 3566 quaedam,
1336 3506 1527 3566 quam
1552 3484 1755 3565 ipsam
1782 3505 1990 3547 arcem
2015 3484 2324 3547 veritatis
2354 3505 2544 3565 quam
2579 3483 2989 3567 simplicitate
3015 3486 3060 3549 ἃ
3085 3483 3412 3547 soliditate
3434 3478 3560 3545 fidei

644 3571 920 3635 insident
944 3571 1285 3637 &insidere
1327 3573 1629 3635 docentur
1652 3594 1871 3635 omnes
1899 3572 2266 3639 Christiani.
2301 3572 2496 3635 etiam
2519 3571 2798 3635 infantes
2823 3572 2868 3635 ἃ
2901 3572 3244 3647 lactantes3
3297 3594 3426 3636 non
3447 3576 3558 3633 tam

646 3659 1093 3741 particularem
1139 3660 1624 3743 explicationem
1678 3660 1869 3743 hujus
1901 3665 2012 3723 aut
2045 3661 2218 3723 illius
2251 3660 2546 3724 Doctoris
2571 3660 2702 3723 sive
2731 3660 3091 3724 scholastici
3118 3660 3249 3723 sive
3283 3658 3559 3724 ecclesia-

648 3747 810 3822 stici,
837 3747 968 3812 sive
994 3748 1241 3831 antiqui
1266 3748 1397 3812 sive
1422 3748 1711 3821 recentia,
1739 3748 2058 3831 (quamvis
2082 3748 2202 3812 hac
2228 3749 2290 3811 in
2321 3753 2502 3832 parte
2529 3748 3044 3830 ὁρθοδοξοπὰτου)
3070 3770 3260 3832 quam
3285 3768 3556 3813 commu-

646 3858 793 3899 nem
839 3836 885 3900 &
938 3837 1319 3909 catholicam
1366 3836 1839 3901 Christianismi
1878 3840 1924 3903 δι
1970 3837 2289 3920 antiqui&
2315 3836 2605 3901 hodierni
2629 3840 2803 3915 (utut
2825 3838 2890 3899 in
2925 3838 3146 3901 multis
3177 3837 3324 3900 aliis
3351 3838 3556 3902 misere

649 3923 961 3999 distracti)
1008 3926 1197 3989 fidem
1230 3927 1275 3989 δι
1306 3926 1763 4009 professionem
1787 3925 2040 4008 publice
2065 3927 2110 3990 δι
2135 3926 2435 4008 privatim
2462 3925 2696 4009 ubique
2722 3929 3083 3989 sonantem:
3119 3926 3194 3989 de
3220 3930 3350 4008 qua
3383 3922 3556 3987 veris-

648 4012 806 4075 sime
854 4035 1159 4097 usurpare
1216 4014 1401 4078 liceat
1446 4014 1606 4078 illud
1657 4012 1982 4078 Vincentii
2029 4013 2428 4098 Lyrinensis:
2477 4016 2660 4095 Quod
2682 4035 2917 4087 omncs,
2945 4016 3112 4098 quod
3135 4015 3385 4100 ubique,
3416 4007 3558 4100 quod

649 4121 907 4184 semper.
944 4100 1119 4165 Haec
1143 4102 1461 4167 antitheta
1486 4108 1701 4168 autem
1733 4104 1821 4167 sic
1846 4104 2048 4186 accipi
2071 4104 2363 4167 volumus
2391 4126 2514 4166 non
2548 4105 2729 4185 quasi
2754 4103 3026 4166 alterum
3052 4104 3413 4167 membrum
3437 4122 3554 4165 sus-

649 4210 771 4271 que
819 4190 1019 4272 deque
1068 4191 1450 4256 habeamus:
1512 4193 1621 4256 sed
1674 4196 1929 4256 tantum
1976 4196 2048 4255 ut
2095 4192 2501 4256 ostendamus
2538 4192 2629 4275 pii
2655 4192 2921 4274 alicujus
2943 4191 3320 4274 praesertim
3345 4191 3554 4255 idiotae

647 4278 890 4342 sincera
938 4279 1326 4363 professione
1374 4280 1538 4345 circa
1585 4287 1818 4355 πρεῖπον
1869 4280 1914 4344 8ι
1961 4281 2250 4345 absolute
2307 4280 2783 4345 fundamentale
2835 4284 3004 4343 recte
3047 4303 3112 4343 se
3139 4280 3438 4359 habente,
3460 4296 3556 4425 ΒΞ·

3404 4388 3496 4451 Jus

718 4498 759 4563 ¹)
792 4496 945 4563 Resp.
982 4498 1160 4548 Pmao
1193 4498 1458 4549 JOEANNIS
1494 4498 1795 4549 SAAnwae'r
1828 4498 2349 4549 Amstelredamensi.
2399 4498 2482 4549 Ad
2516 4499 2679 4549 diem.
2712 4496 2795 4548 16.
2831 4494 2884 4561 ἅ·
2919 4494 3000 4548 23.
3037 4498 3294 4548 Febr-aar.
3329 4494 3467 4548 1639.
